4028 6190
400 296 502 348 695

489 414 616 470 CAP.
651 413 842 471 CVIII.
871 442 940 452 —
968 414 1048 469 Ne
1078 413 1152 467 ad
1178 414 1500 482 nuptiarum
1537 419 1788 469 ornatum
1817 407 2008 470 divina

910 487 1217 538 ministeria
1241 490 1587 552 praestentur.

477 575 585 638 (Ea:
638 573 840 640 eodem,
886 588 1004 641 cap.
1057 573 1132 642 8.)
1181 573 1261 626 Ne
1309 572 1378 626 ad
1445 573 1781 642 nuptiarum
1833 581 2100 629 ornatum

404 661 722 714 ministeria
773 660 966 714 divina
1015 665 1380 730 praestentur,
1423 665 1478 714 et
1506 661 1643 714 dum
1701 660 2095 732 improborum

399 755 555 803 tactu
583 751 670 801 vel
720 764 936 819 pompa
974 748 1262 801 saecularis
1314 749 1558 802 luxuriae
1619 750 1968 819 polluantur,
2026 753 2098 807 ad

401 837 589 892 ofﬁcia
620 836 764 890 sacri
795 835 1052 905 mysterii
1077 835 1377 889 videantur
1408 837 1667 908 indigna.

401 925 526 980 CAP.
559 926 696 982 CIX.
734 954 804 963 —
838 926 903 978 Ut
958 924 1198 978 Ecclesia
1266 926 1516 979 saculari
1575 924 1821 994 potentia
1880 929 2100 981 minime

1070 995 1424 1062 pervadatur.

471 1083 579 1154 (Ea:
626 1084 812 1136 concil.
871 1085 1125 1150 apostot.,
1167 1097 1288 1151 cap.
1350 1085 1464 1152 31.)
1523 1083 1581 1138 Si
1612 1083 1741 1154 quis
1795 1084 2100 1155 episcopus

397 1172 766 1225 saecularibus
814 1172 1196 1242 potestatibus
1228 1187 1383 1238 usus,
1443 1172 1746 1225 Ecclesiam
1796 1189 1900 1242 per
1946 1174 2099 1244 ipsas

398 1259 669 1326 obtineat,
721 1259 1062 1329 deponatur,
1107 1264 1158 1312 et
1216 1265 1572 1330 segregetur,
1630 1276 1944 1331 omnesque
1997 1262 2098 1331 qui

398 1347 485 1402 illi
514 1347 961 1402 communicant.

399 1436 527 1491 CAP.
563 1437 661 1490 CX.
695 1466 762 1474 —
810 1438 882 1488 De
946 1435 1280 1503 presbyteris
1351 1436 1448 1501 qui
1497 1435 1763 1488 Ecclesias
1818 1449 1946 1489 suas
1995 1451 2098 1504 per

930 1509 1167 1573 pretium
1193 1508 1564 1572 acquisierint.

475 1597 578 1661 (Ea:
643 1595 829 1647 concil.
896 1593 1183 1658 Mogunti,
1239 1608 1359 1660 cap.
1424 1592 1499 1661 5.)
1566 1591 1902 1662 Quicunque
1961 1608 2092 1662 pre-

1483 293 1891 350 BURCHARDI
1928 293 2465 355 WORMACIENSIS
2505 300 2836 357 EPISCOPI.
3761 317 3849 369 696

2120 422 2168 475 A

2606 423 2732 478 CAP.
2769 424 2970 480 CXVII.
3007 455 3074 464 —
3111 428 3183 479 De
3207 425 3391 480 eadem
3412 443 3484 480 re.

2281 515 2389 577 (Ere
2418 513 2606 567 concil.
2656 514 2872 578 Aurel.,
2911 529 3029 582 cap.
3093 515 3199 582 IO.)
3236 516 3306 568 Ut
3360 517 3545 570 nullus
3591 519 3848 591 presbyter

2209 599 2281 653 ad
2311 601 2609 654 introitum
2650 602 2910 655 Ecclesiae
2940 603 3107 656 xenia
3138 604 3330 657 donet.

2210 690 2338 744 CAP.
2394 690 2622 743 CXVIII.
2679 719 2747 730 -—
2815 693 2886 744 De
2958 692 3284 758 presbyteris
3360 693 3497 746 nihil
3576 694 3854 751 habentibus

2761 762 2975 828 quando
3001 763 3348 816 ordinantur.

2279 830 2387 899 (Ea:
2431 832 2619 886 concil.
2680 833 2950 898 It/mrnsi,
3004 849 3123 902 cap.
3180 836 3256 895 6.)
3331 835 3769 904 Investigandum
3817 839 3854 892 si

2206 919 2351 972 nihil
2380 919 2712 988 patrimonii
2742 922 2956 973 habeas
2994 921 3299 992 presbyter
3337 923 3562 992 quando
3599 929 3855 993 provectus

2207 1011 2292 1060 est
2321 1007 2389 1060 ad
2417 1008 2677 1061 ordinem
2703 1008 3164 1076 ecclesiasticum,
3193 1015 3384 1079 postea
3417 1012 3613 1065 emerit
3652 1016 3854 1082 praedia,

2206 1095 2369 1165 cujus
2394 1097 2540 1167 juris
2569 1098 2702 1162 sint,
2726 1098 2998 1168 quoniam
3031 1099 3288 1152 Ecclesiae
3320 1100 3389 1152 ad
3425 1116 3590 1170 quam
3633 1101 3696 1154 de
3739 1103 3855 1156 nihil

2206 1184 2450 1238 habente
2481 1191 2779 1255 promotus
2817 1191 2902 1240 est
2936 1203 3056 1241 esse
3095 1187 3326 1255 debent,
3365 1189 3529 1258 juxta
3567 1191 3854 1244 canonicam

2206 1274 2625 1328 auctoritatem.

2632 1345 2760 1399 CAP.
2796 1345 2962 1400 CXIX.
3001 1374 3073 1386 —
3095 1349 3166 1399 De
3196 1347 3377 1400 eadem
3397 1363 3472 1401 re.

2279 1435 2383 1502 (Ea:
2441 1435 2627 1487 concil.
2707 1436 2998 1498 Arausico,
3063 1451 3182 1503 cap.
3234 1437 3340 1503 54.)
3401 1435 3692 1506 Presbyter
3751 1452 3853 1490 cum

2204 1521 2492 1575 dioecesim
2551 1527 2723 1580 tenet,
2777 1522 2844 1575 de
2901 1523 2992 1576 his
3053 1540 3179 1592 quae
3237 1524 3461 1589 emerit,
3521 1525 3588 1577 ad
3641 1526 3854 1578 Ecclesia

2205 1626 2416 1662 nomen
2470 1611 2811 1679 scripturam
2853 1611 3040 1676 faciat,
3099 1618 3195 1665 aut
3247 1613 3316 1665 ab
3349 1614 3474 1683 ejus
3522 1629 3686 1683 quam
3733 1618 3855 1667 tenet

397 1681 591 1751 sbyter
618 1697 721 1750 per
777 1682 1025 1750 pretium
1082 1681 1375 1733 ecclesiam
1425 1680 1596 1732 fuerit
1639 1681 1898 1749 adeptus,
1949 1697 2091 1751 quo-
2126 1705 2165 1758 Β
2206 1697 2468 1750 Ecclesia3
2501 1697 2860 1751 ordinatione
2908 1699 3178 1754 discedat.

400 1769 558 1822 niam
585 1775 780 1822 contra
820 1768 1224 1822 Ecclesiasticae
1268 1769 1478 1838 regulae
1517 1768 1880 1838 disciplinam
1921 1785 2091 1837 agere

395 1857 770 1926 dignoscitur,
821 1863 875 1910 et
914 1857 1013 1927 qui
1053 1857 1228 1909 alium
1272 1857 1671 1926 presbyterum
1715 1856 1971 1926 legitime
2023 1856 2090 1910 ad

398 1945 703 2000 Ecclesiam
743 1946 1072 1998 ordinatum
1112 1961 1214 2014 per
1235 1946 1543 2014 pecuniam
1585 1946 1885 2014 expulerit,
1931 1961 2090 1998 eam-

403 2050 514 2105 que
553 2033 660 2086 sibi
701 2034 892 2087 taliter
934 2033 1322 2098 vindicaverit,
1365 2033 1712 2086 omnimodis
1750 2033 2088 2103 deponatur.

402 2122 526 2176 CAP.
566 2121 692 2175 CXI.
722 2150 790 2162 —-
825 2123 890 2175 Ut
937 2121 1118 2174 nullus
1176 2123 1346 2175 laicus
1399 2122 1466 2174 ab
1525 2122 1776 2175 Ecclesia
1828 2137 1930 2174 sua
1964 2137 2093 2190 pre-

834 2193 1109 2262 sbyterum
1138 2195 1324 2261 ejicere
1339 2197 1656 2260 prazsumat.

467 2279 576 2350 (Ea:
602 2279 804 2346 eodem,
857 2296 980 2349 cap.
1022 2279 1136 2349 29.)
1170 2281 1238 2332 Ut
1267 2279 1394 2333 laici
1425 2281 1788 2350 presbyteros
1828 2296 1944 2332 non
1989 2279 2091 2350 eji-

398 2367 551 2421 ciant
582 2368 650 2420 de
687 2368 966 2432 Ecclesiis,
1000 2383 1187 2437 neque
1227 2367 1579 2420 constituant
1632 2368 1755 2421 sine
1812 2384 2094 2422 consensu

334 2506 342 2512 .
399 2456 801 2526 episcoporum
842 2471 1096 2509 suorum.

403 2544 530 2598 CAP.
569 2544 721 2598 CXII.
781 2574 850 2583 —
880 2546 1010 2597 Item
1037 2544 1102 2598 de
1166 2544 1278 2681 illis
1328 2545 1424 2668 qui
1448 2544 1782 2614 presbyteris
1830 2545 2096 2598 Ecclesias

1101 2629 1172 2667 au
1203 2630 1332 2668 erun
1370 2654 1382 2667 .

1101 2629 1205 2668 aur
1203 2629 1359 2668 erunt
1370 2654 1382 2667 .

474 2701 583 2773 (Em
613 2702 822 2756 conciti.
866 2702 1151 2769 Cabillon.,
1184 2719 1303 2772 cap.
1337 2704 1452 2770 42.)
1491 2702 1793 2758 Inventum
1825 2707 1911 2757 est
1942 2703 2096 2774 quod

396 2791 564 2846 multi
597 2789 824 2844 arbitrii
871 2790 959 2843 sui
1015 2791 1358 2856 temeritate,
1410 2795 1466 2844 et
1515 2792 1670 2862 quod
1722 2797 1808 2845 est
1870 2792 2097 2862 gravius

396 2879 554 2932 ducti
585 2879 918 2949 cupiditate,
950 2880 1298 2949 presbyteris
1330 2879 1683 2950 quibuslibet
1709 2880 1924 2950 absque
1957 2897 2093 2933 con-

401 2983 572 3020 sensu
600 2967 999 3036 episcoporum
1033 2967 1303 3020 Ecclesias
1325 2968 1462 3021 dant
1495 2969 1581 3022 vel
1614 2969 1897 3022 auferunt.
1933 2969 2092 3022 Unde
2127 2976 2166 3031 C

398 3059 626 3124 oportet
657 3060 719 3108 ut
768 3056 1043 3108 canonica
1092 3058 1291 3125 regula
1337 3061 1573 3121 servata,
1626 3057 1820 3110 nullus
1879 3058 2092 3127 absque

399 3159 678 3196 consensu
757 3143 1009 3214 episcopi
1090 3145 1322 3198 cuilibet
1387 3145 1718 3214 presbytero
1789 3145 2093 3200 Ecclesiam

399 3230 510 3285 det.
541 3232 721 3294 Quam
773 3231 818 3284 si
871 3232 1023 3301 juste
1073 3232 1314 3302 adeptus
1371 3232 1560 3301 fuerit,
1618 3233 1763 3286 hanc
1815 3250 1932 3286 non
1981 3233 2093 3286 nisi

397 3320 563 3388 culpa
616 3319 794 3388 gravi,
828 3325 883 3372 et
935 3335 1129 3372 coram
1165 3321 1436 3389 episcopo
1475 3320 1745 3374 canonica
1792 3325 2092 3375 severitate

398 3407 642 3459 amittat.

399 3513 526 3567 CAP.
556 3512 736 3566 CXIII.
771 3543 838 3551 —
874 3514 941 3566 Ut
963 3511 1406 3586 nullusatiquod
1435 3528 1629 3567 munus
1661 3519 1885 3586 prepter
1920 3517 2096 3571 Eccle-

820 3586 959 3636 siam
985 3599 1019 3635 a
1044 3584 1358 3654 prebsytero
1399 3587 1664 3652 requirat.

468 3671 584 3740 (Ea:
650 3673 835 3726 concil.
897 3673 1163 3738 Mogunt.,
1197 3687 1319 3742 cap.
1361 3674 1474 3743 30.)
1538 3674 1608 3728 Ut
1637 3675 1828 3727 nullus
1860 3675 2096 3729 omnino

398 3776 638 3814 munera
677 3761 869 3830 exigat
910 3778 940 3813 a
977 3761 1343 3832 presbyteris,
1378 3767 1614 3833 propter
1643 3763 2096 3818 commendatio-

399 3864 531 3902 nem
574 3848 850 3902 Ecclesiae.

756 3953 775 3967 *-
811 3937 938 3990 CAP.
971 3935 1147 3992 CXIV.
1187 3968 1252 3975 -—
1285 3940 1361 3991 De
1390 3937 1572 3990 eadem
1601 3953 1677 3990 re.

464 4025 586 4094 (Ea:
615 4026 800 4077 concil.
833 4025 1185 4092 Rothomag.,
1222 4040 1342 4092 cap.
1377 4026 1450 4091 5.)
1493 4025 1784 4079 Sancitum
1817 4030 1902 4080 est
1926 4033 2096 4100 atque

397 4112 743 4166 omnimodis
791 4111 1144 4180 prohibitum
1195 4118 1260 4165 ut
1289 4111 1335 4165 si
1376 4113 1503 4182 quis
1550 4115 1842 4183 presbyter
1892 4116 2094 4171 inven-

395 4204 484 4253 tus
533 4200 706 4266 fuerit
753 4199 921 4252 alicui
953 4199 1156 4251 clerico
1214 4203 1310 4253 aut
1339 4199 1480 4252 laico
1532 4217 1771 4256 munera
1826 4204 1959 4257 dare
1999 4210 2096 4261 aut

395 4287 637 4347 dedisse,
670 4290 767 4340 aut
797 4286 1046 4356 aliquam
1082 4288 1387 4355 pecuniam
1436 4289 1706 4356 tribuere,
1751 4297 1812 4345 ut
1860 4293 2094 4347 alterius

397 4373 713 4444 presbyteri
777 4374 1080 4427 Ecclesiam
1137 4375 1427 4446 surripiat,
1489 4383 1587 4432 aut
1643 4380 1945 4434 Ecclesiam
1993 4398 2088 4434 va-

396 4466 619 4515 cantem
675 4461 856 4531 pretio
912 4462 1172 4527 redimat,
1234 4479 1338 4534 pro
1368 4465 1474 4518 hac
1513 4466 1818 4536 cupiditate
1869 4484 1970 4522 seu
2009 4485 2094 4522 ra-

396 4549 552 4619 pina,
582 4565 682 4603 seu
713 4551 1163 4622 praesumptione
1189 4554 1371 4624 turpis
1417 4553 1532 4607 luci
1559 4556 1745 4625 gratia
1794 4555 2094 4627 dejiciatur

396 4653 430 4691 a
461 4639 632 4703 clero,
666 4642 723 4692 et
752 4639 974 4693 alienus
1007 4640 1212 4695 existat
1239 4657 1272 4695 a
1302 4643 1518 4712 regula.

397 4742 522 4798 CAP.
554 4743 702 4799 CXV.
730 4775 798 4783 —
856 4747 923 4799 Ut
989 4747 1297 4814 presbyteri
1377 4747 1554 4816 plebes
1653 4749 1977 4804 admoneant
2030 4757 2092 4806 ut

794 4816 1111 4870 linteamina
1140 4819 1333 4871 altaris
1349 4824 1682 4887 praeparent.

465 4901 573 4974 (Ea:
626 4906 813 4959 concil.
872 4907 1138 4970 Remensi,
1197 4921 1318 4974 cap.
1371 4906 1448 4975 4.)
1506 4909 1573 4961 Ut
1622 4891 1938 4979 presbyteri
1986 4925 2090 4978 per

391 4991 585 5061 plebes
636 5008 765 5045 suas
831 4992 1062 5046 feminis
1123 4993 1455 5064 praedicent,
1517 4999 1578 5048 ut
1635 4995 1974 5052 linteamina
2027 4998 2088 5051 in

393 5079 596 5134 altaria
634 5085 983 5150 praeparent.

392 5184 520 5238 CAP.
550 5184 722 5260 CXVI.
744 5215 824 5260 _-_-
859 5187 925 5239 Ut
952 5188 1192 5260 episcopi
1233 5187 1570 5260 praevideant
1621 5190 1758 5256 quid
1781 5191 2090 5260 presbyteri

605 5255 839 5311 dominis
870 5259 983 5310 suis
1013 5273 1112 5325 pro
1128 5255 1396 5312 ’Ecclesiis
1421 5262 1598 5325 facere
1627 5255 1873 5316 debeant.

464 5344 569 5411 (Ea:
601 5346 787 5399 concil.
853 5347 1189 5412 Arelatensi,
1233 5361 1354 5415 cap.
1408 5348 1482 5416 3.)
1518 5349 1584 5402 Ut
1641 5349 1893 5420 episcopi
1936 5367 2085 5422 prae-

391 5429 620 5487 videant
684 5449 859 5504 quem
930 5433 1211 5490 honorem
1263 5435 1586 5507 presbyteri
1661 5453 1765 5508 pro
1825 5438 2085 5493 Ecclesiis

393 5519 512 5574 suis
539 5520 725 5577 facere
755 5523 1017 5578 debeant.

2632 1787 2756 1842 CAP.
2795 1789 2942 1840 CXX.
2970 1817 3039 1826 -—-
3078 1791 3152 1842 De
3181 1788 3370 1844 eadem
3397 1804 3477 1842 re.

2277 1876 2387 1942 (Ea:
2441 1876 2625 1928 concil.
2689 1877 2965 1944 Carthag.,
3022 1892 3139 1945 cap.
3198 1879 3314 1946 47.)
3372 1877 3591 1931 Placuit
3646 1883 3702 1931 ut
3757 1878 3854 1948 epi-

2203 1963 2379 2034 scopi,
2412 1963 2751 2033 presbyteri,
2785 1964 3028 2030 diaconi,
3066 1965 3154 2018 vel
3187 1965 3521 2036 quicunque
3552 1967 3744 2028 clerici,
3779 1968 3854 2036 qui

2201 2051 2347 2105 nihil
2379 2051 2651 2105 habentes
2696 2053 3052 2120 ordinantur,
3112 2057 3169 2106 et
3218 2059 3480 2124 tempore
3545 2054 3855 2124 episcopatus

2202 2141 2294 2193 vel
2321 2140 2616 2194 clericatus
2662 2141 2770 2207 sui,
2810 2158 2976 2210 agros
3023 2143 3107 2194 vel
3149 2158 3514 2213 quaecunque
3544 2143 3742 2213 prazdia
3778 2157 3854 2194 suo

2203 2227 2428 2281 nomini
2481 2235 2838 2298 comparant,
2898 2233 3170 2300 tanquam
3227 2246 3421 2284 rerum
3487 2231 3855 2284 dominicarum

2201 2315 2513 2369 invasionis
2551 2317 2791 2370 crimine
2824 2323 3127 2371 teneantur
3155 2318 3410 2384 obnoxii,
3466 2319 3575 2372 nisi
3605 2320 3671 2372 ad
3711 2320 3856 2372 Eccle-

2205 2404 2349 2458 siam
2378 2405 2448 2458 ad
2479 2422 2652 2475 quam
2683 2406 2895 2459 titulati
2922 2413 3074 2471 sunt,
3107 2407 3308 2460 eadem
3360 2407 3490 2477 ipsa
3536 2406 3856 2460 contulerint.

2204 2493 2260 2547 Si
2292 2500 2482 2548 autem
2515 2495 2654 2563 ipsis
2679 2495 2913 2564 propria
2947 2493 3290 2548 liberalitate
3321 2496 3584 2565 alicujus,
3638 2495 3716 2548 vel
3759 2509 3859 2546 suc-

2205 2583 2456 2636 cessione
2515 2582 2874 2652 cognationis
2932 2583 3146 2654 aliquid
3210 2584 3455 2649 venerit,
3512 2583 3709 2638 faciant
3755 2582 3862 2635 inde

2206 2671 2361 2742 quod
2392 2671 2590 2725 velint.

2634 2741 2760 2796 CAP.
2783 2742 2950 2796 CXXI.
2987 2773 3054 2783 —
3084 2745 3157 2796 De
3181 2742 3365 2797 eadem
3396 2759 3478 2796 re.
3984 2763 3985 2822 χ

2279 2830 2400 2900 (Ea:
2452 2829 2630 2884 eodem
2679 2846 2799 2899 cap.
2858 2830 2966 2898 48.)
3027 2832 3097 2885 Ut
3147 2832 3545 2902 unusquisque
3605 2830 3865 2901 presbyter

2208 2933 2297 2970 res
2327 2933 2467 2987 quas
2525 2922 2650 2987 post
2691 2917 2842 2971 diem
2888 2920 3328 2974 consecrationis
3385 2920 3730 2991 acquisierit,
3759 2935 3864 2988 pru-

2206 3007 2347 3075 prite
2377 3006 2632 3060 Ecclesiae
2656 3007 2962 3076 relinquat.

2624 3097 2751 3150 CAP.
2787 3097 2988 3152 CXXII.
3021 3127 3086 3136 —
3121 3100 3194 3151 De
3217 3098 3399 3151 eadem
3429 3114 3492 3151 re

2278 3187 2389 3254 (Ea:
2457 3182 2640 3238 concil.
2733 3186 3026 3256 Toletano.)
3103 3187 3406 3252 Craterum,
3488 3185 3766 3258 presbyter
3829 3183 3864 3235 si

2205 3278 2330 3342 post
2387 3273 2805 3327 ordinationem
2862 3273 3075 3343 aliquid
3115 3275 3466 3345 acquisierit,
3518 3275 3658 3328 illud
3704 3275 3862 3326 obser-

2203 3360 2453 3414 vandum
2481 3366 2582 3428 est,
2625 3361 2778 3432 quod
2810 3363 2870 3415 in
2925 3363 3242 3417 canonibus
3275 3364 3342 3416 de
3371 3362 3711 3416 consecratis
3751 3358 3866 3413 nihil

2203 3449 2546 3503 habentibus
2576 3450 2947 3504 constitutum
2980 3457 3082 3505 est.

2206 3537 2336 3592 CAP.
2391 3539 2616 3593 CXXIII.
2650 3569 2717 3578 ——
2751 3541 2822 3592 De
2870 3540 3203 3608 presbyteris
3248 3543 3343 3608 qui
3383 3556 3455 3593 ea:
3507 3539 3755 3593 reditibus
3782 3536 3862 3589 Ec-

2275 3628 2448 3680 clesia
2476 3628 2584 3680 sibi
2609 3641 2692 3680 res
2728 3631 3179 3696 comparaverant,
3211 3635 3262 3682 et
3288 3633 3594 3683 structuras
3632 3629 3705 3680 ibi
3745 3627 3864 3692 fece-

2276 3716 2411 3778 rint,
2442 3718 2492 3766 et
2515 3716 2765 3769 mulieres
2782 3715 2861 3768 ibi
2881 3718 3180 3784 posuerint.

2279 3802 2388 3874 (Ea:
2452 3805 2638 3858 concil.
2690 3804 2961 3870 Remensi,
3027 3821 3149 3872 cap.
3218 3803 3320 3873 lo.)
3374 3803 3780 3874 Inquirendum
3828 3797 3861 3850 si

2207 3890 2418 3961 aliquis
2445 3891 2910 3962 presbyterorum
2928 3893 2997 3946 dc
3025 3893 3304 3947 reditibus
3325 3894 3606 3958 Ecclesiae,
3627 3891 3708 3944 vel
3737 3887 3859 3942 obla-

2205 3979 2460 4033 tionibus
2499 3996 2561 4033 ac
2601 3980 2740 4032 votis
2773 3981 3030 4035 ﬁdelium
3063 3981 3175 4035 alio
3207 3981 3439 4035 nomine
3483 3998 3572 4034 res
3607 3991 3861 4048 compara-

2205 4069 2368 4129 verit,
2401 4073 2458 4121 et
2480 4067 2560 4122 ibi
2589 4073 2900 4123 structuras
2936 4070 3149 4136 fecerit,
3181 4072 3266 4124 vel
3303 4087 3434 4141 quin
3476 4070 3549 4124 ad
3597 4065 3858 4123 Ecclesiam

2206 4157 2520 4225 pertinent,
2540 4157 2754 4211 ibidem
2776 4159 3156 4225 collocaverit,
3189 4162 3245 4212 et
3275 4159 3586 4212 mulierum
3632 4158 3860 4226 frequen-

2126 4248 2168 4302 D
2207 4245 2483 4297 tationem
2514 4244 2654 4298 inibi
2684 4245 2809 4298 ﬁeri
2846 4245 3195 4314 permiserit,
3225 4245 3310 4299 vel
3341 4245 3498 4315 quod
3545 4243 3754 4313 turpius
3779 4247 3857 4301 est,

2204 4331 2346 4383 tales
2367 4329 2634 4384 mulieres
2664 4329 2878 4384 ibidem
2909 4331 3197 4398 habuerit,
3234 4347 3360 4402 quae
3388 4332 3701 4385 laniﬁcium
3723 4339 3859 4380 suum

2202 4423 2521 4485 exerceant,
2555 4423 2609 4472 et
2647 4435 2843 4473 curam
2872 4420 3077 4473 domus
3118 4425 3312 4490 agant,
3349 4424 3405 4497 et
3429 4420 3491 4473 in
3539 4419 3728 4473 eadem
3751 4416 3862 4485 lpre-

2201 4507 2394 4577 sbyter
2412 4507 2742 4577 frequenter
2771 4508 3004 4561 veniens
3035 4509 3331 4574 manserit,
3363 4515 3421 4562 et
3448 4513 3644 4563 contra
3670 4507 3862 4560 decreta

2199 4609 2467 4647 canonun
2500 4595 2609 4648 hoc
2661 4596 2876 4649 malum
2931 4602 3096 4666 agat;
3144 4596 3281 4668 quia
3308 4597 3453 4650 sicut
3510 4613 3613 4650 nec
3658 4611 3772 4656 suo,
3800 4593 3863 4643 ita

2201 4698 2305 4736 nec
2347 4682 2532 4736 alieno
2563 4683 2799 4736 nomine
2852 4685 3150 4754 presbyter
3195 4685 3360 4739 fenus
3414 4700 3673 4739 exercere
3701 4681 3860 4742 debet,

2198 4773 2380 4825 multo
2429 4772 2620 4825 minus
2663 4772 2926 4826 fraudem
2948 4772 3131 4826 facere
3171 4773 3242 4827 de
3302 4773 3662 4828 facultatibus
3717 4769 3862 4822 eccle-

2197 4859 2456 4928 siasticis,
2489 4859 2762 4930 quoniam
2792 4859 2902 4914 hoc
2957 4861 3322 4931 sacrilegium
3381 4868 3486 4927 est,
3551 4867 3606 4914 et
3643 4874 3735 4930 par
3770 4853 3858 4908 crio

2198 4961 2331 4999 men
2357 4947 2516 5001 Iudae
2557 4946 2701 5000 furis
2753 4947 2853 5018 qui
2902 4962 3088 5000 sacras
3117 4948 3434 5002 oblationes
3480 4944 3792 5018 asportabat
3815 4943 3861 4992 et

2195 5033 2516 5089 iurabatur.

2196 5121 2322 5177 CAP.
2359 5123 2575 5178 CXXIV.
2621 5151 2688 5163 --
2738 5125 2814 5178 De
2862 5123 3245 5179 consuetudine
3288 5124 3578 5190 servanda,
3628 5136 3738 5194 qua
3770 5130 3856 5172 non

2793 5200 2871 5248 est
2901 5199 3084 5267 cont‘a
3110 5194 3320 5267 ﬁdem.)
3601 5264 3640 5267 μ
3683 5263 3693 5267 ,
3761 5259 3770 5267 .

2267 5263 2383 5333 (Εω
2411 5265 2570 5334 epist.
2606 5266 2694 5319 Pii
2715 5266 2926 5335 papas.)
2956 5263 3182 5319 Petistis
3233 5265 3386 5320 enim
3439 5280 3544 5336 per
3600 5263 3852 5332 Hylarium

2194 5351 2607 5406 chartularium
2639 5358 2922 5420 nostrum,
2963 5370 2996 5406 a
3035 5354 3216 5407 beatas
3271 5353 3560 5407 memoria:
3595 5352 3854 5406 decessore

2195 5446 2412 5507 nostro,
2455 5445 2520 5495 ut
2562 5457 2764 5496 omnes
2794 5441 2950 5496 vobis
2990 5446 3140 5496 retro
3172 5447 3496 5511 temporum
3526 5432 3852 5494 consuetudi-

2192 5545 2294 5583 nes
2353 5534 2740 5598 servarentur,
2800 5545 2930 5602 quas
2986 5546 3017 5584 a
3069 5530 3222 5585 beati
3278 5529 3427 5587 Petri
3495 5526 3852 5600 apostolorum
