3976 6194
140 328 247 379 697

1124 314 1598 372 DECRETORUM
1640 314 1826 369 LIBRI
1864 313 1975 370 XX.
2009 341 2076 353 -—
2117 311 2324 366 LIBER
2361 307 2677 365 TERTIUS.

3546 305 3649 356 698

138 447 422 521 principis
495 443 926 499 ordinationum
994 439 1178 495 initiis
1261 441 1537 493 hactenus
1598 441 1846 492 vetustas
1874 439 1920 491 Α
1959 438 2088 492 CAP.
2146 433 2383 490 CXXVII.
2441 461 2511 472 ——
2554 433 2708 521 Item
2866 426 3341 521 consuetudinibus
3401 425 3648 479 ecclesia-

141 540 316 606 longa
367 534 625 589 servavit.
683 532 748 585 Et
809 546 912 583 nos
968 528 1202 599 quidem
1252 527 1415 597 juxta
1469 527 1675 579 seriem
1707 526 1846 578 rela-

137 627 318 679 tionis
399 627 610 678 nostra:
714 617 1189 672 consuetudinem
1293 615 1615 680 laudamus,
1717 629 1846 683 quas

141 721 337 767 tamen
412 715 610 765 contra
693 708 865 761 ﬁdem
930 705 1266 759 catholicam
1340 702 1487 756 nihil
1572 717 1847 772 usurpare

144 801 485 854 dinoscitur.

141 892 276 944 CAP.
339 889 524 943 CXXV.
569 915 641 927 —
700 887 766 939 Ut
807 883 1166 936 ecclesiastica
1209 883 1418 934 statuta
1475 879 1542 931 ab
1591 879 1848 946 apostolis

211 967 264 1014 et
291 961 516 1026 reliquis
562 957 847 1024 magistris
905 955 1153 1008 Ecclesia
1207 951 1416 1004 tradita
1471 954 1682 1017 integra
1735 964 1848 1002 ser-

214 1038 501 1167 ξὲἰαξῑέιέον.
532 1098 838 1152 Innocentii
860 1110 1039 1163 papa,
1071 1109 1190 1162 cap.
1238 1094 1315 1162 l.)
1348 1090 1713 1145 Innocentius
1743 1091 1847 1143 De-

143 1190 357 1256 centio,
399 1188 664 1256 episcopo
723 1183 989 1254 Egobino,
1020 1182 1280 1234 salutem.
1316 1180 1373 1234 Si
1400 1179 1659 1233 instituta
1681 1179 1852 1231 eccle-

143 1277 392 1340 siastica,
428 1282 488 1328 ut
519 1279 652 1326 sunt
680 1291 713 1326 a
750 1273 930 1326 beatis
985 1270 1256 1340 apostolis
1323 1268 1552 1333 tradita,
1604 1268 1848 1336 integra,

142 1367 362 1418 vellent
391 1379 614 1417 servare
668 1360 898 1415 Domini
957 1358 1296 1424 sacerdotes,
1336 1356 1492 1409 nulla
1531 1356 1848 1421 diversitas,

145 1456 310 1509 nulla
337 1452 580 1505 varietas
615 1451 672 1503 in
709 1448 848 1520 ipsis
896 1447 1194 1502 ordinibus
1229 1451 1285 1500 et
1327 1444 1852 1499 consecrationibus

144 1543 479 1596 haberetur.
523 1540 633 1594 Sed
668 1539 806 1592 dum
829 1537 1224 1606 unusquisque
1255 1550 1373 1588 non
1404 1533 1558 1604 quod
1577 1533 1852 1586 traditum

144 1637 258 1698 est,
294 1630 390 1683 sed
419 1629 575 1699 quod
614 1627 722 1681 sibi
769 1626 948 1679 visum
1000 1624 1192 1689 fuerit,
1241 1623 1351 1677 hoc
1403 1622 1690 1676 existimat
1733 1637 1852 1674 esse

142 1719 488 1780 tenendum,
521 1717 650 1770 inde
682 1716 903 1768 diversa
931 1715 992 1766 in
1023 1712 1261 1766 diversis
1296 1711 1431 1764 locis
1470 1711 1554 1763 vel
1579 1709 1846 1774 ecclesiis,
1888 1720 1925 1772 Β

146 1813 250 1860 aut
280 1805 485 1870 teneri,
547 1810 644 1858 aut
699 1801 974 1856 celebrari
1025 1802 1331 1854 videntur:
1392 1815 1456 1852 ac
1509 1798 1574 1851 ﬁt
1630 1798 1858 1851 scanda-

144 1896 269 1948 lum
305 1892 532 1964 populis
563 1891 684 1962 qui,
721 1891 858 1943 dum
888 1889 1152 1942 nesciunt
1200 1886 1541 1940 traditiones
1593 1886 1856 1956 antiquas

144 1985 409 2036 humana
455 1979 902 2050 praesumptione
957 1981 1270 2045 correptas,
1325 1980 1530 2046 putant
1587 1974 1696 2028 sibi
1753 1979 1852 2027 aut

147 2072 425 2125 Ecclesias
456 2086 570 2123 non
591 2067 917 2133 convenire,
963 2070 1061 2119 aut
1100 2065 1167 2118 ab
1211 2064 1490 2134 apostolis
1509 2063 1596 2117 vel
1626 2069 1856 2132 aposto-

145 2159 366 2213 stoticis
421 2157 555 2211 viris
610 2156 1076 2210 contrarietatem
1133 2153 1449 2207 inductam.
1510 2152 1647 2214 Quis
1704 2151 1858 2206 enim

145 2248 370 2303 nesciat
394 2252 492 2300 aut
531 2262 646 2298 non
678 2245 937 2298 advertat
966 2243 1020 2296 id
1080 2242 1231 2312 quod
1265 2260 1297 2295 a
1332 2241 1590 2311 principe
1631 2246 1858 2310 aposto-

149 2338 346 2391 lorum
412 2337 576 2388 Petro
641 2334 916 2386 Romana:
987 2329 1248 2384 Ecclesiae
1306 2330 1580 2383 traditum
1639 2334 1741 2391 est,
1797 2343 1861 2381 ac

148 2441 309 2478 nunc
332 2438 512 2493 usque
565 2421 900 2485 custoditur,
936 2419 1005 2472 ab
1050 2417 1316 2471 omnibus
1367 2417 1574 2470 debere
1621 2416 1856 2478 servari,

151 2529 259 2566 nec
287 2510 591 2580 superduci
621 2515 720 2562 aut
749 2506 1032 2561 introduci
1063 2505 1303 2574 aliquid,
1351 2506 1506 2575 quod
1537 2511 1636 2558 aut
1665 2511 1859 2557 aucto-

150 2601 384 2652 ritatem
445 2613 562 2650 non
601 2596 827 2656 habeat,
862 2600 961 2648 aut
1012 2594 1245 2646 aliunde
1297 2594 1551 2663 accipere
1601 2593 1862 2646 videatur

153 2687 509 2756 exemplum,
537 2685 851 2755 praesertim
873 2699 1002 2736 cum
1035 2683 1109 2735 sit
1134 2682 1505 2735 manifestum
1536 2681 1596 2734 in
1627 2696 1859 2734 omnem

151 2777 398 2840 Italiam,
447 2773 672 2840 Gallias,
737 2771 1058 2841 Hispanias,
1108 2770 1357 2823 Africam
1402 2774 1571 2839 atque
1610 2769 1860 2823 Siciliam

157 2865 496 2933 insulasque
548 2861 972 2931 interjacentes,
1032 2859 1256 2912 nullum
1310 2858 1624 2912 instituisse
1681 2858 1863 2910 Eccle-

155 2953 290 3018 sias,
324 2951 434 3004 nisi
473 2967 570 3004 eos
621 2966 766 3020 quos
801 2948 1133 3001 venerabilis
1185 2946 1476 3016 apostolus
1508 2948 1731 3012 Petrus,
1761 2950 1859 2999 aut

152 3042 283 3110 ejus
343 3054 692 3093 successores
739 3037 1163 3090 constituerunt
1206 3034 1580 3090 sacerdotes?
1625 3037 1738 3088 Aut
1781 3036 1858 3087 le-

152 3134 318 3198 gant,
371 3128 416 3181 si
469 3128 529 3180 in
559 3127 647 3180 bis
690 3125 997 3196 provinciis
1028 3125 1174 3177 alius
1223 3125 1615 3194 apostolorum
1647 3123 1862 3177 inveni-

151 3225 252 3270 tur
291 3221 391 3270 aut
445 3215 660 3284 legitur
706 3214 986 3268 docuisse.
1038 3212 1147 3276 Qui
1197 3213 1243 3265 si
1311 3229 1428 3265 non
1476 3213 1694 3282 legunt,
1729 3213 1864 3282 quia

151 3320 448 3374 nusquam
504 3302 822 3374 inveniunt,
895 3305 1120 3371 oportet
1173 3315 1268 3353 eos
1319 3299 1430 3352 hoc
1479 3300 1641 3369 sequi
1707 3299 1862 3370 quod

149 3393 409 3446 Ecclesia
475 3373 760 3446 Romana"
811 3388 1064 3443 custodit
1114 3404 1145 3440 a
1192 3404 1305 3456 qua
1361 3403 1457 3440 eos
1513 3387 1863 3456 principium

153 3481 446 3550 accepisse
469 3497 585 3533 non
617 3479 858 3534 dubium
885 3482 986 3544 est,
1037 3493 1131 3541 ne,
1165 3477 1303 3530 dum
1333 3476 1655 3546 peregrinis
1682 3491 1864 3529 asser-

151 3569 418 3622 tionibus
474 3569 741 3621 studeant
818 3570 990 3635 caput
1061 3564 1492 3618 institutionum
1567 3563 1868 3616 videantur

152 3658 445 3711 omittere.
484 3657 644 3726 Saepe
675 3654 1040 3708 dilectionem
1076 3657 1232 3706 tuam
1265 3653 1334 3706 ad
1371 3652 1573 3705 urbem
1624 3651 1863 3718 venisse,

156 3762 224 3800 ac
266 3745 566 3798 nobiscum
598 3744 657 3797 in
697 3741 932 3797 ecclesia
985 3739 1317 3795 convenisse
1345 3756 1462 3794 non
1513 3740 1753 3794 dubium
1786 3744 1871 3792 est

155 3839 218 3887 et
273 3849 445 3903 quem
467 3847 708 3894 morem,
760 3831 847 3883 vel
898 3829 958 3882 in
987 3829 1386 3883 consecrandis
1445 3827 1752 3898 mysteriis,
1783 3829 1870 3881 vel

155 3923 220 3976 in
274 3921 494 3975 caeteris
543 3919 776 3989 agendis
807 3918 1027 3972 arcanis
1065 3922 1258 3971 teneat
1315 3917 1666 3986 cognovisse.
1711 3915 1869 3980 Quod

158 4011 426 4064 sufﬁcere
457 4009 763 4062 arbitrarer
805 4008 876 4061 ad
931 4006 1394 4060 informationem
1427 4005 1689 4061 Ecclesiae
1733 4009 1866 4069 tuae,

161 4099 252 4152 vel
301 4098 792 4161 reformationem,
828 4097 874 4149 si
922 4111 1295 4166 praecessores
1333 4094 1438 4161 tui,
1496 4097 1650 4164 quod
1684 4094 1870 4146 minus

161 4186 410 4256 aliquid,
443 4191 539 4239 aut
577 4186 744 4238 aliter
791 4183 1084 4238 tenuerint
1133 4183 1268 4236 satis
1320 4185 1538 4236 certum
1600 4182 1868 4236 haberem

161 4274 276 4326 nisi
336 4273 404 4326 de
485 4272 773 4343 aliquibus
828 4271 1206 4325 consulendos
1277 4285 1378 4323 nos
1451 4286 1570 4322 esse
1610 4269 1864 4323 dixisses.
1899 4261 1942 4315 D

157 4362 387 4425 Quibus
442 4360 652 4414 idcirco
718 4359 1134 4429 respondemus
1197 4375 1312 4411 non
1361 4358 1515 4428 quod
1561 4363 1617 4412 te
1679 4358 1870 4428 aliqua

157 4451 434 4519 ignorare
479 4449 800 4516 credamus,
835 4448 932 4502 sed
982 4452 1044 4500 ut
1099 4447 1316 4517 majore
1373 4447 1728 4511 auctoritate,
1785 4446 1868 4499 vel

156 4546 296 4591 tuos
324 4537 611 4605 instituas,
654 4537 742 4590 vel
783 4536 829 4588 si
880 4536 980 4606 qui
1031 4551 1065 4588 a
1095 4537 1368 4589 Romana:
1415 4534 1671 4588 Ecclesia:
1704 4533 1874 4586 insti-

157 4627 484 4680 tutionibus
514 4630 724 4692 errant,
767 4629 866 4679 aut
895 4640 1278 4690 commoneas,
1337 4629 1434 4677 aut
1461 4623 1715 4677 indicare
1760 4637 1873 4675 non

160 4715 422 4778 differas,
456 4722 519 4768 ut
544 4715 686 4768 scire
725 4715 1014 4767 valeamus
1071 4713 1170 4782 qui
1219 4713 1353 4778 sint,
1395 4712 1495 4782 qui
1526 4718 1623 4765 aut
1651 4712 1872 4766 novita-

161 4809 254 4858 tes
277 4803 578 4864 inducunt,
637 4807 736 4856 aut
769 4802 1000 4856 alterius
1063 4802 1322 4854 Ecclesia:
1373 4817 1544 4870 quam
1597 4801 1872 4854 Romana:

158 4892 498 4946 existimant
522 4891 996 4945 consuetudinem
1019 4906 1138 4943 esse
1157 4890 1515 4942 servandam.

163 4982 301 5036 CAP.
383 4981 602 5035 CXXVI.
656 5008 729 5020 —
783 4981 851 5034 Ut
897 4978 1300 5032 consuetudines
1355 4977 1722 5030 ecclesiasticae
1772 4990 1874 5044 pro

758 5051 869 5116 lege
897 5053 1009 5103 sint
1042 5049 1294 5101 tenendas.

244 5121 605 5191 (Augustinus
651 5120 788 5175 dicit
824 5121 899 5174 ad
954 5120 1282 5176 Casulanum
1327 5116 1752 5186 presbyterum.)
1801 5116 1867 5168 In

160 5209 262 5262 his
310 5209 464 5262 enim
497 5207 668 5262 rebus
723 5209 792 5262 de
853 5207 1060 5278 quibus
1108 5206 1253 5259 nihil
1307 5206 1447 5260 certi
1496 5205 1693 5258 statuit
1721 5204 1875 5259 Scri-

161 5303 345 5368 ptura
373 5297 585 5364 divina,
620 5313 741 5351 mos
799 5295 1001 5367 populi
1035 5296 1150 5361 Dei,
1183 5296 1269 5347 vel
1301 5295 1560 5347 instituta
1592 5294 1875 5363 majorum

163 5401 278 5456 pro
331 5386 459 5456 lege
507 5385 757 5440 tenenda
803 5391 957 5451 sunt,
1014 5389 1072 5437 et
1109 5384 1254 5437 sicut
1293 5383 1758 5453 praevaricatores
1795 5381 1874 5434 le-

161 5490 313 5544 gum
379 5474 726 5540 divinarum,
776 5473 857 5527 ita
907 5478 1328 5540 contemptores
1398 5471 1877 5525 consuetudinum

159 5562 693 5618 ecclesiasticarum
722 5561 1018 5617 coercendi
1042 5565 1194 5617 sunt.

2523 505 2675 557 sticis
2717 500 3084 555 observandis.

2030 597 2150 665 (Ea:
2179 595 2340 648 dictis
2373 593 2588 657 Basilii,
2612 607 2730 658 cap.
2760 589 2872 658 27.)
2894 586 3407 642 Ecclesiasticarum
3433 582 3654 638 institu-

1960 687 2178 740 tionum
2207 682 2650 736 consuetudines
2680 678 2955 749 quasdam
2998 675 3324 744 Scripturis,
3375 671 3653 741 quasdam

1959 791 2090 828 vero
2112 771 2415 843 apostolica
2439 768 2746 822 traditione
2783 782 2886 836 per
2939 763 3318 817 successiones
3352 761 3409 813 in
3440 764 3649 828 myste-

1959 863 2044 918 rio
2101 862 2462 914 conlirmatas
2515 857 2855 926 accepimus.
2921 853 3129 922 quibus
3190 866 3292 919 par
3348 850 3548 912 virtus,
3598 851 3655 899 et

1959 950 2114 1004 idem
2184 949 2439 1017 utrisque
2498 944 2722 1015 pietatis
2778 942 3010 996 effectus
3084 940 3224 1009 quin
3281 939 3372 998 sit,
3443 940 3653 1006 quotus

1961 1039 2203 1110 quisque
2259 1037 2347 1089 vel
2414 1035 2838 1104 aliquantulum
2892 1044 3178 1083 sacrarum
3221 1031 3488 1094 expertus
3530 1024 3651 1077 Sci-

1960 1133 2257 1199 pturarum
2296 1122 2684 1177 haesitaverit?
2730 1121 2787 1173 Si
2818 1120 2971 1173 enim
3011 1114 3478 1169 attentaverimus
3529 1127 3656 1164 con-

1961 1217 2295 1269 suetudines
2348 1210 2630 1274 Ecclesiae,
2668 1225 2785 1261 non
2815 1224 2915 1277 per
2964 1206 3283 1274 Scripturas
3333 1219 3364 1254 a
3398 1200 3657 1254 Patribus

1961 1305 2197 1360 traditas
2223 1301 2387 1356 nihili
2415 1299 2718 1362 aestimare,
2747 1301 3026 1367 quantum
3073 1293 3270 1362 religio
3329 1288 3657 1344 detrimenti

1964 1395 2147 1446 latura
2167 1391 2239 1444 sit
2271 1387 2715 1458 despicientibus
2746 1384 2965 1454 liquido
2995 1380 3295 1435 constabit.
3321 1381 3452 1442 Quae
3477 1377 3654 1444 enim,

1962 1487 2028 1535 ut
2055 1479 2189 1534 inde
2221 1477 2539 1539 ordiamur,
2566 1473 2859 1543 Scriptura
2885 1470 3186 1524 salutiferae
3239 1468 3422 1520 crucis
3469 1466 3660 1534 signa-

1963 1570 2089 1623 culo
2139 1567 2334 1621 ﬁdeles
2379 1563 2571 1618 docuit
2625 1560 2939 1630 insigniri?
2968 1559 3105 1621 Quae
3164 1553 3539 1608 multifariam
3571 1553 3657 1606 di-

1964 1663 2124 1727 gesta
2163 1671 2335 1725 super
2361 1668 2568 1722 panem
2627 1655 2685 1703 et.
2734 1650 2963 1701 calicem
3007 1646 3243 1715 prolixae
3296 1641 3572 1695 orationis
3606 1645 3662 1692 et

1966 1742 2408 1800 consecrationis
2457 1740 2632 1793 verba
2661 1733 3114 1790 commendavit?
3162 1734 3303 1785 Nam
3334 1746 3452 1782 non
3491 1728 3660 1782 modo

1965 1834 2114 1905 quod
2150 1833 2205 1886 in
2237 1830 2545 1900 Evangelia
2570 1827 2916 1891 continetur,
2953 1824 3038 1876 vel
3090 1820 3350 1890 apostolo
3379 1818 3438 1870 in
3478 1831 3660 1869 secre-

1966 1925 2036 1977 tis
2067 1920 2329 1984 dicimus,
2355 1919 2452 1972 sed
2492 1922 2546 1970 et
2576 1917 2686 1968 alia
2716 1931 2818 1984 per
2850 1915 3015 1982 plura
3043 1910 3358 1979 adjicimus,
3389 1919 3663 1984 magnam

1967 2011 2130 2082 quasi
2159 2010 2273 2062 vim
2309 2003 2773 2060 consummandis
2815 1997 3304 2054 accommodantia
3353 1991 3660 2064 mysteriis.

1965 2101 2101 2164 Qua:
2154 2097 2447 2152 Orientem
2505 2109 2698 2146 versus
2756 2108 2858 2144 nos
2917 2105 3078 2143 orare
3113 2087 3432 2140 litterarum
3481 2081 3666 2135 forma

1966 2185 2322 2258 praestituit?
2369 2181 2768 2239 Benedicimus
2795 2180 3007 2232 fontem
3042 2172 3419 2246 baptismatis,
3470 2171 3662 2222 oleum

1967 2274 2275 2329 unctionis.
2327 2274 2446 2326 lluc
2506 2269 2722 2323 accedit
2769 2267 2922 2337 quod
2955 2271 3040 2318 ter
3093 2260 3490 2329 inimergimus
3521 2271 3667 2326 quos

1970 2363 2346 2432 baptizamus,
2393 2359 2517 2411 oleo
2551 2355 2840 2424 ungimus,
2875 2351 3059 2405 verbis
3111 2346 3513 2402 abrenuntiare
3561 2343 3665 2396 Sa-

1969 2458 2116 2506 tanae
2149 2456 2204 2504 et
2258 2448 2478 2518 angelis
2505 2447 2628 2515 ejus
2669 2444 3065 2496 informamus.
3103 2438 3258 2492 Unde
3307 2435 3428 2487 haec
3459 2437 3512 2484 et
3557 2432 3668 2485 alia

1969 2539 2028 2592 in
2061 2539 2213 2592 hunc
2253 2537 2488 2589 modum
2534 2550 2648 2588 non
2689 2548 2888 2602 pauca.
2939 2529 3048 2582 nisi
3080 2525 3212 2596 quia
3245 2523 3414 2577 tacita
3442 2536 3505 2574 ac
3538 2536 3664 2589 my-

1970 2628 2106 2681 stica
2150 2625 2458 2679 traditione
2495 2641 2524 2674 a
2571 2621 2831 2675 Patribus
2888 2616 3265 2670 ecclesiastico
3301 2627 3458 2663 more
3505 2623 3668 2660 reve-

1971 2715 2209 2768 rentiori
2239 2711 2536 2781 diligentia
2563 2715 2696 2762 sunt
2726 2709 2786 2760 in
2828 2705 3113 2775 mysteriis
3164 2703 3462 2755 observata
3493 2697 3668 2750 silen-

1971 2805 2072 2869 tio,
2106 2819 2277 2873 quam
2310 2800 2595 2870 publicata
2627 2797 2856 2862 scripto.

1971 2909 2100 2965 CAP.
2159 2908 2423 2962 CXXVIII.
2477 2927 2550 2946 -ι-
2609 2903 2752 2968 Quid
2810 2901 3076 2967 agendum
3142 2901 3215 2952 sit
3271 2901 3327 2949 in
3381 2897 3557 2949 causis
3606 2893 3671 2947 de

2078 2980 2271 3048 quibus
2301 2986 2446 3032 certa
2475 2979 2532 3029 in
2560 2975 2851 3029 cunonibus
2883 2973 3232 3024 inveniuntur
3255 2968 3488 3036 judicia.

2043 3072 2151 3136 (Ea:
2183 3068 2325 3121 decr.
2354 3065 2692 3121 Innnocentii
2740 3077 2914 3130 papa,
2961 3075 3081 3126 cap.
3121 3061 3226 3122 18.)
3262 3058 3336 3109 De
3390 3053 3570 3107 causis
3601 3053 3670 3106 de

1974 3158 2184 3227 quibus
2215 3157 2371 3209 nulla
2398 3153 2673 3216 solvendi,
2710 3150 3040 3220 ligandiun
3069 3145 3372 3198 auctoritas
3403 3143 3461 3195 in
3511 3141 3672 3195 libris

1975 3245 2189 3300 Veteris
2251 3241 2619 3304 Testanienti,
2688 3240 2937 3309 quatuor
3010 3234 3467 3304 livangeliorum,
3542 3245 3672 3282 cum

1975 3335 2200 3404 scriptis
2231 3333 2364 3386 totis
2411 3331 2806 3401 apostolorum
2863 3343 2975 3379 non
3009 3328 3300 3393 appareat,
3357 3321 3426 3373 ad
3482 3319 3676 3372 divina.

1975 3423 2253 3477 recurrito
2283 3421 2492 3491 scripta
2522 3421 2734 3473 Graece.
2769 3417 2828 3470 Si
2879 3431 2984 3468 nec
3019 3414 3076 3466 in
3110 3413 3242 3476 illis,
3276 3411 3345 3463 ad
3381 3407 3674 3462 catholicae

1977 3511 2232 3564 Ecclesiae
2262 3508 2527 3561 historias
2561 3505 2884 3568 catholicas,
2945 3521 2974 3555 a
3009 3501 3332 3554 doctoribus
3381 3494 3675 3549 catholicis

1976 3599 2213 3666 scriptas
2245 3611 2479 3649 manum
2535 3594 2716 3646 mitte.
2749 3592 2806 3646 Si
2839 3607 2942 3643 nec
2973 3591 3030 3642 in
3067 3589 3196 3652 illis,
3257 3601 3504 3638 canones
3533 3600 3675 3652 apo—

1977 3686 2190 3740 stolicae
2247 3682 2398 3738 sedis
2466 3682 2711 3735 intuere.
2781 3679 2837 3733 Si
2896 3695 2997 3730 nec
3053 3677 3110 3728 in
3186 3674 3293 3732 his.
3349 3679 3674 3725 sanctorum

1977 3775 2239 3842 exempla
2291 3769 2694 3843 perspicaciter
2763 3767 3082 3820 recordare.
3147 3763 3305 3826 Quod
3366 3761 3412 3813 si
3483 3760 3542 3812 in
3588 3758 3676 3810 his

1979 3863 2247 3918 omnibus
2306 3857 2574 3929 inspectis
2631 3856 2802 3924 hujus
2871 3851 3202 3924 quaestionis
3260 3849 3504 3919 qualitas
3558 3862 3676 3899 non

1977 3951 2164 4006 lucide
2190 3949 2589 4017 investigatur,
2632 3944 2885 3998 seniores
2917 3940 3222 4011 provincias
3279 3952 3586 4005 (τουδί-εδδ,
3620 3940 3678 3988 et

1980 4055 2076 4094 eos
2117 4039 2426 4106 interroga.
2483 4034 2721 4088 Facilius
2774 4046 3022 4100 namque
3083 4027 3390 4092 invenitur,
3459 4024 3613 4095 quod
3646 4040 3677 4076 a

1980 4126 2243 4199 pluribus
2291 4123 2669 4178 sentientibus
2727 4119 3024 4190 quaeritur.
3059 4119 3231 4170 Verus
3289 4114 3443 4167 enim
3480 4127 3674 4182 repro-

1981 4217 2188 4270 missor
2220 4213 2492 4268 Dominus
2523 4212 2627 4266 ait:
2671 4209 2728 4264 Si
2758 4210 2869 4264 duo
2898 4224 2962 4261 ex
3007 4206 3183 4272 vobis,
3215 4205 3302 4258 vel
3339 4210 3448 4256 tres
3472 4216 3675 4254 conve-

1983 4307 2146 4359 niant
2199 4319 2370 4372 super
2425 4306 2637 4354 terram
2677 4299 2736 4352 in
2798 4297 3027 4351 nomine
3084 4310 3230 4359 meo,
3286 4293 3355 4346 de
3419 4288 3578 4344 omni
3617 4303 3677 4341 re

1982 4406 2388 4465 quamcunque
2410 4388 2698 4460 petierint,
2727 4387 2827 4441 fiet
2845 4386 2958 4439 illis
2989 4402 3019 4437 a
3044 4387 3205 4438 Patre
3231 4398 3376 4434 meo.

2054 4500 2182 4554 CAP.
2219 4497 2428 4552 CXXIX.
2461 4525 2524 4534 —
2563 4497 2629 4549 Ut
2657 4499 2849 4548 cuncta
2888 4507 3005 4559 quae
3042 4492 3149 4544 Deo
3187 4485 3510 4557 offeruntur,

2493 4571 2801 4620 consecrata
2857 4564 3175 4616 habeantur.

2057 4659 2167 4729 (Ea:
2225 4657 2412 4711 concil.
2468 4655 2735 4709 Aurelian
2800 4667 2920 4718 cap.
2979 4652 3054 4716 '7.)
3125 4646 3329 4702 Omnia
3381 4661 3508 4714 quae
3568 4644 3680 4696 Deo

1985 4748 2322 4808 offeruntur,
2383 4746 2708 4796 consecrata
2759 4739 3059 4802 habentur,
3120 4735 3179 4788 in
3238 4732 3436 4798 vineis,
3495 4730 3678 4796 terris,

1986 4836 2177 4907 sylvis,
2213 4831 2577 4895 utensilibus,
2605 4826 2980 4891 vestimentis,
3015 4822 3336 4894 pecoribus,
3364 4825 3415 4872 et
3450 4817 3682 4887 reliquis

1984 4921 2460 4994 possessionibus,
2502 4923 2556 4971 et
2585 4933 2712 4988 qua:
2744 4914 3003 4968 Ecclesiis
3052 4913 3172 4965 sine
3217 4909 3391 4964 dubio
3437 4907 3681 4970 Christo,

1986 5012 2087 5082 qui
2117 5026 2360 5081 sponsus
2381 5022 2578 5061 earum
2613 5011 2714 5071 est,
2739 5005 3075 5057 olferuntur.

2399 5113 2526 5166 CAP.
2561 5112 2746 5165 CXXX.
2773 5138 2845 5150 —
2873 5112 2945 5162 De
2977 5106 3162 5160 eadem
3189 5119 3264 5157 re.

2061 5204 2080 5275 (
2111 5206 2198 5258 Ea:
2217 5203 2401 5256 consil.
2437 5201 2778 5265 Rothomag.,
2807 5213 2927 5266 cap.
2955 5195 3030 5264 3.)
3063 5195 3270 5248 Omnes
3299 5188 3535 5244 decimae
3566 5191 3681 5239 ter-

1986 5309 2088 5352 rae,
2111 5292 2226 5344 sive
2259 5291 2326 5343 de
2359 5289 2638 5358 frugibus,
2671 5287 2785 5338 sive
2817 5286 2886 5338 de
2933 5282 3120 5354 pomis
3149 5280 3419 5333 arborum
3457 5273 3686 5329 Domini

1987 5385 2140 5440 sunt,
2165 5383 2220 5431 et
2248 5378 2332 5430 illi
2362 5376 2807 5430 sanctiticantur.
2841 5375 3036 5438 Boves,
3091 5375 3148 5422 et
3196 5383 3346 5432 oves,
3389 5372 3446 5418 et
3476 5379 3684 5433 caprae,

1989 5485 2117 5539 quae
2150 5467 2254 5521 sub
2287 5466 2525 5536 pastoris
2559 5466 2717 5534 virga
2746 5466 3064 5522 transeunt,
3090 5457 3365 5529 quidquid
3399 5454 3684 5508 decimum

1988 5556 2230 5621 venerit,
2286 5553 2729 5608 sanctiticabitur
2794 5550 3056 5604 Domino.
3104 5549 3224 5602 Non
3284 5546 3532 5616 eligetur
3583 5557 3690 5598 nec
