4028 6190
406 266 509 318 699

1472 271 1881 328 BURCHARDI
1926 273 2457 332 WORMACIENSIS
2494 277 2832 337 EPISCOPI.
3767 306 3853 356 700

406 387 627 442 bonum
653 404 758 444 nec
788 391 1018 456 malum,
1052 408 1157 446 nec
1183 392 1361 447 altero
1389 395 1852 450 commutabitur.
1887 396 1944 452 Si
1973 398 2102 467 quis
2129 400 2176 453 A
2214 404 2346 468 test,
2381 403 2639 472 relevati,
2661 404 2952 461 liberiores
2981 408 3121 464 ﬁant
3142 412 3211 465 ad
3241 415 3651 475 meditationem
3679 424 3854 483 divina:

405 476 729 541 mutaverit,
793 483 849 532 et
909 480 1062 550 quod
1130 485 1330 549 mutat,
1377 487 1431 536 et
1478 483 1633 554 quod
1679 489 1961 539 mutatum
1993 491 2098 555 est,

404 563 850 620 sanctiﬁcabitur
927 568 1186 633 Domino,
1275 576 1332 624 et
1401 587 1516 624 non
1567 572 1905 627 redimetur.
1987 574 2098 630 Sed

405 652 542 722 quia
595 654 764 707 modo
815 655 978 709 multi
1037 656 1406 712 inveniuntur
1436 659 1686 714 decimas
1731 661 1866 715 dare
1897 663 2097 717 nolen-

401 744 513 801 tes,
564 742 845 796 statuinus
903 750 968 798 ut
1025 746 1338 800 secundum
1410 748 1640 802 Domini
1706 751 1884 804 nostri
1951 769 2098 821 prae-

403 833 633 900 ceptum
684 831 1104 886 admoneantur
1156 835 1354 903 semel,
1411 843 1469 890 et
1519 839 1770 892 secundo
1802 845 1856 893 et
1907 842 2096 895 tertio.

401 916 454 970 Si
488 932 606 970 non
635 920 1086 987 emendaverint,
1129 923 1512 978 anathematis
1543 925 1768 980 vinculo
1815 929 2093 982 constrin-

400 1009 610 1075 gantur
629 1023 809 1077 usque
842 1009 910 1062 ad
953 1009 1415 1078 satisfactionem,
1449 1018 1506 1066 et
1545 1013 1613 1067 ad
1636 1016 2096 1070 emendationem

399 1110 734 1164 congruam.

401 1182 528 1236 CAP.
591 1183 799 1238 CXXXI.
859 1214 927 1225 —
963 1188 1030 1240 Ut
1083 1187 1292 1241 decima
1344 1189 1493 1243 nullo
1556 1191 1712 1244 modo
1763 1193 2091 1259 negligatur.

466 1271 574 1339 (Ea:
603 1274 788 1326 concil.
825 1275 1090 1342 Mogunt.,
1145 1291 1264 1343 cap.
1323 1277 1436 1346 35.)
1489 1279 1880 1334 Admonemus
1923 1286 2094 1351 atque

394 1359 760 1430 praecipimus
790 1367 855 1415 ut
899 1363 1149 1417 decimas
1205 1367 1319 1420 Deo
1369 1366 1607 1420 omnino
1655 1369 1790 1421 dare
1849 1385 1966 1422 non
1995 1386 2094 1423 ne-

393 1448 666 1518 gligatur,
717 1465 858 1518 quas
908 1452 1055 1504 Deus
1096 1451 1216 1522 ipse
1267 1453 1374 1506 sibi
1435 1454 1558 1507 dari
1611 1457 1926 1525 constituit,
1959 1459 2095 1528 quia

392 1535 714 1590 timendum
743 1542 829 1591 est
853 1542 918 1592 ut
947 1539 1210 1610 quisquis
1245 1542 1358 1595 Deo
1390 1558 1556 1596 suum
1599 1545 1853 1599 debitum
1885 1546 2095 1600 abstra-

391 1619 497 1689 hit,
526 1636 596 1673 ne
645 1621 790 1676 forte
847 1624 992 1677 Deus
1043 1641 1146 1695 per
1200 1632 1499 1696 peccatum
1550 1645 1718 1683 suum
1775 1630 1996 1686 auferat
2041 1633 2094 1686 ei

392 1707 712 1762 necessaria
744 1725 865 1764 sua.

493 1813 622 1868 CAP.
652 1815 884 1870 CXXXII.
908 1845 980 1857 —
1005 1820 1072 1871 De
1093 1819 1205 1875 illis
1234 1823 1332 1889 qui
1359 1821 1593 1876 decimas
1623 1822 1756 1878 dare
1780 1825 1983 1879 nolunt.

465 1900 583 1972 (Ea:
612 1906 801 1958 concil.
839 1905 1135 1970 Cavallon.,
1190 1924 1310 1978 cap.
1351 1912 1461 1978 18.)
1511 1911 1702 1974 Questi
1752 1918 1885 1966 sunt
1940 1929 2090 1984 pra:-

389 1993 545 2043 terea
567 1991 798 2061 quidam
831 1993 1049 2062 fratres,
1085 1997 1242 2066 quod
1274 2004 1462 2051 essent
1511 1999 1691 2070 aliqui
1723 2001 1977 2073 episcopi
2035 2007 2091 2056 et

392 2077 643 2145 abbates,
677 2080 778 2150 qui
809 2081 1057 2136 decimas
1087 2100 1202 2138 non
1231 2085 1487 2141 sinerent
1512 2088 1648 2142 dare
1681 2089 1748 2143 ad
1794 2090 2086 2157 Ecclesias,

387 2167 487 2221 ubi
519 2167 604 2220 illi
634 2169 822 2222 coloni
847 2171 1068 2225 Missam
1091 2172 1349 2227 audiunt.
1388 2175 1632 2230 Proinde
1659 2177 1904 2232 decrevit
1933 2195 2090 2234 sacer

388 2255 497 2309 iste
536 2264 871 2325 conventus,
916 2265 979 2313 ut
1031 2260 1283 2332 episcopi
1337 2269 1394 2317 et
1441 2264 1669 2318 abbates
1727 2267 1796 2320 de
1851 2267 2003 2336 agris
2033 2271 2088 2322 et

322 2334 328 2340 ’
388 2342 589 2409 vineis,
617 2360 746 2414 quae
779 2345 846 2398 ad
876 2361 1045 2399 suum
1078 2349 1165 2401 vel
1194 2348 1435 2402 fratrum
1467 2352 1814 2420 stipendium
1853 2334 2084 2420 habent,

385 2430 635 2485 decimas
673 2433 741 2487 ad
786 2434 1057 2488 Ecclesias
1101 2435 1311 2490 deferri
1364 2437 1594 2494 faciant.
1656 2441 1907 2496 Familia:
1956 2458 2087 2496 vero

385 2518 467 2573 ibi
497 2519 634 2574 dent
681 2521 931 2576 decimas
961 2539 1112 2589 suas,
1163 2525 1262 2579 ubi
1287 2526 1534 2580 infantes
1565 2545 1765 2583 eorum
1798 2531 2088 2601 baptizan-

385 2611 498 2673 tur,
559 2613 617 2662 et
670 2609 770 2664 ubi
808 2626 912 2680 per
948 2615 1136 2666 totum
1190 2614 1328 2669 anni
1383 2615 1662 2672 circulum
1720 2617 1922 2673 missas
1978 2636 2086 2674 au-

393 2695 576 2751 diunt.
1037 2708 1042 2711 “

387 2801 513 2856 CAP.
549 2804 808 2860 CXXXIII.
837 2833 909 2846 —
930 2807 1086 2870 Quod
1115 2808 1332 2863 decima
1359 2811 1426 2863 ab
1474 2813 1719 2878 omnibus
1759 2813 2086 2870 Christianis

844 2891 912 2931 ea:
941 2877 1118 2933 debito
1142 2883 1350 2949 reposci
1378 2882 1620 2937 debeant.

456 2963 566 3029 (Ea:
595 2965 784 3018 consil.
843 2965 1145 3033 Mogunti.,
1193 2983 1313 3036 cap.
1348 2971 1396 3038 8)
1445 2971 1699 3025 Decimas
1730 2973 1844 3027 Deo
1893 2977 1949 3027 et
1987 2991 2080 3028 sa-
2121 2987 2160 3041 ο

389 3051 715 3107 cerdotibus
768 3053 869 3106 Dei
901 3054 1134 3122 dandas,
1171 3057 1459 3112 Abraham
1507 3059 1689 3126 factis,
1744 3062 1913 3116 Jacob
1950 3079 2082 3132 pro-

385 3139 571 3193 missis
634 3139 908 3196 insinuat.
951 3142 1167 3196 Deinde
1218 3144 1308 3197 lex
1368 3147 1582 3212 statuit,
1635 3163 1834 3201 omnes
1889 3150 2082 3205 docto-

385 3243 476 3280 res
515 3227 697 3280 sancti
740 3235 1214 3284 commemorant.
1262 3234 1329 3286 Et
1369 3234 1624 3302 profecto
1665 3236 1904 3304 dignum
1964 3243 2086 3292 erat

385 3320 450 3369 ut
480 3315 746 3370 Israelita:
801 3316 1046 3371 decimas
1088 3335 1378 3388 pecorum,
1420 3326 1477 3375 et
1527 3321 1783 3392 frugum,
1844 3330 1900 3378 et
1957 3342 2081 3380 om-

384 3402 546 3457 nium
579 3404 950 3474 pecuniarum
983 3406 1226 3460 Domino
1261 3408 1482 3472 darent,
1518 3409 1620 3479 qui
1650 3426 1745 3464 eos
1803 3411 2083 3467 liberave-

384 3495 474 3545 rat
507 3509 538 3544 a
563 3492 756 3547 decem
796 3493 1002 3565 plagis,
1036 3495 1244 3566 quibus
1276 3499 1553 3566 percussit
1583 3500 1896 3570 .Egyptios,
1933 3508 1990 3556 et
2019 3503 2080 3558 in

385 3580 693 3635 novissima
717 3582 886 3653 plaga
915 3583 1300 3655 primogenita
1327 3592 1663 3642 cunctorum
1719 3589 2079 3661 disperdidit,

383 3669 744 3740 gratiamque
815 3671 932 3724 suis
985 3674 1268 3742 praestitit,
1350 3679 1413 3728 ut
1465 3675 1788 3746 impetratis
1823 3680 2079 3747 pecuniis

381 3758 694 3829 spoliarent
731 3761 1056 3830 Egyptum.
1091 3763 1167 3816 De
1198 3762 1408 3833 quibus
1448 3765 1681 3818 decimis
1727 3768 2079 3837 Augustinus

384 3846 582 3901 doctor
629 3849 968 3903 venerabilis
999 3850 1182 3904 dicit:
1239 3853 1484 3907 Decima
1535 3869 1602 3908 ex
1649 3855 1843 3910 debito
1892 3858 2082 3928 requi-

383 3940 605 3989 runtur.
661 3936 806 4000 Quid
855 3938 901 3992 si
957 3938 1170 3993 diceret
1221 3941 1385 4004 Deus,
1447 3958 1656 4013 nempe
1697 3959 1858 3998 meus
1921 3961 1999 4013 es,
2025 3963 2074 4021 ,ο

381 4023 574 4091 homo,
608 4041 735 4078 mea
780 4030 864 4079 est
886 4030 1040 4080 terra
1092 4043 1266 4096 quam
1317 4029 1476 4095 colis,
1510 4045 1635 4084 mea
1665 4036 1798 4085 sunt
1856 4033 2076 4088 semina

381 4128 510 4182 quae
535 4112 774 4182 spargis,
817 4129 946 4166 mea
992 4114 1265 4167 animalia
1319 4131 1447 4185 quae
1490 4117 1716 4188 fatigas,
1776 4135 1940 4175 meus
1993 4128 2077 4177 est

381 4200 515 4253 solis
545 4201 730 4266 calor;
765 4205 819 4254 et
848 4217 977 4254 cum
1025 4204 1217 4255 omnia
1249 4219 1376 4257 mea
1419 4205 1550 4269 sint,
1610 4211 1674 4261 tu
1730 4209 1828 4278 qui
1881 4210 2071 4265 minus

381 4289 795 4356 accommodas,
867 4290 1046 4343 solam
1105 4290 1382 4346 decimam
1443 4295 1774 4364 merebaris,
1830 4299 1928 4351 sed
1987 4315 2071 4353 re-

380 4393 542 4430 servo
571 4375 676 4430 tibi
703 4392 932 4444 novem,
961 4379 1033 4432 da
1065 4379 1206 4433 mihi
1248 4381 1552 4437 decimam.
1581 4385 1636 4438 Si
1687 4401 1803 4438 nou
1851 4387 2073 4441 dederis

379 4465 522 4518 mihi
577 4465 879 4533 decimam,
907 4467 1161 4521 auferam
1194 4485 1421 4524 novem.
1453 4472 1509 4526 Si
1541 4473 1766 4527 dederis
1798 4475 1942 4529 mihi
1973 4475 2072 4530 de-

379 4552 608 4620 cimam,
658 4556 1049 4627 multiplicabo
1094 4573 1319 4613 novem.
1366 4561 1507 4617 Cum
1557 4561 1748 4632 itaque
1805 4564 2074 4618 Iudaicus

376 4643 625 4713 populus
670 4647 1044 4717 {praeceptum
1131 4647 1482 4704 decimarum
1540 4655 1697 4705 tanta
1772 4653 2074 4723 diligentia

378 4731 720 4801 observaret,
782 4740 845 4789 ut
899 4736 968 4790 de
1043 4736 1298 4791 minimis
1347 4739 1669 4811 quibusque
1738 4741 2071 4808 holusculis,

380 4825 508 4875 ruta
582 4822 864 4890 videlicet,
938 4831 1131 4878 menta
1201 4831 1258 4880 et
1329 4827 1560 4895 cimino,
1638 4833 1702 4882 ut
1772 4829 1893 4899 ipse
1962 4831 2072 4884 Do-

376 4909 566 4964 minus
585 4914 845 4976 testatur,
881 4912 1128 4966 decimas
1159 4913 1338 4980 daret,
1363 4931 1464 4968 cur
1495 4931 1609 4970 non
1654 4917 1857 4987 majori
1885 4918 2074 4972 studio

376 4997 537 5067 plebs
570 4999 913 5070 Evangelica
942 5001 1203 5055 eamdem
1235 5002 1473 5072 impleat
1493 5004 1856 5074 jussionem?
1885 5007 1988 5061 Cui
2020 5012 2075 5061 et

377 5088 562 5157 major
598 5104 874 5142 numerus
913 5095 998 5143 est
1043 5091 1422 5160 sacerdotum,
1472 5097 1528 5146 et
1570 5093 1847 5148 sincerior
1887 5097 2074 5149 cultus

376 5177 902 5231 sacramentorum?
933 5179 1065 5232 Ideo
1099 5194 1234 5248 ergo
1267 5179 1468 5234 dandae
1508 5186 1660 5248 sunt,
1694 5187 1759 5236 ut
1789 5183 1894 5236 hac
1926 5184 2074 5238 Deus

374 5265 680 5320 devotione
722 5267 996 5335 placatus,
1040 5267 1253 5338 largius
1302 5273 1532 5338 praestet
1578 5285 1708 5340 quae
1755 5271 2075 5326 necessaria

375 5357 530 5416 sunt,
561 5351 705 5406 sicut
751 5354 1014 5422 superius
1047 5354 1422 5409 ostendimus.
1456 5356 1525 5409 Et
1571 5361 1631 5410 ut
1661 5360 1980 5412 sacerdotes
2011 5375 2074 5412 ac

373 5439 621 5494 ministri
645 5441 904 5495 Ecclesiae
956 5459 1092 5496 cura
1124 5449 1180 5496 et
1230 5444 1616 5498 sollicitudine
1671 5448 2073 5502 necessitatum

373 5526 780 5597 corporalium,
815 5529 938 5583 sine
969 5530 1176 5600 quibus
1229 5532 1350 5586 haec
1399 5533 1511 5586 vita
1552 5534 1793 5605 transigi
1820 5551 1939 5588 non
1968 5551 2072 5606 po-

2216 489 2356 559 legis
2387 496 2445 546 et
2500 493 2774 548 doctrinae
2807 496 3384 571 administrationem,
3431 511 3594 579 atque
3622 512 3857 582 spiritalis

2212 579 2427 634 servitii
2457 582 2837 638 voluntariam
2881 587 3282 656 expletionem.
3346 595 3407 646 Et
3462 601 3522 650 ut
3569 579 3756 654 munus
3779 621 3860 674 po-

2212 667 2335 736 puli
2370 669 2429 722 in
2451 671 2789 740 quotidiana
2819 674 3103 730 oblatione
3135 679 3376 735 Domino
3415 683 3743 757 immoletur,
3778 667 3862 748 nec

2212 772 2329 810 non
2355 760 2669 814 secundum
2730 767 2937 817 statuta
2994 768 3265 822 canonica
3314 771 3373 824 in
3430 779 3856 835 sustentationem

2210 861 2556 917 pauperum,
2592 854 2647 903 et
2675 855 3148 909 restaurationem
3211 859 3570 916 ecclesiarum
3616 867 3857 934 proficiat.

2211 935 2468 1000 Quatuor
2497 939 2648 993 enim
2678 947 2866 1011 partes
2906 943 3066 1014 juxta
3098 963 3342 1002 canones
3371 950 3495 1004 fieri
3549 953 3616 1006 de
3644 954 3861 1012 ﬁdelium

2208 1025 2592 1081 oblationibus
2637 1030 2865 1099 debent,
2921 1049 3036 1087 una
3094 1035 3167 1089 sit
3223 1038 3490 1109 episcOpi,
3546 1042 3712 1096 altera
3771 1047 3860 1100 cle-

2208 1113 2478 1182 ricorum,
2512 1117 2682 1171 tertia
2735 1136 3073 1192 pauperum,
3131 1132 3333 1194 quarta
3381 1131 3860 1188 restaurationiec-

2208 1202 2510 1256 clesiarum
2542 1211 2814 1262 servetur.

2209 1291 2338 1346 CAP.
2375 1292 2629 1348 CXXXIV.
2669 1299 2852 1386 —;De
2890 1300 3002 1386 illis
3049 1303 3431 1386 quiodecunam
3477 1307 3608 1362 dare
3633 1311 3861 1366 noluerint

2703 1373 2816 1420 nisi
2842 1373 3014 1434 pret-io
3044 1373 3403 1432 redimantur.

2282 1433 2392 1501 (Ea:
2447 1436 2635 1489 concil.
2718 1439 3162 1504 Mediomatricis.
3216 1462 3334 1514 cap.
3397 1448 3474 1518 3.)
3529 1450 3604 1502 De
3665 1450 3859 1504 decimis

2206 1535 2349 1590 quas
2380 1521 2630 1591 populus
2685 1523 2820 1578 dare
2867 1543 2986 1581 non
3033 1532 3170 1597 vult,
3206 1533 3316 1586 nisi
3364 1536 3621 1605 quolibet
3663 1554 3859 1593 munere

2204 1607 2276 1661 ab
2306 1624 2373 1662 eo
2404 1609 2781 1680 redimantur,
2815 1615 2884 1668 ab
2915 1616 3194 1688 episcopis
3253 1623 3674 1690 prohibendum
3707 1631 3858 1680 estne

2126 1692 2167 1745 Β
2205 1695 2325 1750 ﬁat.

2201 1785 2333 1840 CAP.
2379 1787 2614 1841 CXXXV.
2665 1817 2738 1830 —
2792 1793 2858 1846 Ut
2913 1793 3121 1850 decima
3155 1798 3260 1851 Dei
3307 1814 3494 1853 census
3547 1806 3855 1868 nuncupatur.

2275 1874 2387 1942 (Ex
2411 1877 2598 1930 concil.
2635 1881 2962 1948 Agrippin.,
2992 1899 3111 1950 cap.
3147 1884 3220 1951 6.)
3276 1886 3437 1953 Item,
3480 1888 3630 1956 quod
3658 1888 3857 1949 decima,

2201 1976 2328 2030 qua:
2359 1978 2392 2014 a
2430 1962 2695 2018 ﬁdelibus
2726 1967 2910 2035 datur,
2942 1971 3038 2024 Dei
3061 1987 3264 2026 census
3295 1977 3677 2045 nuncupanda
3703 1983 3790 2041 est,
3816 1981 3858 2028 et

2199 2047 2332 2102 ideo
2366 2066 2430 2103 ex
2462 2051 2688 2122 integro
2735 2056 3043 2113 reddenda.
3078 2063 3252 2132 Cujus
3308 2064 3477 2117 tertia
3526 2081 3652 2134 pars
3688 2079 3855 2117 secun-

2199 2136 2340 2190 dum
2371 2154 2648 2195 canonem
2696 2144 3053 2212 Toletanum,
3095 2151 3498 2221 episcoporum
3559 2169 3674 2206 esse
3700 2153 3852 2206 debet.

2201 2225 2316 2278 Nos
2350 2242 2479 2280 vero
2506 2228 2612 2282 hac
2642 2236 2924 2300 potestate
2956 2236 3040 2288 uti
3070 2239 3361 2305 nolumus,
3392 2241 3490 2294 sed
3543 2246 3750 2295 tantum
3771 2241 3855 2293 sin-

2197 2314 2350 2382 gulis
2382 2315 2550 2370 annis
2575 2326 2838 2386 quartam
2869 2328 3089 2391 partem
3125 2342 3223 2378 usu
3259 2328 3653 2382 Romanorum
3697 2330 3855 2398 ponti-

2198 2401 2393 2468 ficum,
2429 2409 2485 2458 et
2528 2406 2891 2462 observantia
2941 2418 3152 2468 sanctae
3210 2417 3475 2470 Ecclesiae
3528 2418 3779 2471 Romana:
3805 2416 3858 2467 de

2198 2491 2400 2544 eadem
2433 2491 2640 2548 habere
2691 2497 2970 2554 volumus.
3024 2501 3185 2565 Quod
3235 2504 3281 2556 si
3333 2505 3464 2575 quis
3511 2505 3862 2559 contentiosus

2197 2577 2330 2632 inde
2383 2587 2643 2650 repertus
2696 2585 2888 2652 fuerit,
2947 2588 3064 2643 sive
3112 2592 3370 2658 clericus,
3406 2593 3526 2648 sive
3578 2595 3670 2647 ille
3715 2592 3862 2646 laicus

2197 2666 2292 2734 sit,
2347 2671 2755 2728 communione
2815 2677 3153 2746 privabitur,
3213 2686 3270 2734 et
3346 2682 3608 2751 synodali
3657 2696 3864 2734 censura

2190 2753 2563 2823 judicabitur.

2197 2843 2327 2900 CAP.
2359 2847 2619 2903 CXXXVI.
2657 2880 2724 2891 —
2758 2854 2838 2906 De
2865 2854 3224 2928 oblationibus
3270 2859 3684 2928 parochitarum
3734 2859 3864 2926 cujus

2855 2940 2964 2979 esse
2993 2927 3236 2982 debeant.

2264 3003 2384 3074 (Ea:
2407 3008 2595 3063 concil.
2631 3011 2934 3082 Toletano.)
2995 3016 3070 3071 De
3124 3015 3213 3071 his
3239 3034 3367 3088 quae
3397 3019 3472 3073 ad
3505 3018 3861 3090 parochitanas

2194 3094 2457 3147 ecclesias
2506 3097 2848 3164 offeruntur,
2919 3101 2980 3155 in
3063 3106 3249 3171 terris,
3305 3107 3510 3174 vineis,
3572 3106 3857 3176 mancipiis,

2191 3183 2451 3250 peculiis,
2489 3185 2862 3256 antiquorum
2910 3207 3196 3248 canonum
3251 3195 3519 3250 instituta
3575 3202 3856 3254 serventur,

2193 3269 2258 3319 ut
2285 3270 2480 3322 omnia
2533 3272 2593 3325 in
2648 3275 2900 3345 episcopi
2950 3284 3228 3346 potestate
3279 3281 3610 3335 consistant.
3670 3283 3737 3334 De
3787 3279 3858 3332 his

2191 3362 2383 3411 autem
2414 3375 2544 3429 quae
2572 3362 2848 3417 altaribus
2888 3367 3228 3431 offeruntur,
3265 3347 3435 3423 tertia
3485 3388 3616 3440 pars
3646 3369 3858 3422 fideliter

2191 3444 2472 3518 episcopis
2501 3449 2808 3518 deferatur,
2840 3454 2968 3508 dua:
3021 3457 3239 3509 clericis
3288 3458 3523 3512 decima?
3585 3463 3762 3512 autem
3789 3472 3856 3508 se-

2189 3535 2441 3590 cundum
2491 3539 2769 3608 quosdam
2815 3542 3053 3612 singulis
3085 3545 3247 3598 annis
3278 3547 3446 3600 tertia
3497 3564 3642 3618 pars,
3685 3551 3773 3599 aut
3811 3544 3856 3596 in

2185 3623 2359 3677 tertio
2388 3630 2525 3678 tota.
2559 3627 2668 3681 Sed
2697 3633 2889 3683 tamen
2931 3647 3033 3685 nos
3085 3640 3394 3704 sequentes
3455 3633 3859 3700 Romanos,sin-

2187 3710 2337 3777 gulis
2369 3714 2533 3767 annis
2575 3723 3128 3790 quartam,partem,
3187 3728 3285 3776 aut
3334 3723 3396 3776 in
3463 3725 3685 3795 quarto,i
3706 3731 3854 3776 totam

2186 3799 2438 3870 episcopi
2460 3803 2758 3873 recipiant.

2186 3887 2322 3967 Cui.
2360 3890 2622 3967 CXXXVII
2675 3926 2744 3933 —
2788 3896 2943 3960 Quod
2997 3898 3055 3950 in
3109 3913 3437 3967 unaquaque
3496 3901 3727 3955 Ecclesia
3768 3904 3856 3950 tam

2256 3959 2322 4012 de
2351 3955 2616 4085 ceditibus
2647 3955 2827 4032 quamv
2840 3967 3200 4022 oblationibus
3231 3955 3468 4036 quatuor
3518 3972 3738 4026 debeant
3760 3970 3856 4038 ﬁeri

2256 4045 2354 4085 nor
2381 4048 2550 4085 tones.

2249 4045 2524 4098 portiones
2536 4073 2550 4087 .

2256 4121 2360 4180 (Ea:
2389 4123 2542 4188 epist.
2601 4123 2810 4177 Gelasii
2842 4141 3020 4194 papae,
3053 4143 3174 4196 cap.
3231 4129 3342 4199 27.)
3395 4129 3649 4192 Quatuor
3693 4134 3850 4182 autem

2182 4209 2300 4260 tam
2348 4208 2417 4261 de
2463 4209 2745 4264 reditibus
2806 4229 2978 4282 quam
3037 4215 3106 4268 de
3164 4217 3554 4272 oblationibus
3605 4217 3851 4281 ﬁdelium,

2182 4301 2352 4366 prout
2396 4299 2702 4368 cujuslibet
2772 4303 3030 4356 Ecclesiae
3101 4304 3336 4358 facultas
3404 4307 3675 4372 admittit,
3733 4306 3852 4358 sicut

2181 4383 2399 4438 dudum
2449 4387 2864 4442 rationabiliter
2920 4397 3001 4444 est
3061 4391 3375 4457 decretum,
3441 4395 3704 4448 convenit
3749 4390 3851 4447 ﬁeri

2181 4473 2491 4542 portiones.
2541 4474 2795 4538 Quarum
2827 4477 2899 4531 sit
2929 4494 3043 4532 una
3073 4480 3384 4549 pontiﬁcis,
3436 4483 3618 4536 altera
3646 4481 3846 4537 clerico-

2184 4575 2333 4628 rum,
2365 4562 2532 4616 tertia
2575 4580 2920 4635 pauperum,
2975 4573 3180 4637 quarta
3235 4569 3465 4623 fabricis
3516 4567 3847 4640 applicanda.

2184 4650 2264 4703 De
2305 4650 2512 4720 quibus
2542 4653 2689 4706 sicut
2735 4655 3043 4708 sacerdotis
3072 4656 3336 4712 intererit
3385 4659 3669 4729 integram
3700 4658 3849 4710 mini-

2184 4736 2312 4790 stris
2362 4739 2616 4794 Ecclesiae
2671 4746 3047 4798 memoratam
3103 4745 3428 4814 dependere
3479 4747 3852 4818 quantitatem,

2183 4826 2262 4879 sic
2315 4828 2499 4881 clerus
2580 4829 2903 4900 delegatam
2973 4833 3083 4886 sibi
3162 4850 3447 4888 summam
3509 4837 3652 4889 nihil
3721 4835 3851 4886 iuso~

2181 4914 2366 4968 lenter
2387 4917 2606 4970 noverit
2658 4920 3056 4989 expetendum.
3091 4921 3169 4975 Ea
3199 4939 3330 4976 vero
3387 4940 3514 4994 quin
3545 4920 3852 4978 ecclesiasti-

2182 5003 2260 5057 cis
2317 5005 2577 5060 aiditiciis
2598 5009 2873 5062 attributa
2893 5015 3044 5075 sunt,
3077 5011 3212 5064 huic
3244 5013 3404 5082 operi
3427 5013 3697 5066 veraciter
3735 5026 3856 5080 prce-

2182 5099 2401 5163 rogata,
2434 5095 2696 5150 locorum
2728 5097 2926 5151 doceat
2964 5098 3302 5154 instauratio
3338 5102 3636 5155 manifesta
3669 5104 3854 5153 sancto-

2182 5196 2332 5248 rum,
2367 5183 2503 5252 quia
2552 5184 2712 5238 nefas
2769 5185 2926 5240 estsi
2981 5187 3154 5240 sacris
3208 5189 3424 5242 aedibus
3479 5189 3758 5243 destitutis
3807 5186 3854 5236 in

2183 5269 2404 5324 lucrum
2450 5287 2618 5325 suum
2649 5275 2857 5342 praesul
2887 5275 3181 5345 impendia
3210 5277 3298 5330 his
3327 5278 3620 5348 designata
3647 5290 3852 5330 conver-

2183 5360 2284 5412 tat.
2320 5360 2507 5429 Ipsam
2549 5361 2925 5416 nihilominus
2945 5364 3250 5434 ascriptam
3283 5367 3627 5436 pauperibus
3657 5363 3852 5435 portio-

2183 5462 2336 5516 nem,
2411 5451 2673 5520 quamvis
2751 5452 2958 5505 divinis
3029 5453 3344 5507 rationibus
3411 5471 3468 5508 se
3523 5455 3853 5523 dispensasse

2184 5542 2605 5594 monstraturus
2648 5556 2769 5598 eSse
2822 5541 3099 5607 videatur,
3131 5547 3324 5596 tamen
3345 5543 3509 5615 juxta
3538 5541 3688 5613 quod
3741 5538 3853 5593 scri-
