3976 6194
161 278 265 329 701

1138 276 1617 337 DECRETORUM
1662 283 1851 339 LIBRI
1889 284 1998 339 XX.
2040 314 2109 324 —
2152 284 2358 340 LIBER
2397 284 2713 339 TERTIUS.

3580 294 3682 345 702

155 402 333 467 ptum
382 400 465 451 est
498 412 511 450 :
553 400 619 451 ut
646 395 875 451 videant
914 413 1092 469 opera
1126 404 1313 455 vestra
1356 402 1526 469 bona,
1562 408 1619 458 et
1657 405 1872 476 gloriﬁ-
1905 407 1951 459 Α
1992 406 2233 461 Domino
2274 407 2517 462 tradita.
2559 407 2615 462 Si
2668 408 2797 479 quis
2838 413 3050 477 autem,
3100 412 3253 482 quod
3303 412 3467 479 absit,
3521 432 3682 470 secus

162 490 302 538 cent
334 487 565 543 Patrem
591 489 842 539 vestrum
874 486 975 557 qui
1004 486 1065 541 in
1094 487 1249 542 calis
1279 494 1381 557 est,
1428 496 1653 562 oportet
1694 494 1868 547 etiam

170 573 418 645 pasenti
449 574 849 629 testiﬁcatione
877 576 1201 645 pradicari,
1250 582 1308 633 et
1333 578 1501 634 bona
1528 580 1695 636 fama
1726 598 1869 651 pra-

168 662 353 715 coniis
382 677 498 715 non
525 663 720 716 taceri.

164 752 303 807 CAP.
349 751 661 806 CXXXVIII.
698 783 765 828 -_—-
810 754 941 828 Item
978 753 1122 828 quod
1159 754 1223 828 de
1261 754 1483 812 decimis
1514 764 1749 828 quatuor
1786 760 1873 813 de-

709 823 869 877 beant
897 827 1019 892 ﬁeri
1042 827 1333 893 portiones.

242 914 367 977 (Ez-
422 912 612 968 concil.
656 913 1005 979 Nannetensi,
1069 930 1188 983 cap.
1237 916 1316 985 6.)
1371 916 1693 971 Instruendi
1739 922 1873 972 sunt

175 1002 521 1073 presbyteri,
550 1001 882 1070 pariterque
912 1001 1279 1070 admonendi,
1299 1010 1578 1074 quatenus
1611 1006 1873 1060 noverint

173 1088 426 1143 decimas
483 1095 539 1143 et
603 1088 918 1141 oblationes
974 1107 1116 1160 quas
1159 1108 1192 1144 a
1233 1092 1499 1146 fidelibus
1559 1094 1868 1164 accipiunt,

172 1194 497 1247 pauperum
531 1182 587 1230 et
616 1178 907 1246 hospitum
938 1183 993 1231 et
1018 1181 1460 1250 peregrinorum
1494 1198 1612 1235 esse
1653 1183 1868 1252 stipen-

169 1265 285 1331 dia,
334 1271 391 1317 et
430 1282 551 1319 non
590 1265 752 1335 quasi
792 1266 929 1331 suis,
974 1267 1070 1321 sed
1116 1269 1279 1338 quasi
1317 1270 1732 1324 commendatis
1762 1271 1870 1324 uti.

167 1355 249 1407 De
283 1354 492 1424 quibus
535 1354 803 1407 omnibus
843 1354 1024 1408 sciant
1065 1372 1124 1409 se
1165 1358 1449 1411 rationem
1490 1359 1780 1427 posituros
1810 1359 1871 1413 in

165 1449 482 1512 conspectu
516 1444 637 1511 Dei,
666 1448 723 1495 et
754 1442 861 1496 nisi
895 1459 989 1496 eas
1021 1444 1265 1498 ﬁdeliter
1298 1447 1652 1515 pauperibus
1693 1452 1751 1501 et
1779 1448 1868 1501 his

166 1529 271 1599 qui
323 1530 606 1599 pramissi
650 1534 783 1583 sunt
829 1531 1374 1598 administraverint,
1419 1534 1629 1589 damna
1677 1552 1869 1606 passu-

163 1634 285 1671 ros.
318 1618 574 1681 Qualiter
613 1634 746 1671 vero
790 1618 1108 1688 dispensari
1147 1621 1408 1687 debeant,
1450 1636 1696 1676 canones
1737 1639 1865 1675 san-

165 1713 258 1761 cte
299 1706 626 1760 instituunt.
669 1706 911 1772 Scilicet,
956 1712 1019 1761 ut
1047 1713 1294 1778 quatuor
1323 1714 1511 1779 partes
1540 1710 1672 1765 inde
1702 1711 1865 1777 ﬁant,

165 1811 285 1848 una
314 1796 385 1848 ad
417 1794 690 1848 fabricam
723 1794 973 1849 ecclesia
1002 1796 1391 1863 relevandam,
1441 1800 1623 1853 altera
1664 1816 1872 1870 paupe-

161 1884 325 1937 ribus
355 1883 772 1948 distribuenda,
805 1884 976 1937 tertia
1016 1885 1348 1955 presbytero
1378 1903 1510 1940 cum
1553 1887 1670 1941 suis
1708 1888 1869 1941 cleri-

162 1973 244 2026 cis
292 1971 577 2037 habenda,
629 1977 831 2042 quarta
870 1973 1141 2043 episcopo
1193 1976 1552 2042 reservanda,
1605 1980 1666 2028 ut
1708 1977 1872 2047 quid-

163 2061 307 2131 quid
339 2060 541 2113 exinde
564 2060 817 2128 jusserit,
851 2061 1124 2130 prudenti
1154 2062 1396 2117 concilio
1428 2063 1545 2118 ﬁat.

164 2149 297 2202 CAP.
352 2148 609 2202 CXXXIX.
652 2177 722 2188 —
777 2149 878 2203 Ubi
920 2152 1206 2203 terminari
1252 2151 1479 2206 debeant
1516 2156 1871 2209 contentiones

674 2224 804 2273 orta
834 2222 977 2273 inter
1002 2222 1362 2276 Christianos.
1632 2229 1642 2237 ‘

237 2307 338 2360 Ea:
388 2306 529 2360 decr.
575 2308 818 2362 Marcelli
847 2323 1027 2376 papae,
1070 2323 1189 2377 cap.
1226 2310 1299 2377 3.)
1337 2310 1702 2382 Quacunque
1734 2328 1870 2383 ergo

166 2396 563 2448 contentiones
589 2395 740 2449 inter
771 2396 1121 2449 Christianos
1150 2402 1292 2451 orta
1322 2398 1551 2462 fuerint,
1584 2400 1652 2454 ad
1685 2402 1871 2455 Eccle-

166 2483 312 2535 siam
347 2483 625 2549 deferant,
669 2490 727 2538 et
764 2485 835 2538 ab
875 2485 1269 2540 ecclesiasticis
1299 2487 1434 2540 viris
1471 2489 1868 2544 terminentur.

167 2572 232 2624 Et
273 2570 321 2623 si
374 2572 607 2626 obedire
648 2573 960 2635 noluerint,
1006 2589 1308 2645 quousque
1338 2575 1665 2631 obedianta
1714 2578 1868 2632 limi-

167 2660 342 2713 nibus
369 2668 577 2714 sancta
611 2661 872 2715 Ecclesia
902 2662 1292 2718 excludantur.

167 2748 300 2802 CAP.
337 2748 485 2802 CXL.
517 2778 585 2788 —
614 2752 689 2803 De
734 2751 817 2803 his
863 2752 959 2817 qui
991 2751 1285 2805 oblationes
1334 2759 1623 2821 parentum
1658 2760 1755 2808 aut
1794 2760 1869 2809 te-

235 2824 528 2883 stamenta,
570 2820 651 2873 vel
697 2820 840 2887 quod
886 2823 997 2889 ipsi
1049 2821 1375 2877 donaverint
1410 2825 1682 2891 Ecclesiis,
1739 2829 1867 2879 reti-

237 2906 368 2943 nere
396 2895 492 2943 aut
524 2892 741 2956 auferre
766 2897 1050 2945 conantur.

1981 495 2177 564 egerit,
2208 495 2397 549 videat
2428 513 2499 550 ne
2559 496 2991 551 damnationem
3035 500 3271 554 Anania
3326 506 3381 553 et
3411 502 3680 573 Saphyra

1980 582 2282 652 percipiat,
2338 586 2394 635 et
2420 599 2552 636 reus
2584 584 2871 654 sacrilegii
2903 586 3183 639 efﬁciatur
3216 588 3358 640 sicut
3404 589 3487 641 illi
3534 590 3688 643 fece»

1980 676 2116 724 runt
2147 672 2245 741 qui
2291 672 2478 742 pretia
2525 674 2936 742 pradictarum
2978 692 3169 730 rerum
3217 678 3576 746 fraudabant,
3610 680 3679 733 de

1981 760 2187 830 quibus
2220 761 2279 814 in
2313 761 2600 830 pradictis
2632 762 2844 831 legitur
2868 765 3261 833 apostolorum
3292 766 3543 822 Actibus.

2426 867 2555 921 CAP.
2592 868 2814 923 CXLIV.
2848 873 2921 924 De
2953 870 3135 923 eadem
3161 888 3236 926 re.

2052 954 2184 1020 (Ea:
2216 957 2411 1009 concil.
2459 956 2753 1025 Gangren.,
2808 972 2927 1025 cap.
2964 959 3047 1023 7.)
3102 958 3159 1012 Si
3190 959 3318 1029 quis
3361 961 3679 1015 oblationes

1980 1039 2245 1093 Ecclesia
2290 1046 2443 1094 extra
2486 1043 2787 1096 Ecclesiam
2839 1043 3095 1114 accipere
3125 1046 3213 1098 vel
3257 1046 3391 1100 dare
3439 1049 3679 1103 voluerit

1978 1130 2190 1195 prater
2221 1128 2630 1180 conscientiam
2665 1129 2914 1200 episcopi
2966 1131 3049 1183 vel
3103 1131 3225 1198 ejus
3268 1132 3357 1184 cui
3406 1132 3677 1202 hujusce-

1980 1214 2139 1268 modi
2171 1214 2358 1269 ofiicia
2389 1217 2691 1271 commissa
2724 1223 2877 1282 sunt,
2924 1234 3029 1271 nec
3083 1235 3211 1271 cum
3264 1218 3386 1287 ejus
3434 1218 3679 1272 voluerit

1981 1318 2147 1373 agere
2177 1304 2436 1371 consilio,
2471 1307 2775 1367 anathema
2805 1306 2893 1359 sit.

2387 1392 2514 1447 CAP.
2547 1394 2738 1448 CXLV.
2769 1423 2842 1433 —
2872 1397 2945 1448 De
2975 1394 3158 1448 eadem
3189 1410 3265 1447 re.

2048 1478 2158 1545 (Ea:
2188 1479 2389 1545 eodem,
2428 1496 2547 1549 cap.
2601 1480 2677 1550 8.)
2726 1482 2781 1536 Si
2821 1481 2948 1550 quis
2995 1481 3218 1535 dederit
3266 1482 3352 1533 vel
3397 1481 3678 1549 acceperit

1981 1566 2169 1620 oblata
2200 1573 2406 1638 prater
2435 1570 2767 1639 episcopum
2804 1572 2887 1622 vel
2923 1586 3053 1622 eum
3084 1570 3182 1639 qui
3215 1570 3555 1623 constitutus
3594 1575 3678 1622 est

1905 1688 1944 1741 Β
1982 1655 2051 1709 ab
2100 1672 2165 1709 eo
2220 1656 2285 1710 ad
2324 1657 2768 1726 dispensandam
2816 1658 3263 1713 misericordiam
3308 1658 3676 1730 pauperibus,

1982 1747 2037 1796 et
2067 1744 2166 1814 qui
2197 1744 2292 1797 dat
2324 1750 2381 1798 et
2419 1745 2518 1815 qui
2548 1746 2773 1815 accipit,
2810 1747 3117 1800 anathema
3140 1747 3230 1800 sit.

1980 1850 2108 1904 CAP.
2172 1852 2382 1906 CXLVI.
2425 1881 2497 1890 —
2560 1855 2625 1907 Ut
2686 1868 2862 1907 omnes
2918 1855 3174 1908 Ecclesia
3224 1855 3307 1907 vel
3352 1854 3568 1908 decima
3619 1854 3678 1906 in

2333 1924 2701 1991 episcoporum
2724 1929 2987 1992 potestate
3006 1928 3319 1979 consistant.

2052 2009 2159 2077 (Ea:
2188 2011 2356 2063 concil
2431 2011 2727 2077 Cabillon.,
2771 2028 2891 2079 cap.
2949 2015 3024 2082 l.)
3075 2013 3138 2066 In
3194 2017 3389 2065 sancto
3430 2011 3679 2065 Cabillo-

1980 2098 2143 2150 nensi
2172 2097 2413 2150 concilio
2444 2099 2735 2152 decretum
2770 2105 2855 2153 est
2906 2106 2963 2153 ut
3009 2116 3207 2154 omnes
3250 2100 3507 2154 Ecclesia
3547 2116 3675 2153 cum

1981 2185 2210 2239 dotibus
2239 2185 2356 2239 suis
2385 2192 2441 2240 et
2471 2187 2728 2255 decimis,
2773 2192 2829 2242 et
2875 2190 3143 2242 omnibus
3196 2189 3365 2241 rebus
3420 2188 3556 2253 suis,
3616 2188 3676 2241 in

1981 2275 2229 2344 episcopi
2258 2275 2478 2346 proprii
2508 2281 2786 2345 potestate
2826 2278 3162 2341 consistant,
3216 2284 3388 2347 atque
3418 2277 3486 2330 ad
3521 2276 3675 2329 ordi-

1980 2364 2275 2421 nationem
2307 2364 2394 2417 vel
2422 2364 2856 2435 dispositionem
2887 2382 3047 2419 suam
3084 2382 3309 2435 semper
3332 2365 3673 2435 pertineant.

1982 2452 2107 2507 CAP.
2142 2453 2389 2508 CXLVII.
2422 2481 2491 2494 —
2511 2455 2668 2518 Quod
2691 2456 3003 2509 tricennalis
3032 2457 3292 2524 possessio
3322 2458 3483 2523 ﬁrma
3510 2456 3600 2508 sit.

2052 2541 2173 2608 (Ea:
2221 2542 2408 2595 concil.
2455 2543 2691 2597 Toletan.
2740 2560 2793 2609 v,
2846 2560 2964 2613 cap.
3028 2545 3140 2611 35.)
3189 2544 3345 2598 Sicut
3388 2540 3678 2597 dioecesim

1980 2628 2225 2682 alienam
2254 2630 2585 2684 tricennalis
2616 2632 2894 2699 possessio
2938 2633 3103 2698 tollit,
3134 2632 3208 2684 ita
3238 2631 3513 2685 territorii
3545 2647 3677 2684 con-

1978 2722 2213 2771 ventum
2268 2735 2386 2772 non
2434 2720 2675 2773 admitit.
2738 2721 2984 2792 Ideoque
3042 2721 3284 2774 basilica
3328 2736 3456 2791 qua
3514 2735 3677 2773 nova

1979 2806 2221 2859 condita
2252 2807 2487 2875 fuerint,
2520 2809 2589 2862 ad
2608 2825 2741 2862 eum
2765 2810 2961 2879 procul
2994 2809 3166 2862 dubio
3197 2809 3532 2879 episcopum
3556 2824 3677 2880 per-

1978 2895 2267 2963 tinebunt,
2298 2898 2461 2966 cujus
2491 2903 2800 2952 conventus
2829 2915 2948 2951 esse
2980 2898 3314 2951 constiterit.

238 2978 362 3047 (Ea:
409 2978 600 3033 concil.
644 2979 828 3033 habito
849 2980 1000 3049 apud
1042 2981 1340 3046 Valentius,
1380 2996 1501 3051 cap.
1544 2982 1624 3051 4.)
1667 2983 1867 3038 Clerici
1908 2963 1948 3017 (ἶ

2030 3016 2109 3053 AP.
2147 2963 2419 3056 CXLVIII.
2478 3034 2545 3040 —
2590 3005 2657 3057 Ut
2709 3004 3053 3070 singularum
3100 3005 3459 3057 Ecclesiarum
3506 3005 3677 3057 rusti-

167 3066 346 3118 etiam
401 3066 489 3119 vel
537 3067 857 3132 saculares,
921 3067 1019 3138 qui
1066 3069 1382 3122 oblationes
1432 3076 1736 3139 parentum
1771 3078 1871 3125 aut

166 3155 435 3221 donatas,
484 3161 583 3208 aut
630 3155 982 3209 testamentis
1038 3156 1263 3209 relictas
1307 3157 1557 3211 retinere
1605 3159 1866 3228 perstite-

166 3243 305 3310 rint,
341 3248 439 3296 aut
467 3243 523 3296 id
556 3245 708 3313 quod
741 3243 851 3313 ipsi
890 3244 1229 3298 donaverint
1262 3246 1519 3299 Ecclesiis
1557 3248 1644 3301 vel
1677 3264 1869 3302 mona-

165 3331 363 3385 steriis
401 3332 747 3385 crediderint
781 3332 1181 3399 auferendum,
1216 3334 1362 3388 sicut
1392 3335 1646 3405 synodus
1678 3342 1870 3391 sancta

164 3420 487 3486 constituit,
522 3421 677 3474 velut
714 3428 1005 3475 necatores
1043 3437 1384 3492 pauperum,
1419 3440 1718 3496 quousque
1748 3426 1869 3479 red-

164 3509 308 3562 dant
339 3508 410 3562 ab
444 3510 700 3562 Ecclesiis
730 3510 1122 3565 excludantur.

240 3598 374 3652 CAP.
412 3597 590 3652 CXLI.
621 3629 689 3637 —
718 3602 790 3653 De
836 3600 953 3653 illis
983 3601 1079 3669 qui
1105 3600 1280 3654 Deum
1332 3600 1591 3655 haredem
1629 3603 1863 3667 faciunt.

241 3686 321 3754 (S.
354 3686 563 3741 Isidor.
602 3686 781 3756 dicit.)
835 3688 1189 3757 Augustinus
1216 3690 1293 3742 ait
1311 3688 1372 3741 in
1397 3688 1544 3743 libro
1569 3689 1637 3742 de
1677 3691 1868 3743 Hare-

166 3776 340 3829 dibus
371 3791 384 3828 :
424 3775 551 3829 Noli
596 3776 702 3829 sub
732 3775 983 3846 imagine
1021 3777 1249 3847 pietatis
1286 3792 1495 3847 augere
1543 3778 1866 3847 pecuniam,

166 3865 365 3919 dicens
398 3881 411 3918 :
452 3864 605 3918 Filiis
633 3865 773 3918 meis
804 3881 966 3918 servo
1008 3865 1111 3918 has
1145 3882 1255 3919 res.
1304 3866 1489 3929 Quare
1531 3883 1643 3920 non
1680 3866 1870 3937 potius

170 3969 364 4006 servas
404 3952 489 4006 illi
532 3952 630 4023 qui
673 3959 729 4006 te
786 3968 852 4006 ex
900 3952 1080 4007 nihilo
1130 3953 1282 4019 fecit,
1341 3954 1441 4024 qui
1488 3960 1543 4009 te
1578 3955 1780 4025 pascit,
1815 3960 1872 4009 et

166 4041 322 4096 ﬁlios
362 4042 583 4094 servat?
617 4042 816 4095 Nonne
847 4041 1051 4095 melius
1092 4042 1333 4095 creatori
1374 4048 1470 4095 tuo
1518 4044 1870 4097 thesauriza-

166 4129 260 4183 bis
290 4145 465 4199 quam
495 4128 667 4183 ﬁliis?
699 4131 837 4183 Item
870 4129 1024 4183 idem
1056 4146 1069 4183 :
1110 4130 1231 4194 Qua
1265 4129 1449 4184 fronte
1476 4131 1869 4185 hareditatem

2148 3088 2295 3127 cana
2314 3075 2585 3141 parochiae
2609 3088 2815 3142 semper
2835 3079 3089 3127 maneant
3118 3077 3459 3127 inconcussa.

2048 3160 2157 3229 (Ea:
2196 3163 2384 3214 concil.
2437 3161 2709 3226 Chalced.,
2742 3177 2862 3230 cap.
2903 3164 3013 3229 l7.)
3065 3162 3435 3230 Singularum
3486 3161 3672 3214 Eccle-

1978 3248 2192 3301 siarum
2236 3249 2473 3302 rusticas
2524 3249 2819 3319 parochias
2870 3250 2958 3302 vel
3018 3250 3404 3319 possessiones
3444 3264 3676 3302 manere

1978 3335 2347 3389 inconcussas
2382 3336 2493 3389 illis
2525 3337 2804 3405 episcopis
2858 3336 2956 3407 qui
2998 3354 3092 3390 eas
3136 3338 3383 3390 retinere
3435 3352 3677 3389 noscun-

1978 3427 2094 3481 tur.
2119 3428 2176 3476 et
2207 3424 2454 3477 maxime
2488 3424 2531 3476 si
2565 3440 2667 3494 per
2696 3424 3040 3478 tricennium
3066 3441 3159 3477 eas
3192 3426 3406 3496 absque
3445 3425 3498 3478 vi
3532 3425 3679 3478 obti-

1977 3516 2202 3578 nentes,
2248 3512 2354 3564 sub
2407 3512 2829 3581 dispensatione
2871 3517 3162 3565 rexerunt.
3213 3512 3372 3576 Quod
3433 3514 3480 3565 si
3528 3514 3681 3566 intra

1976 3598 2323 3653 tricennium
2373 3599 2518 3652 facta
2559 3600 2733 3653 fuerit
2768 3601 2837 3653 de
2874 3600 2962 3653 his
3015 3601 3328 3667 altercatio,
3375 3601 3544 3654 licere
3601 3601 3680 3652 eis

1979 3687 2078 3757 qui
2111 3703 2167 3740 se
2199 3679 2381 3741 lasos'
2408 3694 2693 3755 asserunt,
2739 3688 2887 3756 apud
2932 3692 3184 3740 sanctam
3231 3689 3508 3758 synodum
3550 3705 3680 3758 pro-

1978 3774 2180 3828 vincia
2213 3775 2281 3828 de
2313 3775 2399 3829 his
2430 3791 2656 3828 movere
2686 3779 2975 3828 certamen
3014 3776 3384 3830 decrevimus.

1980 3882 2108 3935 CAP.
2156 3881 2369 3935 CXLIX.
2404 3912 2469 3920 —
2503 3880 2659 3945 Quod
2698 3883 3011 3934 tricennalis
3056 3885 3337 3950 possessio,
3380 3884 3430 3936 si
3468 3884 3677 3935 intacta

2365 3954 2689 4021 permansit,
2721 3955 2928 4007 mutari
2951 3968 3056 4007 non
3084 3954 3289 4006 debeat.

2049 4041 2158 4111 (Ea:
2187 4044 2344 4109 epist.
2381 4042 2582 4096 Gelasii
2603 4056 2780 4109 papa,
2814 4057 2935 4110 cap.
2989 4042 3097 4111 ll.)
3128 4042 3270 4095 Illud
3304 4041 3475 4094 etiam
3509 4041 3677 4095 adne-

1981 4129 2055 4183 cti
2104 4129 2319 4199 placuit
2347 4136 2411 4183 ut
2441 4130 2507 4196 si,
2544 4130 2693 4200 quod
2738 4130 2904 4195 absit,
2939 4131 3233 4184 facultates
3264 4131 3541 4196 Ecclesia,
3578 4146 3681 4183 nec

168 4234 203 4271 a
253 4218 479 4271 Christo
529 4218 761 4288 quaris,
819 4234 999 4289 quum
1048 4218 1337 4272 Christum
1384 4223 1484 4273 tua
1532 4220 1867 4275 hareditate
1898 4244 1939 4298 ι)
1981 4234 2096 4271 non
2128 4223 2187 4272 et
2218 4217 2487 4272 diaceses
2517 4219 2586 4272 ab
2631 4219 2753 4272 aliis
2786 4219 3110 4289 quibusque
3158 4218 3523 4287 possidentur
3567 4218 3682 4289 epi-

166 4305 563 4359 fraudaveris?
612 4306 721 4370 Qui
757 4306 943 4361 dixit:
983 4306 1383 4361 Thesaurizate
1430 4307 1592 4361 vobis
1628 4308 1866 4363 thesau-

166 4409 265 4446 ros
292 4393 355 4446 in
380 4393 562 4448 calo?

167 4481 299 4535 CAP.
328 4481 523 4537 CXLII.
558 4511 625 4522 —
651 4484 725 4535 De
754 4482 840 4535 his
887 4484 984 4550 qui
1015 4482 1307 4537 oblationes
1362 4482 1738 4547 defunctorum
1777 4490 1873 4540 aut

554 4558 756 4620 negant
783 4557 881 4606 aut
910 4553 1213 4620 difﬁculter
1228 4554 1485 4608 reddunt.

241 4644 355 4706 (Ea:
382 4643 568 4696 concil.
602 4642 752 4711 apud
797 4643 1093 4708 Valentias,
1135 4658 1255 4711 cap.
1308 4644 1383 4708 4.)
1416 4641 1525 4706 Qui
1555 4642 1871 4698 oblationes

166 4728 577 4783 defunctorum
612 4734 711 4783 aut
749 4734 963 4800 negant
1002 4730 1278 4794 Ecclesiis,
1316 4735 1414 4783 aut
1459 4747 1590 4784 cum
1623 4732 1870 4786 difﬁcul-

163 4820 280 4870 tate
330 4817 598 4885 reddunt,
641 4822 916 4888 tanquam
957 4818 1251 4889 egentium
1305 4824 1600 4874 necatores
1651 4836 1872 4875 excom-

165 4906 561 4960 municentur.

570 4995 696 5048 CAP.
732 4994 956 5049 CXLIII.
992 5024 1059 5037 —
1078 4996 1160 5049 De
1179 4995 1363 5050 eadem
1384 5011 1463 5050 re.

234 5082 345 5144 (Ea:
370 5081 516 5134 decr.
551 5081 758 5136 Urbani
782 5098 961 5151 papa,
996 5097 1115 5152 cap.
1157 5082 1237 5151 4.)
1267 5083 1394 5151 Ipse
1426 5082 1579 5136 enim
1612 5097 1702 5136 res
1733 5082 1869 5137 fide-

160 5167 328 5233 lium,
373 5168 695 5223 oblationes
729 5170 1111 5241 appellantur,
1154 5171 1292 5242 quia
1337 5170 1581 5225 Domino
1611 5171 1864 5225 offerun-

156 5259 274 5309 tur.
308 5257 436 5311 Non
466 5274 602 5328 ergo
631 5258 840 5313 debent
866 5259 927 5312 in
957 5260 1097 5313 alios
1136 5275 1275 5313 usus
1306 5275 1481 5329 quam
1530 5259 1865 5314 ecclesiasti-

155 5360 273 5407 cos,
303 5358 360 5399 et
389 5347 799 5416 pradictorum
829 5347 1288 5403 Christianorum
1318 5348 1561 5401 fratrum
1594 5349 1681 5402 vel
1711 5348 1857 5403 indi-

152 5434 423 5502 gentium
449 5436 727 5502 converti,
763 5436 899 5507 quia
928 5441 1057 5491 vota
1088 5440 1221 5490 sunt
1265 5435 1548 5502 ﬁdelium,
1591 5442 1646 5490 et
1676 5438 1860 5507 pretia

152 5528 548 5593 peccatorum,
599 5530 769 5598 atque
818 5525 884 5580 ad
934 5524 1271 5597 pradictum
1322 5540 1464 5596 opus
1512 5525 1855 5595 explendum

1978 4307 2183 4377 scopis,
2216 4307 2348 4377 jure
2397 4308 2509 4363 sibi
2558 4308 2850 4363 vindicent
2888 4308 3037 4379 quod
3072 4307 3396 4361 tricennalis
3436 4309 3522 4362 lex
3552 4323 3683 4362 con-

1981 4395 2167 4462 clusit,
2203 4395 2337 4465 quia
2368 4402 2424 4448 et
2454 4397 2603 4449 ultra
2635 4396 2869 4467 triginta
2900 4412 3079 4449 annos
3111 4396 3253 4449 nulli
3290 4397 3453 4451 liceat
3484 4412 3589 4466 pro
3612 4413 3681 4451 eo

1981 4484 2292 4554 appellare,
2323 4485 2474 4554 quod
2507 4486 2698 4555 legum
2717 4491 2944 4554 tempus
2975 4485 3241 4539 excludit.

1981 4590 2110 4646 CAP.
2147 4591 2249 4646 CL.
2284 4620 2350 4630 —
2404 4591 2545 4645 Idem
2604 4591 2669 4644 de
2717 4591 2879 4674 rebus
2932 4606 3030 4659 per
3072 4592 3299 4657 triginta
3337 4607 3505 4646 annos
3550 4606 3677 4662 pos-

2745 4676 2923 4715 $85528.

2049 4751 2160 4820 (Ea:
2197 4752 2383 4805 concil.
2419 4752 2721 4816 Matiscen.,
2779 4765 2898 4817 cap.
2949 4749 3029 4818 7.)
3066 4750 3134 4803 Ut
3173 4749 3243 4802 de
3273 4750 3447 4803 rebus
3496 4750 3680 4802 Eccle-

1978 4839 2192 4893 siarum
2244 4855 2373 4910 qua
2413 4838 2482 4892 ab
2540 4838 2623 4891 eis
2668 4854 2771 4908 per
2819 4837 3054 4906 triginta
3102 4853 3385 4892 annorum
3433 4837 3680 4906 spatium

1978 4926 2100 4981 sine
2148 4928 2263 4982 ulla
2307 4926 2764 4997 interpellatione
2821 4942 3095 4996 possessa
3141 4930 3297 4994 sunt,
3350 4924 3707 4979 testimonia

1977 5032 2093 5070 non
2119 5016 2485 5085 recipiantur,
2518 5015 2614 5068 sed
2647 5031 2714 5067 eo
2746 5015 2914 5068 modo
2949 5015 3373 5079 contineantur,
3421 5014 3565 5067 sicut
3590 5030 3680 5067 res

1980 5104 2050 5158 ad
2083 5105 2283 5158 iiscum
2316 5104 2668 5157 dominicum
2697 5104 3050 5173 pertinentes
3081 5102 3361 5156 contineri
3394 5102 3598 5154 solent.

2099 5193 2227 5248 CAP.
2259 5192 2389 5247 CLI.
2422 5222 2489 5231 -—
2518 5195 2589 5246 De
2609 5192 2745 5329 illisr,
2783 5194 2879 5275 qui
2907 5192 2974 5316 ste
2995 5192 3226 5245 ccclesiis
3250 5192 3554 5246 cameleria

2741 5280 2901 5317 aaun
2933 5305 2944 5316 .

2741 5280 2944 5317 amant.

2047 5350 2158 5417 (Em
2187 5351 2372 5404 concil.
2407 5350 2688 5415 Meldensi,
2721 5366 2841 5419 cap.
2876 5352 2954 5417 9.)
2983 5348 3269 5419 Antiquus
3299 5349 3357 5402 in
3389 5348 3475 5401 his
3500 5347 3682 5417 regio-

1972 5439 2139 5493 nibus
2210 5437 2268 5491 in
2324 5438 2565 5493 Ecclesia
2614 5438 3078 5509 sepeliendorum
3125 5444 3484 5492 mortuorum
3544 5453 3679 5490 usus

1973 5528 2100 5593 fuit,
2134 5532 2189 5582 et
2223 5527 2568 5598 plerumque
2599 5528 2719 5581 loca
2758 5526 2951 5581 divino
3001 5527 3178 5581 cultui
3228 5527 3572 5597 mancipata,
3622 5531 3677 5579 et
