4028 6190
350 265 452 317 703

1430 262 1841 319 BURCHARDI
1881 260 2414 319 WORMACIENSIS
2449 260 2781 318 EPISCOPI.
3752 267 3847 321 7οῑ

296 384 301 389 ’
347 385 419 440 ad
467 385 788 440 offerendas
829 388 942 442 Deo
983 386 1198 442 hostias
1221 390 1543 458 praeparata
1563 387 1888 442 caimeteria
1929 388 2045 442 sive
2075 390 2119 442 Α
2158 391 2384 441 aetatem
2443 386 2793 457 decrepitam
2840 385 2981 441 levis
3030 402 3096 441 ac
3140 387 3389 441 lubricus
3453 388 3694 455 exstitit,
3746 407 3850 445 mo-

345 475 685 545 polyandria
715 475 862 530 facta
890 481 1039 530 sunt.
1090 476 1247 531 Unde
1279 477 1547 530 volumus
1594 481 1658 531 ut
1705 477 1775 531 ab
1828 477 1935 530 hac
1985 492 2048 530 re

349 563 619 633 deinceps
650 563 1016 624 abstineatur.
1044 570 1108 618 ut
1137 581 1308 618 nemo
1348 565 1409 618 in
1440 565 1686 618 Ecclesia
1716 567 2045 636 sepeliatur,

350 651 462 706 nisi
487 651 631 705 forte
663 652 791 705 talis
839 653 909 705 sit
957 669 1203 723 persona
1244 653 1574 720 sacerdotis,
1617 658 1715 708 aut
1745 653 2052 723 cujuslibet

347 739 489 810 justi
521 740 789 803 hominis,
818 741 917 810 qui
960 757 1063 811 per
1099 742 1228 794 vitae
1277 742 1549 795 meritum
1592 743 1765 796 talem
1809 742 2049 796 vivendo

351 846 453 883 suo
485 828 711 899 corpori
755 828 1021 883 defuncto
1062 831 1246 883 locum
1291 830 1607 901 acquisivit.
1641 830 1890 902 Corpora
1920 847 2051 885 vero

354 932 483 987 quae
515 915 835 986 antiquitus
868 917 927 971 in
958 918 1221 971 Ecclesiis
1252 919 1473 989 sepulta
1499 924 1648 985 sunt,
1684 935 2051 990 nequaquam

351 1004 746 1074 proiiciantur,
784 1005 895 1058 nisi
941 1008 1054 1060 sint
1098 1023 1479 1078 paganorum,
1523 1008 1619 1061 sed
1672 1008 1879 1061 tumuli
1951 1007 2052 1077 qui

351 1098 631 1163 apparent
660 1094 997 1163 profundius
1047 1095 1107 1148 in
1150 1100 1363 1149 terram
1420 1096 1741 1162 mittantur,
1795 1102 1850 1150 et
1893 1096 2051 1167 pavi-

354 1186 546 1236 mento
577 1181 823 1251 desuper
854 1183 1000 1237 facto
1033 1185 1191 1238 nullo
1218 1186 1577 1238 tumulorum
1607 1185 1847 1254 vestigio
1879 1201 2053 1255 appa-

352 1275 538 1339 rente,
603 1271 862 1325 Ecclesiae
918 1273 1242 1326 reverentia
1297 1280 1685 1328 conservetur.
1753 1274 1858 1328 Ubi
1917 1290 2051 1328 vero

352 1363 513 1413 tanta
551 1363 635 1412 est
685 1360 997 1414 multitudo
1049 1361 1410 1428 cadaverum,
1456 1367 1517 1415 ut
1548 1362 1654 1416 hoc
1685 1362 1867 1416 facere
1899 1362 2051 1417 difﬁ-

353 1448 459 1502 cile
490 1447 583 1515 sit,
635 1449 794 1501 locus
850 1449 945 1502 ille
988 1466 1093 1519 pro
1140 1450 1469 1504 coemeterio
1517 1450 1816 1516 habeatur,
1863 1451 2052 1505 ablato

353 1536 486 1591 inde
539 1536 805 1605 altari,et
825 1537 882 1590 in
937 1538 1048 1591 alio
1102 1538 1226 1591 loco
1271 1539 1597 1605 constituto,
1648 1539 1747 1592 ubi
1787 1538 2053 1610 religiose

352 1630 411 1679 et
440 1640 582 1694 pure
626 1626 738 1679 Deo
769 1626 1107 1681 sacriﬁcium
1143 1627 1335 1681 offerri
1366 1627 1571 1680 valeat.

356 1730 486 1785 CAP.
523 1730 680 1784 CLII.
714 1762 782 1771 ——
822 1735 900 1786 De
931 1732 1042 1786 illis
1091 1735 1189 1802 qui
1229 1735 1288 1786 in
1324 1736 1497 1788 sacris
1545 1734 1672 1788 locis
1719 1748 1775 1788 se
1829 1737 2053 1804 sepelire

1061 1806 1338 1873 petierint.

427 1887 690 1959 (August.
722 1888 903 1960 dicit.)
950 1889 1166 1954 Quibus
1212 1895 1443 1960 peccata
1497 1891 1732 1946 dimissa
1770 1908 1889 1946 non
1921 1898 2054 1948 sunt

355 1993 388 2030 a
451 1976 623 2030 sacris
671 1977 807 2030 locis
854 1983 984 2047 post
1026 1984 1268 2033 mortem
1312 1980 1573 2050 adjuvari
1617 1996 1737 2034 non
1788 1987 2048 2051 possunt,

355 2066 492 2136 quia
522 2081 665 2135 quos
689 2071 919 2134 peccata
951 2067 1146 2136 gravia
1195 2068 1548 2137 deprimunt,
1582 2068 1631 2121 si
1669 2068 1732 2122 in
1760 2068 1931 2122 sacris
1961 2070 2053 2123 lo-

352 2154 430 2208 cis
460 2154 701 2223 sepelire
729 2170 787 2208 se
820 2155 1039 2210 faciunt
1062 2171 1075 2221 ;
1113 2160 1365 2210 restatut
1390 2156 1460 2210 de
1478 2173 1577 2210 sua
1599 2157 2051 2226 prtesumptione

346 2242 698 2312 judicentur,
754 2249 1036 2313 quatenus
1086 2261 1182 2299 eos
1232 2261 1389 2299 sacra
1434 2246 1560 2299 loca
1606 2262 1723 2299 non
1784 2247 2050 2313 liberant,

358 2331 455 2386 sed
483 2331 649 2401 culpa
677 2332 1018 2385 temeritatis
1048 2339 1293 2388 accusat.

764 2420 892 2474 CAP.
929 2422 1113 2476 CLIII.
1147 2452 1217 2462 —
1248 2423 1331 2476 De
1357 2422 1540 2477 eadem
1568 2427 1659 2476 re.’

431 2507 673 2578 (Gregor.
706 2508 844 2562 dicit
881 2512 940 2562 in
968 2509 1184 2577 dialogo
1222 2510 1366 2577 suo.)
1398 2510 1537 2565 Cum
1587 2510 1779 2580 gravia
1824 2516 2054 2579 peccata

354 2610 474 2648 non
505 2594 858 2664 deprimunt,
915 2595 1022 2649 hoc
1061 2597 1292 2666 prodest
1325 2598 1568 2650 mortuis
1599 2598 1645 2650 si
1677 2598 1735 2651 in
1795 2598 2053 2652 Ecclesiis

358 2682 727 2753 sepeliantur,
757 2684 909 2754 quod
948 2701 1149 2739 eorum
1184 2685 1430 2755 proximi
1478 2688 1700 2756 quoties
1752 2688 1818 2741 ad
1853 2688 2053 2742 eadem

358 2772 480 2826 loca
531 2788 690 2826 sacra
741 2773 999 2840 veniunt,
1062 2790 1321 2840 suorum,
1376 2791 1624 2845 quorum
1697 2778 2052 2847 sepulturam

356 2860 660 2932 aspiciunt,
731 2862 1085 2929 recordatur,
1135 2869 1193 2917 et
1258 2879 1364 2933 pro
1414 2863 1497 2917 eis
1557 2864 1801 2919 Domino
1856 2881 2053 2937 preces

355 2950 625 3005 fundunt.
658 2950 801 3004 Nam
829 2966 974 3021 quos
1002 2958 1232 3022 peccata
1275 2952 1471 3021 gravia
1517 2952 1868 3023 deprimunt,
1932 2972 2049 3010 non
2084 2939 2125 2995 Ο

357 3038 426 3092 ad
457 3038 878 3092 absolutionem
909 3039 1103 3108 potius
1135 3056 1306 3110 quam
1343 3040 1414 3094 ad
1434 3040 1820 3096 damnationis
1851 3059 2052 3097 cumu-

356 3127 477 3179 lum
510 3128 807 3195 majorem,
840 3142 1041 3180 eurum
1067 3143 1310 3197 corpora
1343 3130 1404 3181 in
1447 3129 1705 3183 Ecclesiis
1741 3136 2052 3199 ponuntur.

358 3213 516 3278 Quod
575 3214 780 3267 melius
828 3214 1206 3280 ostendimus,
1248 3214 1295 3268 si
1339 3231 1405 3269 ea
1436 3232 1561 3287 quas
1607 3217 1806 3271 diebus
1849 3220 2055 3273 nostris

359 3305 516 3372 gesta
543 3306 680 3355 sunt
709 3301 957 3355 breviter
985 3318 1339 3357 enarremus.
1380 3304 1478 3357 Vir
1507 3319 1757 3376 namque
1790 3306 1917 3360 vitae
1968 3324 2056 3361 ve-

360 3389 631 3444 nerabilis
691 3390 845 3445 Felix
889 3392 1217 3445 Portuensis
1269 3392 1588 3463 episcopus,
1640 3393 1700 3447 in
1758 3394 2053 3450 Sabinensi

357 3478 653 3548 provincia
693 3484 850 3533 ortus
893 3483 1066 3550 atque
1129 3480 1411 3534 enutritus
1438 3487 1539 3542 est.
1592 3481 1692 3552 qui
1742 3485 2053 3553 quamdam

359 3567 853 3622 sanctimonialem
884 3568 1159 3623 feminam
1186 3568 1245 3623 in
1282 3570 1404 3624 loco
1432 3571 1631 3624 eodem
1670 3570 1845 3625 fuisse
1882 3579 2053 3627 testa-

356 3659 470 3723 tur,
521 3671 651 3726 quas
691 3656 879 3710 carnis
926 3656 1159 3727 quidem
1205 3657 1623 3713 continentiam
1678 3659 1900 3727 habuit,
1953 3662 2055 3717 sed

358 3743 573 3814 linguas
600 3747 1005 3814 procacitatem
1036 3751 1208 3817 atque
1242 3747 1668 3818 stultiloquium
1716 3764 1831 3802 non
1879 3749 2054 3804 decli-

360 3831 532 3887 navit.
568 3833 702 3887 Hazc
730 3833 906 3904 igitur
933 3834 1219 3901 defuncta,
1252 3839 1422 3906 atque
1475 3835 1535 3889 in
1564 3836 1809 3890 Ecclesia
1832 3839 2057 3908 sepulta

361 3927 465 3975 est.
513 3923 685 3976 Nocte
736 3929 924 3976 autem
970 3925 1172 3978 eadem
1223 3923 1476 3994 ejusdem
1560 3926 1817 3979 Ecclesiae
1866 3933 2056 3982 custos

361 4025 467 4079 per
517 4011 925 4065 revelationem
999 4011 1158 4077 vidit,
1221 4011 1357 4081 quia
1423 4012 1593 4066 ducta
1645 4018 1779 4067 ante
1830 4030 2055 4071 sacrum

366 4099 543 4153 altare
592 4115 696 4169 per
742 4099 998 4154 medium
1043 4099 1360 4165 secabatur,
1402 4115 1534 4169 pars
1577 4116 1695 4154 una
1741 4101 1894 4156 illius
1933 4103 2058 4174 igni

2155 476 2409 546 dumque
2440 476 2556 528 suis
2585 475 2955 546 pravitatibus
2984 491 3199 545 ponere
3242 479 3611 548 contempsit.
3656 479 3849 535 Eadem

2156 580 2288 617 vero
2310 569 2475 618 nocte
2509 580 2624 634 qua
2664 565 2919 633 sepultus
2948 570 3052 631 est,
3100 565 3296 618 beatus
3348 567 3661 619 Faustinus
3710 582 3845 620 mar-

2156 657 2267 723 tyr,
2320 653 2382 706 in
2437 654 2599 722 cujus
2650 652 2889 706 Ecclesia
2953 669 3161 722 corpus
3213 654 3337 723 ejus
3389 655 3501 708 fuit
3549 656 3843 710 humatum

2158 742 2380 797 custodi
2407 757 2512 795 suo
2542 741 2811 812 apparuit
2852 741 3044 795 dicens
3078 757 3092 795 :
3136 743 3283 796 Vade
3338 748 3395 795 et
3422 743 3515 796 dic
3565 744 3848 814 episcopo,

2159 828 2425 899 projiciat
2451 829 2584 882 hinc
2616 830 2858 882 fetentes
2886 845 3086 882 carnes
3126 846 3266 899 quas
3294 830 3388 883 hic
3438 832 3661 900 posuit,
3708 831 3851 901 quia,

2160 916 2206 970 si
2238 933 2355 970 non
2391 917 2604 982 fecerit,
2661 917 2782 988 ipse
2835 917 2925 971 die
2975 917 3269 986 trigesimo
3322 920 3631 972 morietur.
3685 920 3853 983 Quam

2162 1004 2436 1059 visionem
2469 1011 2658 1059 custos
2686 1006 2956 1076 episcopo
3014 1006 3208 1060 timuit
3254 1008 3541 1073 confiteri,
3574 1012 3631 1060 et
3672 1023 3852 1060 rursus

2160 1095 2491 1149 admonitus
2518 1095 2841 1148 declinavit.
2894 1095 2994 1149 Die
3025 1100 3216 1148 autem
3251 1096 3575 1165 trigesimo,
3608 1096 3853 1165 ejusdem

2162 1184 2402 1238 civitatis
2431 1183 2752 1254 episcopus,
2785 1199 2913 1236 cum
2946 1183 3271 1253 vespertina
3308 1184 3454 1237 hora
3486 1200 3666 1236 sanus
3696 1189 3853 1254 atque

2159 1272 2468 1326 incolumis
2533 1273 2602 1325 ad
2653 1272 2864 1325 lectum
2908 1271 3170 1336 redisset,
3222 1271 3408 1325 subita
3458 1276 3520 1324 et
3571 1271 3856 1343 inopinata

2162 1366 2343 1415 morte
2375 1360 2679 1416 defunctus
2709 1366 2816 1414 est.

2578 1465 2705 1520 CAP.
2740 1466 2890 1520 CLV.
2927 1494 2993 1504 —
3028 1466 3110 1519 De
3147 1465 3334 1519 eadem
3358 1480 3437 1518 re.

2235 1570 2391 1641 (Item
2424 1570 2607 1640 Greg.)
2670 1571 2844 1624 Adest
2873 1587 3103 1641 quoque
3149 1570 3210 1624 in
3256 1570 3531 1640 praesenti
3564 1586 3735 1623 senex
3762 1586 3854 1623 vc-

2079 1663 2120 1717 B
2157 1658 2429 1712 nerabilis
2484 1663 2647 1728 pater
2715 1658 3021 1712 Venentius
3099 1659 3374 1712 Lunensis
3436 1658 3767 1730 episcopus,
3807 1662 3855 1712 et

2161 1746 2502 1817 magnificus
2532 1747 2787 1803 Liberius
2828 1747 2913 1800 vir
2964 1746 3349 1800 nobilissimus
3410 1753 3592 1818 atque
3633 1746 3850 1801 veracis-

2160 1835 2360 1902 simus,
2419 1836 2518 1907 qui
2575 1852 2634 1890 se
2693 1836 2834 1889 scire
2901 1850 3147 1905 suosque
3218 1834 3485 1888 homines
3544 1834 3853 1889 interfuisse

2159 1931 2443 1981 testantur
2473 1925 2526 1978 ei
2558 1923 2664 1990 rei,
2711 1940 2881 1995 quam
2930 1929 3168 1977 narrant
3217 1940 3407 1993 nuper
3453 1922 3518 1977 in
3576 1923 3851 1979 Genuensi

2160 2016 2304 2070 urbe
2334 2013 2658 2083 contigisse.
2685 2013 2766 2066 lbi
2792 2028 3059 2083 namque,
3094 2019 3156 2065 ut
3176 2012 3390 2076 dicunt,
3410 2012 3751 2065 Valentinus
3771 2027 3851 2064 no-

2162 2104 2316 2159 mine
2346 2102 2778 2158 Mediolanensis
2816 2101 3078 2155 Ecclesiae
3119 2101 3388 2155 defensor
3420 2100 3732 2154 defunctus
3759 2104 3847 2165 est,

2157 2192 2244 2246 vir
2299 2192 2459 2245 valde
2511 2191 2785 2257 lubricus,
2845 2195 2904 2243 et
2957 2190 3175 2243 cunctis
3232 2190 3570 2242 levitatibus
3626 2204 3847 2259 occupa-

2158 2286 2273 2347 tus,
2305 2282 2467 2351 cujus
2495 2296 2705 2348 corpus
2734 2279 2792 2332 in
2842 2279 3077 2332 ecclesia
3121 2279 3273 2332 beati
3304 2279 3584 2348 martyris
3614 2278 3737 2348 Syri
3782 2294 3853 2331 se-

2159 2371 2387 2440 pultum
2442 2374 2546 2434 est,
2592 2368 2764 2422 Nocte
2802 2373 2994 2420 autem
3040 2367 3226 2420 media
3283 2368 3342 2420 in
3392 2367 3601 2419 eadem
3641 2364 3858 2419 ecclesia

2160 2458 2324 2512 factas
2355 2462 2487 2510 sunt
2539 2473 2724 2524 voces,
2773 2472 2837 2510 ac
2872 2456 2918 2509 si
2964 2457 3095 2526 quis
3129 2455 3411 2508 violenter
3432 2472 3501 2508 ex
3537 2472 3605 2508 ea
3639 2455 3860 2525 repelle-

2160 2552 2321 2602 retur
2353 2563 2417 2600 ac
2446 2546 2773 2600 traheretur
2821 2544 2991 2598 foras.
3035 2545 3119 2597 Ad
3174 2559 3316 2614 quas
3368 2543 3655 2597 nimirum
3710 2558 3861 2595 voces

2161 2636 2469 2691 currebant
2511 2634 2793 2697 custodes,
2844 2637 2901 2687 et
2955 2632 3226 2686 viderunt
3275 2632 3421 2685 duos
3457 2632 3742 2701 quosdam
3785 2635 3861 2683 te-

2159 2726 2430 2779 terrimos
2459 2722 2716 2794 spiritus,
2761 2722 2859 2792 qui
2888 2722 3149 2791 ejusdem
3181 2720 3468 2774 Valentini
3517 2721 3697 2790 pedes
3727 2735 3858 2789 qua-

2161 2814 2294 2868 dam
2353 2813 2600 2883 ligatura
2646 2811 3012 2878 strinxerant,
3060 2813 3118 2862 et
3157 2825 3287 2863 eum
3328 2809 3400 2861 ab
3468 2809 3714 2863 ecclesia
3761 2808 3858 2861 cla-

2162 2908 2416 2956 mantem
2454 2918 2516 2955 ac
2574 2900 2817 2954 nimium
2877 2898 3286 2952 vociferantem
3326 2898 3480 2951 foras
3539 2898 3857 2951 trahebant.

2168 2991 2279 3055 Qui
2335 2989 2599 3043 videlicet
2669 2987 2882 3053 territi,
2929 2987 2998 3040 ad
3060 3003 3163 3039 sua
3219 2990 3394 3039 strata
3449 2986 3670 3039 reversi
3717 2988 3855 3037 sunt.

2168 3081 2328 3135 Mane
2382 3083 2571 3132 autem
2618 3077 2786 3141 facto,
2838 3080 3189 3145 aperuerunt
3237 3075 3573 3145 sepulcrum
3634 3075 3694 3128 in
3751 3089 3854 3143 quo

2165 3167 2319 3221 idem
2371 3165 2705 3219 Valentinus
2776 3163 2995 3233 positus
3043 3168 3182 3229 erat,
3227 3164 3463 3233 ejusque
3512 3179 3725 3233 corpus
3757 3178 3859 3214 non

2162 3254 2526 3309 invenerunt.
2582 3252 2840 3322 Cumque
2888 3261 3044 3306 extra
3092 3252 3353 3303 ecclesias
3393 3257 3727 3321 quaererent
3777 3250 3861 3303 ubi

2164 3344 2481 3415 projectum
2543 3345 2708 3404 esset,
2760 3341 3106 3394 invenerunt
3153 3341 3256 3392 huc
3314 3339 3370 3392 in
3422 3340 3692 3408 sepulcro
3762 3339 3860 3391 alio

2164 3432 2434 3503 positum,
2467 3429 2654 3501 ligatis
2680 3429 2864 3482 adhuc
2896 3428 3133 3499 pedibus
3176 3429 3320 3480 sicut
3368 3428 3436 3479 de
3470 3429 3714 3480 ecclesia
3761 3428 3855 3480 fuit;

2164 3520 2531 3574 abstractum.
2571 3518 2646 3572 Ex
2674 3534 2787 3588 qua
2816 3534 2895 3584 re,
2947 3519 3128 3577 Petre,
3177 3516 3398 3585 collige,
3449 3516 3589 3586 quia
3636 3517 3692 3569 bi
3734 3532 3862 3584 quos

2163 3611 2395 3677 peccata
2432 3605 2626 3675 gravia
2672 3605 3024 3674 deprimunt,
3070 3604 3117 3657 si
3167 3604 3223 3656 in
3257 3619 3417 3656 sacro
3463 3605 3584 3655 loco
3634 3602 3862 3673 sepelire

2164 3711 2225 3748 se
2281 3694 2511 3760 faciant,
2559 3698 2735 3746 restat
2786 3698 2849 3745 ut
2919 3691 3090 3745 etiam
3144 3692 3212 3744 de
3267 3708 3367 3743 sua
3413 3692 3861 3759 praesumptione

2158 3783 2513 3855 judicentur,
2547 3788 2830 3853 quatenus
2862 3797 2960 3833 eos
2992 3796 3149 3832 sacra
3182 3781 3298 3833 loca
3330 3796 3442 3832 non
3473 3780 3741 3843 libarent,
3770 3777 3855 3832 sed

2166 3873 2338 3926 etiam
2370 3872 2540 3942 culpa
2560 3869 2899 3925 temeritatis
2930 3874 3171 3923 accuset.

2584 3994 2713 4048 CAP.
2747 3993 2917 4049 CLVI.
2950 4021 3022 4032 —
3049 3994 3120 4045 De
3151 3991 3334 4044 eadem
3361 4005 3436 4043 re.

2238 4099 2395 4169 (Item
2428 4101 2619 4165 Greg.)
2654 4100 2792 4152 Nam
2834 4097 2974 4168 quid
3007 4113 3236 4167 quoque
3266 4096 3327 4149 in
3377 4095 3483 4149 hac
3520 4096 3666 4149 urbe
3698 4093 3858 4149 conti-

362 4186 741 4254 cremabatur,
767 4203 900 4256 pars
922 4191 1114 4241 autem
1135 4186 1537 4242 alteraintacta
1556 4191 1850 4245 remansit.
1881 4191 2053 4247 Cum-
2084 4220 2129 4273 Β
2167 4188 2337 4260 gerit,
2388 4187 2701 4241 tinctorum
2747 4187 2845 4257 qui
2895 4186 2984 4238 hic
3032 4185 3303 4273 habitant
3336 4184 3653 4237 multitudo
3690 4188 3857 4273 testa-

361 4290 474 4345 que
503 4274 611 4328 hoc
638 4290 879 4344 surgens
925 4288 1093 4328 mane
1140 4275 1414 4330 fratribus
1470 4282 1751 4346 narraret,
1782 4283 1838 4333 et
1867 4281 2055 4335 locum

363 4361 533 4415 vellet
562 4362 857 4416 ostendere
882 4362 944 4416 in
983 4378 1096 4433 quo
1126 4362 1312 4416 fuerat
1358 4363 1492 4433 igne
1529 4373 1886 4438 consumpta,
1936 4369 2060 4440 ipsa

362 4449 610 4503 flammae
641 4450 960 4505 combustio
987 4450 1068 4504 ita
1096 4455 1227 4505 ante
1247 4452 1425 4505 altare
1446 4454 1712 4522 apparuit
1729 4455 1787 4508 in
1805 4472 2058 4510 marmo-

364 4538 542 4605 ribus,
575 4554 639 4591 ac
668 4538 716 4592 si
746 4539 863 4593 illic
903 4539 1104 4593 eadem
1136 4539 1351 4594 femina
1380 4556 1655 4612 corporeo
1694 4542 1896 4598 fuisset
1925 4546 2060 4616 igne

363 4631 741 4682 concremata.
774 4629 854 4682 Ex
876 4644 991 4698 qua
1020 4644 1079 4681 re
1111 4633 1307 4698 aperte
1335 4628 1504 4684 datur
1534 4629 1803 4702 intelligi,
1835 4633 1973 4701 quia
1999 4632 2059 4687 hi

363 4716 574 4788 quibus
602 4721 830 4786 peccata
860 4716 1096 4772 dimissa
1125 4735 1240 4772 non
1263 4718 1496 4785 fuerint,
1523 4719 1593 4773 ad
1624 4720 1951 4774 evitandum
1970 4720 2060 4791 ju-

361 4804 574 4889 dicium
607 4804 780 4860 sacris
811 4806 948 4861 locis
977 4812 1103 4878 post
1122 4813 1365 4862 mortem
1398 4823 1510 4861 non
1543 4809 1731 4862 valent
1780 4808 2056 4878 adjuvari.

769 4894 898 4949 CAP.
934 4895 1109 4951 CLIV.
1147 4899 1307 4950 —De
1344 4896 1529 4950 eadem
1566 4912 1643 4950 re.

431 4982 599 5052 (Item
627 4982 812 5053 Greg.)
853 4984 1104 5038 Joannes
1146 4999 1376 5055 quoque
1426 4983 1769 5054 magnificus
1817 4983 1879 5038 in
1954 4985 2061 5039 hac

358 5069 500 5124 urbe
560 5070 746 5125 locum
802 5071 1189 5142 perfecturum
1249 5086 1501 5137 servans,
1582 5072 1746 5142 cujus
1804 5071 2061 5127 veritatis

364 5162 532 5226 atque
562 5158 854 5228 gravitatis
885 5159 958 5213 sit
1009 5158 1294 5221 novimus,
1344 5158 1447 5229 qui
1496 5159 1636 5212 mihi
1666 5164 1905 5214 testatus
1952 5165 2058 5227 est,

364 5244 727 5322 Valerianum
750 5248 1054 5317 patricium
1084 5247 1141 5301 in
1176 5242 1419 5301 'civitate
1467 5264 1595 5318 quae
1630 5248 1793 5303 Brixa
1849 5249 2062 5302 dicitur

364 5330 540 5386 fuisse
582 5334 930 5389 defunctum.
996 5336 1101 5391 Cui
1149 5336 1406 5404 ejusdem
1454 5335 1704 5389 civitatis
1757 5336 2061 5407 episcopus

364 5427 598 5490 accepto
643 5424 826 5492 pretio
878 5425 1065 5478 locum
1116 5426 1174 5478 in
1237 5424 1477 5478 Ecclesia
1524 5425 1790 5494 praebuit,
1843 5426 1902 5478 in
1947 5441 2061 5490 quo

364 5509 596 5581 sepeliri
625 5510 930 5565 debuisset.
964 5513 1072 5578 Qui
1100 5513 1367 5568 videlicet
1417 5511 1749 5567 Valerianus
1778 5528 1961 5584 usque
1987 5512 2061 5567 ad

2165 4282 2261 4333 tur
2293 4294 2306 4331 :
2340 4275 2492 4347 quod
2525 4276 2759 4346 quidam
2811 4273 2946 4327 artis
2976 4288 3177 4326 eorum
3221 4271 3441 4341 primus
3490 4284 3625 4325 cum
3674 4269 3858 4325 defun-

2169 4370 2294 4420 ctus
2322 4364 2540 4431 fuisset,
2565 4365 2728 4433 juxta
2755 4362 3048 4415 ecclesiam
3080 4361 3232 4414 beati
3260 4359 3518 4414 Januarii
3582 4357 3855 4429 martyris,

2163 4455 2327 4525 juxta
2351 4457 2575 4523 portam
2607 4451 2790 4505 sancti
2840 4449 3132 4504 Laurentii
3162 4466 3196 4502 a
3247 4449 3494 4518 conjuge
3527 4464 3633 4501 sua
3689 4446 3860 4517 sepul-

2168 4547 2260 4596 tus
2291 4546 2394 4595 est.
2451 4539 2726 4611 Sequenti
2758 4544 2947 4591 autem
2994 4543 3159 4590 nocte
3209 4552 3275 4590 ex
3319 4536 3620 4605 sepultura
3646 4535 3855 4596 eadem,

2169 4630 2442 4684 audiente
2475 4627 2728 4688 custode,
2791 4628 2912 4695 ejus
2965 4626 3203 4696 spiritus
3246 4625 3418 4695 coepit
3441 4624 3736 4678 clamare:
3770 4626 3859 4675 Ar-

2167 4718 2298 4783 deo,
2332 4717 2524 4771 ardeo.
2548 4715 2688 4770 Cum
2713 4730 2844 4767 vero
2878 4714 2977 4766 has
3026 4713 3122 4766 diu
3158 4728 3319 4765 voces
3348 4711 3659 4777 emitteret,
3682 4714 3858 4763 custos

2168 4806 2278 4860 hoc
2307 4805 2430 4876 ejus
2478 4803 2767 4857 nuntiavit
2805 4802 2986 4856 uxori.
3038 4801 3186 4856 Uxor
3235 4816 3372 4854 vero
3424 4799 3581 4853 illius
3630 4814 3724 4851 eos
3766 4795 3856 4865 qui

2169 4895 2477 4965 diligenter
2522 4893 2870 4963 inspicerent
2898 4889 3153 4959 ejusdem
3184 4888 3324 4942 artis
3354 4888 3507 4941 viros
3552 4883 3859 4940 transmisit

2168 4983 2241 5036 ad
2262 4982 2577 5047 ecclesiam,
2610 4980 2806 5034 volens
2847 4992 3191 5048 cognoscere
3224 4977 3472 5047 qualiter
3502 4991 3710 5045 corpus
3741 4972 3853 5042 ejus

2168 5077 2318 5126 esset
2352 5072 2412 5125 in
2459 5070 2720 5141 sepulcro
2767 5068 2838 5122 de
2886 5082 3000 5137 quo
3043 5066 3184 5119 talia
3227 5066 3521 5119 clamaret.
3575 5062 3684 5127 Qui
3735 5074 3854 5130 ape-

2169 5159 2379 5214 rientes
2421 5160 2772 5229 sepulcrum,
2802 5156 3137 5211 vestimenta
3180 5169 3412 5224 quoque
3452 5153 3664 5206 intacta
3704 5164 3853 5219 repe-

2168 5253 2390 5314 rerunt,
2422 5263 2552 5318 quae
2580 5262 2733 5300 nunc
2765 5260 2946 5315 usque
2973 5244 3034 5296 in
3053 5243 3255 5295 eadem
3279 5241 3539 5306 ecclesia,
3572 5255 3679 5309 pro
3705 5238 3846 5307 ejus-

2169 5336 2300 5390 dem
2333 5350 2514 5389 causa
2543 5333 2873 5389 testimonio
2914 5336 3242 5395 servantur;
3287 5345 3498 5399 corpus
3530 5344 3662 5381 vero
3716 5324 3853 5379 illius

2170 5424 2407 5486 omnino
2462 5439 2577 5477 non
2624 5424 2986 5488 invenerunt,
3034 5434 3098 5472 ac
3150 5418 3199 5472 si
3250 5418 3312 5471 in
3350 5415 3554 5471 eodem
3611 5414 3852 5485 sepulcro

2171 5512 2424 5583 positum
2452 5527 2571 5567 non
2601 5511 2819 5566 fuisset.
2854 5509 2935 5564 Ex
2965 5523 3080 5580 qua
3104 5521 3168 5562 re
3196 5504 3581 5577 colligendum
3626 5506 3712 5557 est
3754 5513 3853 5571 qua
