4028 6190
177 273 289 322 705

1172 249 1656 308 DECRETORUM
1693 245 1888 304 LIBRI
1925 243 2034 300 XX.
2076 268 2147 278 -——
2193 235 2410 291 LIBER
2450 237 2773 296 TERTIUS.

3636 245 3740 296 706

181 394 418 450 υηίοηρ
451 390 648 442 anima
680 383 804 452 ejus
826 380 1097 434 damnata
1125 376 1216 441 sit,
1250 374 1416 443 cujus
1455 379 1513 427 et
1559 387 1689 425 caro
1723 372 1809 423 est
1838 365 1908 419 ab
1940 364 1984 415 A
2026 359 2158 413 CAP.
2207 355 2414 410 CLXII.
2476 357 2718 423 Quorum
2782 373 2928 412 mens
3001 373 3114 452 una
3182 361 3385 425 fuerat,
3457 361 3744 428 sepultura

178 481 436 537 ecclesia
471 479 704 545 rejecta.
747 467 892 532 Quid
935 465 1110 535 igitur
1141 480 1301 517 sacra
1345 464 1464 515 loca
1509 459 1748 529 sepultis
1781 471 1911 526 pro-

179 573 349 628 sunt,
400 563 637 635 quando
682 559 775 612 hic
805 556 903 626 qui
942 552 1167 623 indigni
1215 555 1350 604 sunt
1380 551 1450 602 ab
1481 548 1694 602 eisdem
1739 542 1914 597 sacris

181 657 335 711 locis
362 650 650 708 divinitus
681 643 1088 717 projiciuntur.

184 747 328 802 CAP.
367 741 585 796 CLVII.
644 767 715 776 —
774 736 838 790 Ut
879 747 1108 800 corpora
1157 729 1540 792 defunctorum
1592 724 1651 776 in
1692 720 1918 774 ecclesia

813 819 917 857 non
956 803 1306 870 sepeliantur.

267 905 399 976 (Ea:
424 899 617 956 concil.
668 899 928 961 Bragga.,
981 906 1100 960 cap.
1144 887 1220 957 4.)
1262 888 1406 940 Item
1449 880 1662 954 placuit
1699 883 1763 932 ut
1792 892 1916 930 cor-

188 969 343 1064 pora
377 990 787 1045 defunctorum
818 981 976 1034 nullo
1021 978 1189 1032 modo
1234 975 1383 1028 intra
1423 969 1717 1026 basilicam
1749 980 1918 1035 sepe-

191 1083 443 1143 liantur,
503 1075 602 1128 sed
663 1073 710 1125 si
760 1084 987 1124 necesse
1041 1071 1124 1119 est
1171 1064 1239 1117 de
1289 1061 1429 1115 foris
1480 1059 1630 1112 circa
1687 1068 1922 1108 murum

191 1169 483 1224 basilicae.
571 1164 713 1217 Nam
774 1159 819 1211 si
890 1154 1284 1209 ﬁrmissimum
1362 1151 1470 1202 hoc
1551 1144 1921 1217 privilegium

195 1273 394 1328 usque
426 1270 582 1308 nunc
615 1251 859 1303 retinent
912 1245 1104 1298 Gallia:
1147 1241 1426 1305 civitates,
1467 1241 1530 1289 ut
1560 1235 1718 1288 nullo
1750 1229 1923 1284 modo

197 1349 360 1401 intra
414 1343 696 1396 ambitum
751 1349 1046 1389 murorum
1087 1329 1405 1388 civitatum,
1471 1322 1778 1394 cujuslibet
1824 1319 1922 1372 de-

198 1435 394 1490 functi
421 1447 633 1500 corpus
683 1426 757 1479 sit
804 1425 1126 1489 humatum,
1183 1421 1401 1487 quanto
1457 1411 1640 1481 magis
1683 1422 1924 1463 venera-

201 1521 419 1578 biIium
451 1499 770 1586 martyrum
797 1513 966 1564 debet
995 1505 1314 1560 reverentia
1344 1499 1640 1554 obtineri?

685 1603 814 1654 CAP.
857 1597 1064 1651 CLVII.
1095 1598 1166 1647 De
1195 1593 1381 1646 eadem
1407 1605 1483 1642 re.

289 1699 416 1766 (Ea:
445 1694 638 1749 concil.
673 1687 961 1753 Meldensi,
1008 1700 1126 1752 cap.
1166 1681 1274 1749 10.)
1408 1639 1578 1730 nemo
1612 1670 1928 1744 quemlibet
1957 1639 1999 1692 Β

212 1792 517 1841 mortuum
568 1781 624 1833 in
675 1775 914 1831 ecclesia
973 1772 1133 1842 quasi
1202 1763 1567 1822 hmreditario
1614 1762 1763 1832 jure,
1815 1757 1928 1812 nisi

211 1891 398 1948 quem
434 1872 736 1941 episcopus
768 1869 868 1917 aut
908 1861 1202 1931 presbyter
1241 1872 1345 1926 pro
1377 1852 1654 1924 qualitate
1689 1862 1929 1901 conver—

213 1961 461 2019 sationis
494 1965 548 2011 ct
594 1956 722 2008 vitae
755 1952 997 2021 dignum
1031 1945 1276 2010 duxerit,
1311 1941 1554 2012 sepelire
1594 1939 1928 2008 praisumat,

223 2069 336 2107 nec
369 2049 676 2120 quisquam
730 2058 857 2094 ossa
927 2035 1231 2106 cujuslibet
1283 2029 1496 2085 mortui
1551 2028 1621 2081 de
1671 2024 1932 2094 sepulcro

215 2160 326 2194 suo
377 2138 606 2206 ejicere,
657 2135 755 2184 aut
818 2126 1174 2197 sepulturam
1221 2120 1564 2190 cujusquam
1625 2111 1935 2168 temerario

218 2244 366 2282 ausu
416 2238 646 2295 quoquo
693 2217 868 2270 modo
916 2213 1149 2271 violare,
1212 2208 1306 2262 sed
1359 2216 1831 2274 unumquemque
1877 2199 1936 2250 in

221 2314 418 2370 loculo
471 2310 628 2362 sibia
675 2310 788 2359 Deo
831 2307 1030 2374 parato
1081 2304 1250 2368 atque
1295 2308 1584 2358 concesso,
1630 2291 1939 2344 adventum

223 2405 313 2458 sui
343 2399 552 2472 judicis
585 2391 912 2466 praestolari
947 2387 1239 2442 concedat.

224 2470 360 2549 CAP:
437 2488 597 2541 CLIX.
657 2513 730 2524 —
784 2484 852 2535 Ut
883 2493 1033 2532 nemo
1079 2491 1178 2549 pro
1234 2470 1558 2549 sepeliendis
1589 2470 1941 2549 mortuorum

553 2554 872 2624 corporibus
900 2547 1119 2616 aliquid
1149 2546 1386 2599 muneris
1417 2545 1618 2605 exigat.

304 2651 414 2716 (Em
481 2646 660 2700 concil.
741 2643 1044 2695 Nanneten.
1121 2649 1240 2701 cap.
1320 2633 1429 2691 ll.)
1487 2623 1944 2694 Praecipiendum

232 2737 548 2793 secundum
582 2745 869 2784 canonum
915 2722 1338 2784 auctoritatem,
1374 2725 1438 2770 ut
1473 2717 1542 2769 de
1582 2713 1858 2784 sepulcris
1891 2715 1948 2763 et

233 2825 570 2882 hominibus
620 2815 968 2889 sepeliendis
1024 2811 1166 2865 nihil
1224 2806 1482 2862 muneris
1536 2805 1785 2871 exigant,
1839 2798 1947 2851 nisi

2699 446 2805 484 non
2851 434 3084 498 separet.

2099 518 2268 586 (Item
2311 516 2585 587 August.)
2620 519 2792 573 Soror
2848 517 3027 570 sancti
3080 517 3361 570 Benedicti
3393 517 3616 587 sepulta
3659 522 3744 571 est

2026 608 2087 662 in
2139 605 2404 674 sepulcro
2464 609 2623 676 quod
2676 609 2795 678 ipse
2857 607 2962 659 sibi
3013 611 3430 676 praeparaverat
3480 611 3540 659 ut
3597 623 3742 676 quo-

2026 711 2159 750 rum
2192 707 2357 746 mens
2387 708 2507 746 una
2535 712 2764 766 semper
2807 694 2917 747 fuit
2958 695 3017 747 in
3069 693 3331 758 Domino,
3365 710 3564 747 eorum
3597 710 3744 763 quo-

2029 799 2144 856 que
2197 796 2445 850 corpora
2489 784 2788 852 sepultura
2824 799 2937 834 non
2971 788 3278 851 separaret.
3328 783 3409 835 Ita
3439 782 3497 834 in
3554 783 3743 852 primo

2029 868 2321 926 connubio
2353 870 2668 939 conjuncti,
2717 869 2852 941 quia
2897 885 3014 922 una
3042 874 3098 921 et
3137 870 3338 923 eadem
3370 885 3499 922 caro
3547 874 3652 936 est,
3686 870 3749 923 in

2031 977 2152 1017 uno
2185 959 2449 1028 sepulcro
2471 961 2849 1030 sepeliantur.

2169 1066 2298 1120 CAP.
2325 1067 2550 1121 CLXIV.
2576 1097 2644 1107 —
2677 1068 2759 1120 De
2783 1065 2940 1119 rebus
2972 1064 3337 1118 immobilibus
3365 1064 3632 1118 Ecclesiae.

2099 1156 2210 1226 (Ea:
2272 1157 2464 1209 concil.
2525 1155 2676 1224 apud
2726 1154 3085 1220 Sylvanectim
3151 1157 3413 1220 prasente
3474 1151 3744 1205 Ludovico

2033 1259 2180 1311 rege,
2204 1258 2325 1310 cap.
2349 1243 2430 1309 5.)
2459 1242 2610 1295 Nulli
2632 1241 2801 1294 liceat
2826 1238 3076 1292 alienare
3099 1255 3218 1291 rem
3252 1238 3610 1292 immobilem
3644 1240 3746 1291 Ec-

2035 1331 2247 1394 clesiae,
2282 1329 2398 1383 sive
2431 1329 2694 1395 domum,
2747 1327 2863 1380 sive
2909 1342 3133 1396 agrum,
3187 1327 3301 1379 sive
3336 1327 3591 1390 hortum,
3627 1326 3746 1379 sive

2035 1418 2312 1474 rusticum
2373 1415 2750 1485 mancipium,
2812 1429 2995 1483 neque
3053 1413 3428 1466 creditoribus
3483 1412 3746 1482 specialis

2036 1507 2374 1579 hypothccar
2439 1505 2604 1557 titulo
2650 1503 2926 1571 obligare.
2976 1500 3348 1553 Alienationis
3397 1504 3582 1552 autem
3624 1514 3747 1551 ver~

2036 1598 2178 1652 bum
2225 1594 2520 1648 contineat
2561 1590 2972 1655 conditionem,
3017 1588 3409 1650 donationem,
3452 1591 3744 1656 permuta-

2038 1685 2254 1739 tionem
2279 1686 2336 1735 et
2375 1679 2811 1749 emphyteoseos
2841 1681 3184 1746 perpetuum
3218 1679 3591 1727 contractum.
3635 1673 3747 1726 Sed

2038 1789 2238 1827 omnes
2289 1768 2530 1822 omnino
2601 1765 2926 1820 sacerdotes
2994 1764 3063 1816 ab
3135 1762 3464 1830 hujusmodi
3531 1761 3747 1814 aliena-

2039 1862 2196 1914 tione
2250 1857 2597 1919 abstineant,
2664 1869 2863 1923 poenas
2911 1851 3201 1918 timentes,
3270 1867 3412 1920 quas
3463 1849 3750 1903 Leoniana

2043 1947 2376 2004 constitutio
2408 1944 2677 1998 minatur.

2439 2033 2566 2086 CAP.
2610 2030 2804 2084 CLXV.
2846 2058 2916 2067 -—-
2956 2031 3026 2081 De
3065 2027 3250 2080 eadem
3287 2042 3363 2079 re.

2119 2125 2230 2192 (Ea:
2279 2121 2480 2185 eodem,
2513 2134 2633 2187 cap.
2695 2117 2771 2186 6.)
2824 2145 2892 2157 —--
2940 2115 2995 2169 Si
3043 2114 3310 2184 princeps
3351 2113 3594 2166 voluerit
3629 2128 3750 2166 rem

2047 2211 2403 2266 immobilem
2438 2206 2647 2260 sanctis
2677 2205 2816 2259 locis
2865 2208 3136 2274 praestare
3168 2207 3222 2254 et
3277 2200 3533 2269 accipere
3579 2200 3650 2252 ab
3681 2217 3750 2253 eo

2048 2302 2219 2355 aliam
2267 2297 2624 2352 immobilem
2654 2310 2796 2360 rem,
2851 2296 2906 2346 et
2946 2308 3012 2345 eo
3061 2291 3230 2344 modo
3264 2287 3750 2359 permutationem

2048 2389 2410 2452 contrahere,
2457 2386 2623 2438 liceat
2671 2384 2780 2436 hoc
2831 2382 3009 2435 facere
3048 2379 3099 2432 ei
3146 2377 3348 2432 devina
3397 2376 3754 2447 pragmatica

2050 2478 2342 2532 sanctione
2365 2475 2435 2528 ab
2467 2491 2534 2527 eo
2559 2472 2942 2543 promulgata.

2054 2585 2180 2638 CAP.
2215 2580 2438 2636 CLXVI.
2486 2608 2554 2616 —
2602 2579 2675 2630 De
2723 2574 3029 2643 prastariis
3077 2569 3430 2622 viduatarum
3481 2568 3753 2622 Ecclesia-

2610 2662 2732 2700 γυνη
2761 2650 2822 2698 ut
2850 2659 2956 2697 non
2985 2643 3218 2696 valeant.

2128 2743 2235 2809 (Ea:
2261 2753 2400 2792 conc.
2438 2735 2588 2804 apud
2637 2734 2941 2796 Bel-vacum,
2975 2731 3062 2782 cui
3100 2727 3400 2782 Ludovicus
3459 2728 3760 2792 imperator

2059 2832 2338 2892 intererat,
2367 2841 2486 2894 cap.
2524 2823 2630 2890 10.)
2692 2823 2759 2876 Ut
2819 2817 3090 2890 precaria:
3142 2823 3198 2870 et
3253 2814 3757 2879 commutationes,

234 2917 389 2970 forte
422 2911 518 2982 qui
551 2908 848 2978 sepelitur,
892 2903 1087 2954 vivens
1115 2896 1351 2987 jusserit
1378 2892 1652 2987 ecclesiae,
1689 2891 1747 2942 in
1787 2887 1948 2956 cujus
1982 2907 2023 2962 Ο
2062 2887 2335 2987 tempore.
2380 2887 2744 2967 vallatam"!
2800 2887 3172 2962 Ecaesmwm
3222 2904 3406 2967 factae,
3439 2903 3510 2955 ab
3540 2903 3628 2955 his
3659 2902 3762 2972 qui

236 3005 391 3058 atrio
425 2981 718 3068 sepelitur,
774 2995 844 3047 de
904 2991 1022 3043 suis
1071 2989 1241 3041 rebus
1280 2982 1496 3053 aliquid
1528 2981 1800 3040 tribuere,
1855 2981 1951 3028 aut

240 3092 422 3146 etiam
485 3092 609 3158 post
671 3086 921 3137 mortem
989 3077 1143 3129 illius
1200 3073 1404 3143 quibus
1446 3068 1811 3122 commissum
1865 3069 1952 3117 est

241 3184 370 3251 ejus
431 3179 851 3244 eleemosynam
905 3167 1112 3230 facere,
1169 3164 1237 3216 de
1305 3161 1475 3213 rebus
1533 3159 1686 3210 illius
1734 3153 1950 3222 aliquid

245 3242 388 3324 d'are
442 3269 643 3335 sponte
680 3242 1017 3314 voluerint:
1062 3261 1255 3306 tamen
1304 3249 1631 3302 nullatenus
1657 3262 1688 3297 a
1717 3242 1951 3313 presby-

246 3358 388 3412 teris
421 3330 530 3407 illis
574 3348 794 3419 aliquid
837 3345 1120 3413 exigatur,
1168 3339 1283 3393 sive
1323 3337 1392 3390 ab
1440 3335 1555 3388 illis
1589 3333 1687 3404 qui
1731 3330 1866 3384 locis
1898 3335 1956 3382 et

246 3444 390 3498 vicis
423 3443 694 3512 pra'sunt.
732 3432 1158 3488 Prohibendum
1208 3427 1381 3480 etiam
1424 3423 1738 3475 secundum
1775 3419 1952 3487 majo—

250 3548 387 3588 rum
416 3530 696 3591 instituta,
739 3530 800 3577 ut
848 3522 905 3574 in
936 3518 1172 3573 ecclesia
1209 3515 1532 3568 nullatenus
1581 3507 1952 3579 sepeliantur,

252 3621 354 3674 sed
388 3619 449 3672 in
478 3616 641 3680 atrio,
685 3616 783 3665 aut
819 3610 876 3663 in
907 3607 1153 3678 porticu,
1200 3607 1298 3656 aut
1328 3601 1389 3654 in
1421 3598 1644 3652 exedris
1683 3594 1952 3650 ecclesiae.

254 3708 413 3764 Infra
462 3701 756 3757 ecclesiam
818 3713 972 3762 vero,
1030 3697 1128 3747 aut
1184 3705 1365 3760 prope
1396 3689 1572 3740 altare
1620 3684 1720 3738 ubi
1755 3697 1960 3751 corpus

258 3794 493 3852 Domini
538 3797 593 3845 et
645 3787 877 3858 sanguis
943 3783 1264 3846 conﬁcitur,
1330 3777 1656 3830 nullatenus
1711 3771 1963 3826 habeant

261 3883 552 3939 licentiam
576 3875 905 3948 sepeliendi.

264 3975 392 4029 CAP.
429 3971 574 4025 CLX.
639 3971 713 4021 De
785 3965 1067 4032 sepultura
1140 3957 1554 4081 gonjugatorum
1633 3954 1692 4006 in
1765 3949 1962 4018 primis

962 4045 1136 4081 comm
1176 4043 1261 4080 ns.

962 4043 1189 4086 connuoz
1198 4043 1241 4080 ιε
1251 4070 1261 4080 .

342 4113 600 4184 (Hieron.
653 4105 831 4174 dicit.)
883 4105 1070 4158 Ebron
1121 4100 1332 4153 dicitur
1357 4111 1480 4148 esse
1527 4094 1724 4148 civitas
1785 4090 1963 4143 trium

265 4204 548 4267 virorum,
581 4199 714 4269 quia
747 4196 807 4248 in
849 4211 916 4247 ea
963 4189 1171 4259 sepulti
1219 4190 1352 4239 sunt
1379 4188 1494 4237 tres
1537 4183 1684 4252 patri

267 4293 543 4364 spelunca
590 4285 804 4356 duplici
853 4297 983 4336 cum
1020 4279 1202 4332 tribus
1257 4272 1525 4326 uxoribus
1569 4270 1705 4337 suis,
1753 4267 1809 4320 id
1859 4271 1963 4332 est,

267 4353 561 4435 Abraham
612 4353 687 4429 et’
714 4374 871 4437 Sara,
933 4371 1086 4423 Isaac
1137 4370 1194 4418 et
1243 4362 1514 4423 Rebecca,
1565 4357 1825 4424 Jacobiet
1846 4353 1962 4420 Lia,

187 4522 202 4529 -
267 4474 482 4540 praeter
506 4466 695 4535 ipsum
740 4461 924 4516 Adam
973 4461 1030 4510 et
1076 4456 1246 4508 Evam
1277 4466 1511 4504 uxorem
1552 4461 1733 4500 suam.
1767 4442 1969 4498 Tobias

267 4557 410 4613 dicit
439 4555 510 4608 ad
552 4553 733 4607 tilium
774 4562 982 4603 suum:
1032 4545 1170 4596 Cum
1213 4537 1494 4607 acceperit
1539 4537 1686 4590 Deus
1718 4532 1969 4586 animam

269 4660 486 4711 meam,
516 4657 722 4710 corpus
761 4652 953 4691 meum
1008 4632 1269 4702 sepelies,
1307 4633 1361 4681 et
1408 4627 1688 4681 honorem
1735 4618 1971 4676 habebis

272 4733 449 4788 matri
509 4737 621 4784 tuae
669 4727 936 4782 omnibus
975 4722 1199 4788 diebus,
1268 4721 1324 4772 et
1381 4732 1510 4769 cum
1555 4714 1678 4784 ipsa
1727 4707 1973 4778 comple-

272 4822 424 4876 verit
456 4826 703 4889 tempus,
753 4814 994 4884 sepelies
1044 4826 1170 4864 eam
1219 4809 1376 4878 juxta
1407 4821 1496 4858 me
1539 4804 1599 4857 in
1649 4817 1761 4854 uno
1792 4796 1976 4868 sepul-

275 4927 396 4966 ω’
709 4975 834 5028 CAP.
862 4971 1032 5026 cm.
1068 4998 1133 5009 -
1159 4968 1238 5020 De
1265 4965 1449 5019 eadem
1472 4978 1547 5016 re.

353 5071 506 5134 (Item
561 5063 760 5134 ejusd.)
805 5061 954 5124 Quos
1028 5053 1322 5125 conjunxit
1371 5065 1553 5104 unum
1621 5044 1973 5116 conjugium,

282 5159 599 5226 conjungat
639 5169 812 5205 unum
859 5147 1224 5218 sepulcrum:
1272 5140 1407 5211 quia
1455 5155 1571 5192 una
1609 5151 1738 5190 caro
1789 5137 1890 5200 est,
1925 5137 1981 5186 et

284 5247 438 5320 quod
470 5247 612 5299 Deus
654 5238 964 5309 conjunxit,
999 5236 1171 5288 homo
1205 5246 1322 5284 non
1355 5231 1597 5298 separet.

710 5328 837 5382 CAP.
864 5325 1061 5380 CLXII.
1088 5350 1161 5362 —
1178 5323 1249 5374 De
1269 5318 1454 5372 eadem
1477 5331 1553 5369 re.

363 5424 614 5492 (August.
666 5419 841 5483 dicit.)
911 5415 1277 5482 Unaquaeque
1324 5405 1534 5459 mulier
1581 5403 1854 5473 sequatur
1898 5396 1982 5450 vi-

289 5531 423 5571 rum
452 5528 641 5577 suum,
672 5508 787 5563 sive
808 5507 864 5561 in
891 5505 1027 5572 vita,
1051 5501 1169 5557 sive
1199 5499 1259 5553 in
1283 5500 1489 5552 morte.

2060 3009 2184 3062 loca
2242 3003 2641 3074 episcoporum
2717 2999 3148 3067 occupaverant,
3223 2992 3647 3057 rescindantur,
3706 2995 3764 3043 et

2062 3112 2189 3150 cum
2223 3091 2529 3147 autoritate
2580 3086 2984 3150 Ecclesiastica,
3033 3082 3122 3136 vel
3162 3081 3334 3145 civili,
3385 3080 3432 3132 si
3487 3079 3760 3132 facienda:

2064 3191 2196 3238 sunt
2225 3183 2383 3236 ﬁant.

2470 3267 2600 3322 CAP.
2626 3263 2872 3319 CLXVII.
2898 3290 2966 3299 —
2989 3262 3062 3313 De
3086 3258 3270 3312 eadem
3292 3271 3367 3309 re.

2137 3361 2247 3428 (Ea:
2275 3357 2474 3418 eodem,
2515 3369 2635 3422 cap.
2684 3351 2794 3421 Η.)
2839 3348 3114 3403 ΡΓΘΟᾶΓίΞΒ
3147 3364 3177 3399 a
3205 3344 3434 3398 nemine
3479 3343 3548 3397 de
3596 3341 3766 3396 rebus

2068 3445 2470 3503 Ecclesiasticis
2519 3441 2641 3496 ﬁeri
2692 3440 3132 3511 praesumantur,
3203 3433 3314 3486 nisi
3361 3436 3637 3501 quantum
3698 3430 3767 3483 de

2067 3537 2342 3607 qualitate
2399 3528 2765 3584 convenienti
2838 3526 3006 3580 datur
3064 3541 3129 3578 ex
3188 3521 3444 3592 proprio,
3525 3519 3771 3588 duplum

2067 3623 2376 3694 accipiatur
2428 3637 2497 3673 ex
2555 3617 2725 3671 rebus
2786 3612 3070 3681 Ecclesiae,
3114 3613 3176 3665 in
3231 3626 3333 3662 suo
3395 3612 3616 3661 tantum
3671 3606 3772 3676 qui

2070 3711 2292 3767 dederit
2337 3707 2613 3770 nomine,
2685 3704 2732 3757 si
2786 3718 2876 3755 res
2928 3701 3196 3771 proprias
3249 3703 3305 3751 et
3359 3695 3773 3750 Ecclesiasticas

2075 3817 2180 3855 usu
2210 3795 2522 3853 fructuaria
2562 3798 2759 3848 tenere
2789 3789 3054 3842 voluerit.
3084 3789 3138 3842 Si
3169 3792 3361 3840 autem
3395 3800 3484 3837 res
3513 3783 3772 3853 proprias

2074 3891 2142 3944 ad
2174 3902 2427 3960 praesens
2457 3880 2761 3941 dimiserit,
2796 3894 2861 3932 ex
2893 3877 3064 3929 rebus
3113 3872 3506 3929 ecclesiasticis
3535 3872 3772 3942 triplum

2075 3976 2388 4034 fructuario
2416 3989 2543 4037 usu,
2598 3971 2657 4023 in
2692 3984 2793 4022 suo
2823 3970 3049 4020 tantum
3108 3964 3236 4035 quis
3277 3962 3513 4034 nomine
3562 3965 3772 4025 sumat,

2078 4067 2214 4139 quia
2242 4065 2320 4118 sic
2349 4079 2443 4116 eas
2473 4073 2763 4131 quemque
2814 4059 3079 4121 tractare,
3128 4059 3188 4105 ut
3221 4052 3542 4104 alienarum
3581 4063 3777 4102 rerum

1691 4179 1875 4234 archw
1903 4177 1962 4230 in
1992 4192 2036 4246 Β
2078 4157 2530 4226 dispensatorem
2556 4144 2840 4211 convenit,
2873 4159 2990 4196 non
3023 4140 3388 4212 propriarum
3437 4153 3631 4192 rerum
3664 4138 3776 4190 lar-

2077 4246 2343 4317 gitorem.

2445 4329 2571 4381 CAP.
2607 4320 2878 4380 CLXVIII.
2925 4351 2989 4359 —
3023 4321 3104 4372 De
3132 4318 3318 4372 eadem
3345 4332 3424 4370 re.

2151 4421 2258 4492 (Ea:
2313 4418 2493 4472 eodem
2567 4413 2778 4476 concil.,
2843 4425 2960 4479 cap.
3037 4408 3145 4478 l2.)
3201 4411 3247 4461 Α
3292 4407 3449 4460 nulla
3501 4405 3781 4474 potestate

2081 4511 2208 4581 quis
2281 4511 2519 4576 cogatur
2581 4503 2766 4558 facere
2836 4497 3156 4566 precariam
3214 4496 3284 4550 de
3341 4495 3512 4548 rebus
3567 4493 3680 4546 Deo
3728 4494 3785 4544 et

2081 4598 2288 4653 sanctis
2344 4596 2468 4666 ejus
2525 4591 2750 4656 dicatis,
2812 4603 2944 4641 cum
3003 4585 3147 4640 ratio
3207 4590 3264 4638 et
3321 4599 3456 4637 usus
3505 4581 3782 4644 obtineat,

2082 4688 2374 4742 neminem
2422 4682 2514 4736 cui
2568 4695 2688 4733 non
2720 4678 2861 4737 vult,
2909 4679 3105 4729 contra
3149 4673 3458 4728 utilitatem
3501 4677 3559 4724 et
3605 4669 3783 4723 ratio-

2085 4792 2238 4842 nem,
2273 4770 2593 4844 praestitum
2623 4767 2692 4821 de
2731 4764 2965 4833 proprio
2995 4762 3182 4816 facere
3208 4758 3570 4814 beneﬁcium.

2483 4859 2611 4912 CAP.
2646 4853 2864 4908 CLXIX.
2896 4879 2969 4892 -—
2994 4853 3068 4904 De
3096 4848 3281 4902 eadem
3306 4863 3382 4900 re.

2158 4953 2277 5021 (Ea:
2305 4947 2504 5013 eodem,
2539 4959 2660 5012 cap.
2692 4941 2800 5006 l3.)
2831 4941 2900 4994 Ut
2942 4937 3236 5009 precariae,
3285 4935 3353 4989 de
3388 4933 3788 5005 quinquennio

2088 5041 2146 5093 in
2171 5034 2632 5110 quinquennium
2657 5029 2974 5083 secundum
2992 5026 3286 5096 antiquam
3313 5022 3787 5076 consuetudinem

2089 5135 2145 5183 et
2175 5127 2568 5182 auctoritatem
2600 5125 2969 5176 renoventur.

2092 5237 2220 5290 CAP.
2281 5233 2472 5288 CLXX.
2521 5258 2593 5269 —
2665 5231 2732 5280 De
2799 5224 3105 5283 donatione,
3183 5221 3265 5273 vel
3329 5196 3653 5284 venditione,
3709 5218 3798 5271 vel

2486 5297 2886 5354 commutatione
2905 5294 3274 5346 ecclesiasticae
3299 5293 3399 5343 rei.

2166 5394 2273 5465 (Ea:
2325 5391 2512 5446 concil.
2569 5387 2751 5440 habito
2810 5381 2960 5451 apud
3030 5381 3332 5443 Valentius,
3396 5393 3516 5446 cap.
3557 5375 3669 5446 50.)
3710 5376 3795 5429 Ir-

2093 5463 2205 5541 rita
2261 5479 2372 5536 erit
2429 5478 2831 5550 episcoporum
2899 5467 3156 5536 donatio,
3208 5467 3297 5522 vel
3368 5464 3643 5530 venditio,
3709 5463 3798 5517 vel
