3976 6194
352 270 451 321 707

1432 269 1837 326 BURCHARDI
1882 271 2411 329 WORMACIENSIS
2451 273 2780 331 EPISCOPI.
3698 292 3781 346 708

349 389 721 442 commutatio
775 389 855 442 rei
900 389 1312 458 ecclesiastica,
1362 391 1574 462 absque
1617 392 2035 448 collaudatione
2074 397 2121 449 Α
2155 395 2508 466 mancipium
2536 398 2683 467 juris
2725 397 3004 466 Ecclesia,
3057 415 3171 454 non
3202 405 3414 456 retento
3461 405 3784 464 ecclesiastico

349 482 405 530 et
435 477 854 547 subscriptione
883 478 1238 532 clericorum.

350 584 460 638 CAP
512 585 732 655 CLXXI.
833 614 902 623 —
964 587 1040 639 De
1099 586 1601 640 commutationibus
1648 602 1829 642 rerum
1885 589 2048 642 eccle-

1020 657 1384 710 siasticarum.

420 743 541 812 (Em
566 745 753 797 conc-il.
784 743 934 811 apud
993 745 1294 798 Belvacum.
1353 761 1474 813 cap.
1528 746 1608 813 5.)
1658 746 1730 800 Ut
1781 762 2042 800 commu-

348 833 594 884 tationes
635 847 826 884 rerum
881 832 1387 886 ecclesiasticarum
1432 834 1590 887 valde
1633 839 1960 900 caveantur,
1993 838 2050 888 et

349 918 717 972 subtilissime
745 919 790 970 si
822 919 1014 989 aliquo
1040 920 1211 972 modo
1233 920 1358 973 fieri
1389 921 1619 986 debent,
1645 921 2044 992 inspiciantur.

348 1006 486 1070 Qua
513 1012 704 1062 autem
731 1007 1068 1060 inconsulta
1115 1007 1278 1062 facta
1335 1014 1488 1075 sunt,
1545 1009 1710 1080 juxta
1754 1011 2047 1065 decretum

350 1096 689 1151 canonicum
719 1096 910 1150 Hilarii
952 1112 1137 1166 papa,
1181 1114 1322 1166 quas
1370 1098 1567 1153 illicite
1620 1100 1881 1154 decessor
1933 1100 2050 1171 epi-

349 1202 555 1256 scopus
588 1185 898 1252 admiserit,
933 1186 1018 1238 vel
1051 1185 1122 1238 ab
1153 1186 1276 1238 aliis
1317 1187 1510 1241 illicite
1540 1188 1859 1243 commissa
1891 1195 2044 1255 sunt,

349 1277 420 1330 ab
452 1291 519 1328 eo
551 1274 652 1344 qui
681 1289 969 1326 successor
998 1277 1082 1327 est
1114 1275 1510 1328 emendentur.

725 1362 851 1416 CAP.
887 1362 1129 1416 CLXXII.
1165 1390 1236 1402 —
1277 1365 1349 1416 De
1379 1363 1562 1416 eadem
1590 1379 1666 1417 re.

416 1453 534 1522 (Ea:
577 1452 765 1505 concil.
799 1452 1100 1516 Matiscen.,
1160 1466 1279 1519 cap.
1339 1453 1416 1516 4.)
1473 1455 1516 1505 Α
1571 1457 1763 1506 sancta
1825 1454 2041 1524 synodo

343 1541 631 1596 decretum
673 1545 778 1604 est,
821 1544 876 1591 et
922 1538 1237 1608 imperialis
1267 1541 1577 1593 auctoritas
1617 1541 1938 1608 denuntiat,
1970 1559 2042 1597 ne

343 1629 820 1682 commutationes
852 1642 1064 1688 rerum,
1117 1627 1201 1680 vel
1235 1629 1658 1698 mancipiorum
1695 1630 2039 1684 ecclesiasti-

344 1733 542 1771 corum
592 1715 866 1785 qualibet
912 1731 1158 1784 persona
1210 1716 1330 1769 sine
1382 1717 1610 1771 licentia
1667 1723 1722 1772 et
1761 1734 2041 1773 consensu

341 1805 500 1876 regio
526 1809 841 1874 prasumat
869 1803 1075 1855 facere.

506 1895 633 1947 ΟΑΡ.
671 1893 938 1946 CLXXIII.
968 1922 1036 1931 —
1070 1893 1148 1944 De
1171 1894 1546 1947 ecclesiasticis
1575 1897 1886 1964 mancipiis.

413 1982 532 2053 (Ea:
615 1981 800 2034 concit.
875 1979 1026 2048 apud
1080 1981 1449 2046 Carisiacum,
1524 1998 1658 2051 cap.
1720 1986 1796 2048 2.)
1845 1984 2040 2053 Neque

342 2068 631 2139 mancipia
677 2067 1049 2120 ecclesiastica
1097 2068 1424 2138 quisquam,
1470 2069 1578 2121 nisi
1617 2069 1684 2123 ad
1717 2070 2040 2123 libertatem

342 2161 673 2222 commutet,
733 2155 996 2208 videlicet
1055 2160 1119 2208 ut
1163 2157 1450 2227 mancipia
1507 2174 1636 2228 qua
1688 2174 1792 2228 pro
1858 2160 2041 2212 eccle—

343 2246 564 2300 siastico
610 2243 845 2298 homine
923 2243 1234 2310 dabuntur,
1298 2245 1355 2297 in
1436 2245 1686 2299 ecclesia
1770 2247 2040 2301 servitute

342 2338 735 2405 permaneant,
786 2337 841 2385 et
883 2333 1293 2386 ecclesiasticus
1339 2333 1514 2386 homo
1567 2333 1686 2404 qui'
1719 2341 2039 2389 commuta-

341 2429 458 2489 tur,
504 2427 779 2492 perpetua
823 2420 1086 2473 libertate
1132 2421 1369 2474 fruatur.
1417 2421 1580 2485 Quod
1647 2423 1800 2476 enim
1863 2424 2039 2477 semel

348 2511 588 2565 Domino
648 2515 1038 2562 consecratum
1099 2514 1202 2575 est,
1273 2511 1341 2563 ad
1404 2511 1688 2564 humanos
1734 2528 1868 2565 usus
1917 2513 2039 2582 jam

342 2597 636 2653 transferri
671 2613 786 2650 non
821 2601 1022 2667 potest.
1079 2598 1172 2650 Ait
1202 2597 1354 2650 enim
1410 2599 1534 2651 lex:
1568 2599 1626 2652 Si
1672 2600 1803 2670 quis
1851 2605 2038 2654 muta-

340 2687 505 2753 verit,
539 2686 770 2756 etquod
804 2690 1009 2750 mutat,
1050 2690 1104 2739 et
1137 2687 1292 2756 quod
1345 2690 1627 2740 mutatum
1685 2693 1787 2755 est,
1830 2689 2036 2742 sancti-

342 2775 607 2830 ticabitur
634 2774 898 2828 Domino.

723 2863 851 2918 CAP.
887 2863 1151 2917 CLXXIV.
1184 2893 1252 2903 ——
1280 2867 1353 2917 De
1372 2864 1555 2918 eadem
1583 2880 1660 2918 re.

415 2953 530 3023 (Ea:
559 2952 740 3006 eodem
787 2966 906 3019 cap.
967 2953 1044 3019 3.)
1079 2953 1354 3020 Injustum
1406 2951 1635 3007 videtur
1682 2957 1740 3007 et
1768 2953 2036 3023 impium,

345 3047 405 3096 ut
445 3041 730 3110 mancipia
760 3055 888 3110 qua
923 3039 1122 3094 ﬁdeles
1151 3040 1259 3093 viri
1305 3057 1402 3094 seu
1447 3041 1677 3096 femina
1708 3058 1814 3112 pro
1845 3058 2038 3096 reme-

342 3131 438 3185 dio
485 3130 692 3184 anima
731 3144 848 3181 sua
910 3129 1022 3181 Deo
1079 3133 1135 3182 et
1181 3129 1390 3182 sanctis
1437 3131 1558 3198 ejus
1613 3134 2034 3184 consecrarunt.

343 3219 734 3288 cujuscunque
766 3216 1021 3269 muneris
1049 3217 1235 3285 pretio
1264 3218 1352 3270 vel
1383 3218 1847 3272 commutationis
1883 3235 2037 3273 com-

346 3307 574 3372 mercio,
607 3306 813 3358 iterum
848 3303 906 3356 in
940 3305 1253 3358 secularem
1302 3305 1633 3359 servitutem
1680 3306 2035 3378 redigantur,

342 3411 474 3450 cum
526 3393 798 3448 canonica
849 3393 1158 3446 auctoritas
1214 3408 1405 3446 servos
1461 3392 1730 3463 fugitivos
1783 3399 2037 3448 tantum-

344 3483 516 3538 modo
577 3479 814 3536 distrahi
870 3480 1188 3551 permittat,
1243 3494 1299 3535 et
1340 3481 1470 3535 ideo
1536 3497 1736 3536 omnes
1789 3487 2038 3538 rectores

345 3570 719 3624 Ecclesiarum
769 3584 1132 3639 summopere
1180 3574 1431 3636 caveant,
1476 3585 1548 3624 ne
1596 3571 1767 3624 unius
1799 3571 2041 3625 eleemo-

344 3675 484 3729 syna
533 3657 768 3712 alterius
821 3664 1117 3729 peccatum
1193 3659 1312 3713 fiat.
1370 3660 1440 3712 Et
1487 3663 1572 3712 est
1611 3659 1921 3714 absurdum
1977 3665 2040 3714 ut

344 3747 731 3803 Ecclesiastica
805 3747 1086 3818 dignitate
1146 3764 1342 3802 servus
1405 3747 1702 3810 decedens,
1769 3748 2039 3802 humana

340 3837 623 3892 obnoxius
652 3837 726 3890 sit
755 3837 1042 3892 servituti.

343 3945 470 4000 CAP.
513 3945 750 4000 CLXXV.
810 3974 878 3984 —
931 3947 1008 3999 De
1054 3943 1329 4009 regalibus
1375 3945 1660 4013 praeceptis
1711 3958 1874 4013 super
1908 3959 2034 4013 pre-

1113 4017 1306 4068 staria.

412 4103 533 4174 (Ea:
583 4103 770 4158 concil.
803 4102 878 4157 ad
907 4103 964 4157 S.
1017 4101 1360 4170 Medardum,
1411 4117 1529 4170 cap.
1587 4105 1696 4168 tl.)
1749 4103 2039 4172 Pracepta

340 4191 558 4262 regalia
607 4207 782 4260 super
819 4190 1094 4261 precariis
1144 4189 1546 4244 Ecclesiasticis
1583 4189 1708 4244 ﬁeri
1741 4206 1845 4244 nec
1888 4190 2034 4245 ratio

339 4280 497 4349 sinit,
532 4296 638 4334 nec
676 4279 986 4333 auctoritas
1036 4277 1293 4348 quolibet
1350 4278 1522 4332 modo
1553 4278 1850 4350 permittit.
1882 4280 2035 4343 Quo-

338 4368 495 4421 niam
560 4371 846 4436 pracepta
895 4366 955 4419 in
996 4366 1130 4436 jure
1169 4363 1543 4420 ecclesiastico
1601 4367 1830 4421 ﬁrmare
1886 4368 2036 4423 indi-

340 4471 520 4526 gnum
559 4455 871 4526 judicatur,
903 4469 1133 4508 necesse
1190 4458 1276 4508 est
1316 4459 1381 4508 ut
1418 4454 1686 4526 majestas
1725 4456 1880 4527 regia
1923 4473 2038 4511 non

341 4543 453 4598 nisi
501 4543 571 4598 ab
632 4543 1012 4598 ecclesiastico
1065 4546 1282 4597 rectore
1329 4547 1576 4613 petatur.
1636 4544 1792 4598 Idem
1843 4549 2038 4599 autem

339 4637 526 4685 custos
581 4630 844 4685 Ecclesia
899 4629 1269 4684 solertissime
1328 4637 1544 4697 caveat,
1579 4647 1651 4684 ne
1699 4631 1789 4685 sui
1819 4631 2037 4686 ordinis

338 4727 394 4776 et
423 4719 826 4776 Ecclesiastica
847 4719 1268 4774 communionis
1308 4720 1453 4774 forte
1484 4720 1808 4786 immemor,
1837 4725 2038 4776 contra

339 4811 732 4866 auctoritatem
779 4814 1134 4879 praceptum
1165 4809 1390 4880 regium
1421 4825 1524 4879 pro
1563 4823 1907 4879 quacunque
1947 4826 2034 4864 as-

338 4900 658 4956 sentatione
696 4897 822 4952 fieri
859 4902 1032 4967 petat.
1067 4896 1176 4961 Qui
1207 4896 1314 4950 etsi
1344 4896 1559 4964 fecerit,
1589 4913 1700 4950 non
1743 4896 2036 4953 audiatur-

337 4989 391 5044 Si
450 4993 642 5042 autem
700 4992 755 5040 et
811 4986 1146 5051 obtinuerit,
1209 4985 1366 5056 regia
1422 4985 1787 5052 discretione,
1840 4991 1898 5040 et
1921 4986 2038 5057 epi-

338 5075 551 5146 scopali
597 5075 814 5146 judicio
865 5074 1018 5128 idem
1077 5073 1451 5135 rescindatur,
1503 5078 1558 5128 et
1618 5072 1830 5144 petitor
1881 5073 2034 5143 inju-

337 5155 456 5218 stus
484 5182 585 5235 pro
633 5164 912 5235 principis
967 5163 1183 5234 injuste
1235 5164 1601 5234 suggestione
1650 5163 1824 5234 digne
1863 5163 2035 5218 corri-

335 5253 547 5323 piatur.
760 5239 774 5256 ⁸

337 5359 465 5414 CAP.
502 5358 763 5414 CLXXVI.
815 5388 883 5399 —
931 5361 1004 5412 De
1041 5361 1286 5428 episcopo
1331 5360 1430 5428 qui
1475 5359 1810 5427 mancipium
1846 5358 2031 5414 Eccle-

806 5432 901 5485 siae
921 5432 1235 5485 manumitti
1269 5429 1566 5485 desiderat.

2157 485 2498 554 patrocinio,
2546 487 2876 542 manumitti
2935 488 3240 556 desiderat,
3285 491 3420 545 duos
3461 495 3633 550 meriti
3671 499 3789 568 ejus-

2158 572 2288 627 dem
2321 579 2376 628 et
2413 575 2624 645 peculii
2655 592 2846 630 coram
2891 578 3132 632 concilio
3173 579 3423 634 Ecclesia
3449 582 3533 634 cui
3569 587 3790 653 praemi-

2156 667 2272 726 net,
2326 679 2431 733 per
2483 666 2995 720 commutationem
3041 667 3515 723 subscribentibus
3569 675 3790 728 sacerdo-

2156 749 2306 803 tibus
2344 751 2566 817 otI‘erat,
2627 756 2688 805 ut
2735 757 2858 806 rata
2905 759 2961 807 et
3010 754 3167 824 justa
3214 755 3524 810 inveniatur
3573 759 3788 816 deﬁnitio

2155 841 2637 894 commutationis.
2684 841 2840 894 Tunc
2870 842 3024 896 enim
3067 843 3306 896 liberam
3338 846 3789 904 manumissionem

2156 927 2277 980 sine
2343 928 2659 998 patrocinio
2732 930 2989 984 Ecclesia
3067 932 3373 985 concedere
3419 935 3633 1004 poterit,
3683 939 3792 1007 quia

2155 1030 2286 1068 cum
2327 1031 2500 1086 quem
2536 1017 2785 1071 libertati
2843 1019 3066 1073 tradere
3114 1019 3384 1090 disponit,
3407 1022 3521 1091 jam
3561 1023 3793 1096 juripro.

2153 1104 2282 1173 prio
2330 1105 2649 1175 acquisivit.
2686 1106 3022 1175 Hujusmodi
3073 1113 3266 1161 autem
3322 1110 3518 1163 liberto
3565 1113 3790 1166 adversus

2155 1191 2481 1260 Ecclesiam,
2507 1193 2668 1263 cujus
2689 1194 2838 1265 juris
2887 1195 3126 1255 exstitit,
3179 1197 3479 1250 accusandi
3517 1199 3596 1251 vel
3623 1198 3792 1253 testiﬁ-

2155 1279 2318 1333 candi
2375 1281 2690 1350 denegetur
2737 1281 2987 1336 licentia.
3067 1283 3229 1348 Quod
3283 1284 3328 1338 si
3394 1288 3790 1356 prasumpserit,

2153 1369 2339 1438 placet
2377 1374 2461 1438 ut,
2495 1375 2680 1425 stante
2708 1372 3176 1436 commutatione,
3229 1372 3289 1426 in
3335 1374 3648 1428 servitutem
3689 1390 3792 1444 pro-

2151 1458 2337 1527 priam
2372 1459 2630 1514 Ecclesia
2658 1465 2974 1514 revocetur.

2152 1562 2280 1616 CAP.
2314 1563 2605 1620 CLXXVII.
2644 1595 2705 1604 -—
2751 1565 2831 1619 De
2879 1565 3268 1631 sacerdotibus,
3317 1567 3414 1634 qui
3443 1582 3522 1622 res
3550 1582 3664 1622 suas
3707 1569 3791 1622 Ec—

2735 1637 2909 1690 clesiae
2935 1638 3300 1704 relinquunt.

2225 1741 2361 1806 (Em.
2405 1739 2584 1794 eodem
2633 1742 2822 1795 concit.
2880 1757 2934 1807 v,
2991 1757 3111 1810 cap.
3144 1741 3257 1811 69.)
3303 1742 3616 1796 Consensus
3658 1742 3794 1797 totius

2151 1827 2378 1880 concilii
2430 1827 2688 1881 definivit
2755 1833 2818 1882 ut
2868 1828 3208 1893 sacerdotes,
3264 1830 3365 1899 qui
3419 1835 3514 1882 aut
3567 1846 3648 1882 res
3696 1847 3796 1884 suas

2152 1915 2414 1968 Ecclesia
2441 1915 2796 1986 relinquunt,
2847 1922 2947 1970 aut
2993 1916 3135 1969 nihil
3180 1917 3480 1983 habentes,
3529 1917 3700 1988 aliqua
3731 1924 3792 1970 ta-

2151 2020 2284 2056 men
2333 2003 2568 2073 pradia,
2616 2008 2715 2057 aut
2770 2003 3014 2058 familias
3066 2005 3328 2058 Ecclesiis
3362 2005 3476 2058 suis
3503 2007 3795 2076 conquirunt

2153 2090 2316 2144 liceat
2363 2091 2474 2144 illis
2504 2091 2728 2161 aliquos
2758 2091 2826 2145 de
2874 2091 3105 2145 familiis
3134 2092 3396 2160 ejusdem
3447 2093 3683 2146 Ecclesia
3710 2109 3794 2145 ma-

2150 2179 2481 2246 numittere,
2517 2179 2679 2249 juxta
2708 2179 2792 2232 rei
2839 2180 3059 2234 collata
3103 2180 3362 2246 modum,
3415 2197 3581 2251 quem
3619 2182 3795 2252 antiqui

2151 2283 2397 2320 canones
2439 2267 2831 2333 decreverunt,
2875 2267 2956 2322 ita
3002 2271 3066 2321 ut
3112 2283 3245 2322 cum
3293 2269 3520 2338 peculio
3563 2275 3612 2322 et
3640 2274 3794 2338 poste-

2150 2355 2316 2408 ritate
2343 2371 2464 2420 sua,
2507 2355 2554 2407 si
2598 2354 2838 2425 ingenui
2891 2361 3040 2421 sunt,
3093 2355 3196 2408 sub
3238 2356 3557 2426 patrocinio
3589 2357 3797 2410 Ecclesia

2152 2449 2441 2508 maneant,
2475 2443 2752 2497 utilitates
2781 2443 3066 2514 injunctas
3109 2444 3216 2498 sibi
3251 2445 3424 2514 juxta
3456 2445 3600 2515 quod
3629 2451 3798 2516 potue-

2150 2531 2268 2586 rint
2295 2536 2726 2602 prosequentes.

2151 2637 2282 2692 CAP.
2316 2637 2632 2692 CLXXVIII.
2669 2667 2738 2676 —
2773 2638 2839 2690 Ut
2866 2637 3168 2705 presbyteri
3199 2653 3312 2691 rem
3356 2639 3591 2692 Ecclesiae
3616 2637 3804 2692 vendere

2750 2723 2858 2761 non
2883 2713 3239 2776 praesumant.

2222 2795 2342 2865 (Ea:
2404 2796 2591 2850 concii.
2644 2795 2928 2862 Carthag.,
2973 2811 3091 2865 cap.
3151 2796 3264 2865 33.)
3324 2798 3464 2851 Item
3528 2795 3718 2868 placuit
3753 2799 3804 2848 ut

2149 2884 2466 2956 presbyteri
2497 2900 2615 2938 non
2643 2883 2893 2938 vendant
2933 2899 3051 2938 rem
3088 2885 3372 2951 Ecclesia,
3417 2885 3511 2939 ubi
3542 2889 3661 2938 sunt
3694 2901 3804 2937 con-

2148 2973 2354 3042 stituti,
2423 2972 2809 3027 nescientibus
2884 2972 3166 3043 episcopis
3222 2973 3386 3027 suis:
3445 2973 3712 3044 quomodo
3762 2977 3806 3024 et

2148 3061 2426 3133 episcopis
2456 3078 2572 3116 non
2611 3061 2778 3116 liceat
2821 3062 3064 3116 vendere
3101 3061 3320 3132 pradia
3367 3063 3637 3128 Ecclesia,
3682 3063 3807 3132 igno-

2148 3156 2309 3204 rante
2357 3150 2596 3204 concilio
2667 3151 2753 3204 vel
2828 3151 3176 3221 presbyteris
3243 3152 3385 3205 suis.
3446 3154 3564 3207 Non
3612 3150 3807 3205 habenti

2148 3255 2283 3310 ergo
2324 3238 2739 3305 necessitatem,
2769 3243 2886 3293 nec
2933 3240 3199 3310 episcopo
3250 3240 3423 3294 liceat
3459 3239 3692 3294 metricis
3733 3239 3806 3292 Ec-

2147 3328 2351 3395 clesia,
2384 3344 2488 3382 nec
2517 3327 2850 3398 presbytero
2882 3344 3000 3381 rem
3036 3328 3189 3382 tituli
3217 3328 3307 3382 sui
3349 3345 3640 3400 usurpare.

2147 3434 2276 3489 CAP.
2314 3435 2574 3490 CLXXIX.
2616 3463 2686 3472 —
2742 3436 2809 3488 Ut
2863 3435 3044 3488 nullus
3095 3434 3387 3489 ordinatus
3427 3435 3492 3489 de
3534 3433 3807 3488 ministeriis

2458 3506 2718 3559 Ecclesia
2742 3505 2962 3573 aliquid
2987 3505 3214 3559 vendere
3241 3511 3562 3575 prasumat.

2217 3615 2328 3679 (Em
2356 3613 2540 3666 concil.
2586 3613 2885 3678 Braggar.,
2943 3625 3064 3680 cap.
3117 3613 3221 3678 30.)
3268 3610 3327 3664 Si
3378 3611 3508 3682 quis
3553 3609 3808 3682 presbyter

2147 3704 2246 3753 aut
2276 3699 2550 3754 diaconus
2576 3699 2841 3753 inventus
2888 3698 3064 3752 fuerit
3120 3699 3188 3753 de
3239 3700 3618 3770 eleemosynis
3653 3697 3811 3753 Eccle-

2147 3789 2248 3842 sia
2289 3787 2508 3858 aliquid
2556 3787 2930 3852 venundasse,
2963 3787 3099 3858 quia
3132 3788 3502 3860 sacrilegium
3539 3785 3806 3847 commisit,

2147 3877 2364 3948 placuit
2401 3893 2535 3931 eum
2564 3877 2623 3930 in
2665 3875 3029 3930 ordinatione
3067 3877 3324 3931 Ecclesia
3365 3894 3485 3932 non
3516 3877 3718 3932 haberi.
3758 3876 3808 3928 In

2144 3965 2361 4036 judicio
2387 3970 2577 4018 tamen
2609 3965 2861 4035 episcopi
2888 3965 3320 4032 dimittendum,
3364 3967 3482 4020 sive
3507 3966 3700 4036 dignus
3733 3963 3805 4025 sit,

2148 4053 2264 4108 sive
2288 4053 2561 4124 indignus
2592 4053 2653 4107 in
2680 4071 2783 4106 suo
2812 4053 2985 4123 recipi
3018 4054 3220 4124 gradu.

2149 4161 2276 4216 CAP.
2329 4160 2565 4216 CLXXX.
2597 4189 2666 4199 —
2704 4163 2778 4214 De
2818 4160 3145 4229 presbyteris
3192 4162 3289 4230 qui
3317 4161 3386 4216 de
3417 4161 3546 4230 jure
3584 4159 3717 4214 tituti
3739 4158 3809 4211 sui

2701 4231 2918 4299 aliquid
2945 4231 3281 4285 distrahunt.

2220 4338 2338 4404 (Ea:
2383 4337 2583 4403 eodem,
2627 4352 2747 4406 cap.
2779 4340 2891 4405 31.)
2918 4337 3258 4409 Quicunque
3307 4339 3608 4409 presbyter
3625 4336 3687 4391 de
3701 4337 3807 4405 jure

2147 4424 2299 4480 tituli
2325 4424 2414 4480 sui
2444 4423 2704 4495 quolibet
2744 4424 2913 4478 modo
2945 4440 3172 4490 aurum,
3207 4430 3536 4496 argentum,
3566 4425 3649 4479 vel
3675 4437 3808 4494 gem-

2146 4529 2289 4579 mas,
2335 4518 2519 4568 vestes
2553 4529 2802 4584 quoque,
2837 4512 2884 4566 si
2911 4517 3064 4580 sunt,
3091 4513 3180 4567 vel
3207 4513 3255 4566 si
3289 4513 3622 4568 accesserint
3648 4513 3809 4581 aliqua

2146 4601 2380 4656 mobilia
2409 4602 2478 4657 ad
2512 4606 2850 4656 ornamenta
2890 4601 3102 4670 divina,
3155 4602 3372 4673 aliquid
3404 4603 3468 4656 in
3497 4607 3809 4674 perpetuum

2147 4691 2394 4746 alienare
2446 4690 2769 4758 tentaverit,
2816 4690 3082 4760 donator,
3128 4692 3413 4746 alienator
3441 4709 3508 4746 ac
3559 4689 3806 4751 venditor,

2143 4777 2380 4834 honoris
2410 4779 2499 4833 sui
2526 4779 2830 4833 amissione
2857 4779 3178 4833 mulctetur.

2521 4883 2650 4939 CAP.
2686 4883 2948 4938 CLXXXI.
2981 4915 3050 4924 —
3079 4887 3152 4939 De
3175 4884 3362 4938 eadem
3388 4900 3466 4938 re.

2215 4993 2321 5060 (Ea:
2348 4990 2548 5058 eodem,
2599 5006 2719 5060 cap.
2781 4991 2894 5060 32.)
2927 4990 2985 5045 Si
3034 4991 3162 5061 quis
3212 4991 3516 5061 episcopus
3571 4987 3715 5043 nulla
3737 5002 3809 5040 ec-

2143 5079 2472 5134 clesiastica
2529 5079 2770 5134 rationis
2823 5079 3158 5133 necessitate
3213 5080 3561 5149 compulsus,
3618 5077 3673 5130 in
3721 5089 3805 5128 suo

2142 5168 2316 5235 clero,
2351 5172 2450 5221 aut
2476 5167 2576 5222 ubi
2623 5168 2767 5222 forte
2798 5183 2915 5222 non
2965 5172 3049 5221 est
3085 5167 3399 5237 presbyter,
3432 5166 3504 5220 de
3551 5165 3710 5218 rebus
3732 5177 3807 5216 ec-

2143 5251 2470 5306 clesiasticis
2517 5251 2734 5322 aliquid
2767 5253 3201 5322 prasumpserit
3232 5253 3492 5313 vendere,
3532 5266 3621 5304 res
3658 5249 3805 5317 ipsas,

2144 5339 2404 5394 Ecclesia
2459 5339 2708 5410 propria
2763 5344 3085 5394 restaurare
3143 5343 3399 5409 cogatur,
3430 5342 3489 5392 et
3537 5331 3805 5406 injudicio

2142 5429 2541 5498 episcoporum
2580 5426 2882 5498 dejiciatur
2910 5429 3162 5498 auditus,
3183 5432 3241 5484 et
3260 5432 3534 5500 tanquam
3571 5423 3701 5480 furti
3723 5422 3806 5475 aut

405 5517 521 5588 (E2:
576 5518 766 5573 concit.
819 5518 1059 5573 Toletan.
1116 5533 1172 5586 v,
1231 5533 1353 5588 cap.
1411 5516 1528 5587 68.)
1590 5516 1904 5588 Episcopus
1929 5517 2032 5589 qui
2139 5516 2425 5571 latrocinii
2445 5533 2577 5573 reus
2601 5532 2706 5573 suo
2733 5517 2996 5589 privetur
3022 5517 3264 5575 honore.
