3976 6194
98 270 203 320 709

1078 265 1553 323 DECRETORUM
1597 266 1785 322 LIBRI
1825 268 1930 322 XX.
1973 296 2041 305 —-
2081 268 2287 322 LIBER
2329 268 2649 324 TERTIUS.

3525 277 3627 328 7lO

97 390 231 467 Car.
274 387 757 467 CI.XXX_II._Quod_
805 393 1067 467 quantum
1110 389 1405 467 remedium
1450 392 1616 467 venia
1666 389 1812 467 obla-
1839 400 1885 450 Α
1924 390 2049 444 CAP.
2118 389 2437 467 CLXXXVI.
2491 394 2575 467 -De
2640 392 2878 467 libertis,
2918 397 3046 467 qui
3120 412 3152 447 a
3219 398 3627 467 quibuscunque

172 462 255 513 tio
322 461 684 513 ecclesiastica
742 461 932 511 tribuit
997 463 1313 526 con/eremi,
1383 466 1596 515 tantum
1662 462 1811 514 dam-

168 547 307 583 num
333 535 615 599 praeparat
641 530 951 594 fundatori.

174 620 295 685 (Ea:
345 618 535 672 concil.
596 620 859 682 Toletum,
902 634 1020 686 cap.
1076 617 1188 687 33.)
1239 618 1439 672 Omnis
1490 619 1685 689 itaque
1732 618 1814 671 rei

104 708 509 761 ecclesiastica
536 707 847 777 quantitas,
882 707 1026 760 sicut
1052 708 1370 761 remedium
1402 708 1581 761 venia
1615 707 1816 761 tribuit

103 796 465 861 conferendi,
512 795 591 847 ita
639 796 913 848 damnum
974 796 1079 849 rite
1138 803 1426 865 praeparat
1482 796 1811 849 fraudatori.

104 886 170 937 Et
232 884 364 937 ideo
428 884 625 936 nullus
678 884 1061 949 sacerdotum,
1129 885 1218 937 vel
1286 884 1681 938 ministrorum
1749 901 1815 937 ex

102 974 283 1026 rebus
328 973 607 1033 Ecclesia,
660 989 789 1042 qua
844 974 903 1025 in
944 973 1381 1044 quibuscunque
1421 973 1559 1026 locis
1598 990 1631 1026 a
1668 972 1815 1026 ﬁde-

102 1061 262 1115 libus
315 1062 658 1131 largiuntur,
711 1060 929 1131 aliquid
981 1062 1222 1127 auferat,
1277 1067 1333 1115 et
1379 1062 1497 1131 juri
1548 1078 1670 1127 suo,
1718 1065 1817 1114 aut

104 1150 394 1204 cathedra
444 1150 690 1220 propria
726 1150 935 1203 unitati
984 1154 1302 1205 connectat.
1339 1151 1567 1215 Verum,
1610 1155 1673 1203 ut
1703 1150 1817 1202 bu-

99 1240 197 1308 jus
243 1238 327 1291 rei
380 1238 635 1291 soliditas
684 1239 876 1307 potior
931 1239 1229 1306 habeatur,
1279 1238 1619 1309 propinquis
1672 1238 1815 1307 ejus,

107 1327 207 1397 qui
248 1333 695 1379 construxerunt
740 1328 825 1379 vel
857 1327 1183 1380 ditaveruut
1212 1327 1542 1391 Ecclesiam,
1595 1326 1817 1379 licitum

106 1416 177 1468 sit
230 1416 378 1468 hanc
424 1416 591 1468 bona
622 1415 957 1468 intentionis
1016 1416 1225 1469 habere
1272 1416 1582 1478 solertiam,
1636 1420 1722 1482 ut,
1772 1414 1817 1467 si

108 1505 468 1557 sacerdotem
554 1521 648 1556 seu
738 1505 1065 1556 ministrum
1153 1505 1371 1575 aliquid
1457 1521 1523 1557 ex
1599 1503 1818 1556 collatis

108 1593 287 1645 rebus
343 1592 710 1661 praviderint
763 1592 1127 1655 defraudare,
1197 1597 1293 1645 aut
1350 1592 1818 1646 commonitionis

109 1682 361 1734 honesta
392 1682 767 1734 conventione
816 1686 1200 1750 compescant,
1234 1684 1330 1733 aut
1360 1681 1493 1733 talia
1526 1678 1817 1750 episcopo,
1856 1682 1891 1734 Β

109 1776 211 1822 aut
239 1769 423 1838 judici
474 1769 812 1838 corrigenda
868 1769 1227 1822 denuntient.
1270 1769 1425 1831 Quod
1458 1768 1505 1821 si
1532 1768 1666 1820 talia
1700 1768 1818 1837 epi-

113 1874 324 1927 scopus
371 1874 541 1927 agere
596 1862 795 1919 tentat,
854 1858 1298 1925 metropolitano
1338 1857 1461 1925 ejus
1511 1858 1631 1909 hac
1678 1856 1823 1909 insi—

115 1963 300 1999 nuare
370 1951 694 2015 procurent.
755 1946 811 1999 Si
884 1951 1073 1999 autem
1144 1946 1622 2015 metropolitanus
1688 1945 1825 1997 talia

116 2036 293 2105 gerit,
350 2035 496 2103 regis
554 2034 675 2086 hac
729 2034 964 2087 auribus
1016 2034 1307 2087 insinuare
1358 2050 1474 2086 non
1533 2033 1818 2087 differant.

118 2124 268 2192 Ipsis
313 2128 505 2175 tamen
548 2123 872 2175 haredibus
904 2124 960 2175 in
993 2123 1207 2177 eisdem
1260 2122 1428 2175 rebus
1469 2138 1587 2174 non
1637 2122 1822 2187 liceat,

118 2211 289 2282 quasi
324 2213 471 2279 juris
518 2212 734 2281 proprii
776 2216 1117 2281 potestatem
1161 2212 1450 2281 praferre,
1503 2226 1618 2263 non
1666 2209 1825 2278 rapi-

118 2316 281 2359 nam.
319 2316 434 2352 non
486 2300 747 2353 fraudem
794 2300 1076 2368 ingerere,
1112 2316 1229 2352 non
1260 2299 1591 2352 violentiam
1623 2314 1825 2368 quam-

118 2404 353 2458 cunque
401 2405 771 2457 prasumere.
823 2389 877 2442 Si
928 2389 1055 2459 quis
1103 2389 1225 2441 hac
1278 2388 1494 2440 monita
1546 2391 1826 2440 temerare

122 2479 577 2547 praesumpserit,
628 2482 683 2530 et
717 2479 863 2530 male
908 2482 1072 2546 rapta
1102 2493 1231 2529 cum
1277 2476 1610 2529 confusione
1659 2476 1823 2528 resti-

121 2571 269 2631 tuet,
303 2572 359 2619 et
393 2565 1001 2619 excommunicationis
1035 2581 1241 2618 annua
1282 2564 1622 2618 sententiam
1654 2563 1825 2617 susti-

124 2653 311 2706 nebit.

127 2760 260 2814 CAP.
317 2759 641 2814 CLXXXIII.
711 2762 785 2812 De
850 2760 1059 2813 clericis
1114 2761 1210 2827 qui
1256 2760 1591 2824 documenta,
1632 2758 1827 2827 quibus

381 2833 613 2885 ecclesia
642 2832 901 2899 possessio
928 2833 1205 2898 ﬁrmatur,
1241 2830 1576 2884 distrahunt.

202 2921 321 2989 (Ea:
352 2920 538 2973 concil.
585 2920 879 2986 Agat/cem,
925 2934 1043 2987 cap.
1067 2918 1145 2987 5.)
1180 2918 1233 2972 Si
1268 2920 1395 2989 quis
1426 2935 1559 2971 vero
1610 2919 1678 2972 de
1709 2918 1823 2971 cle-

127 3009 262 3061 ricis
312 3008 680 3083 documenta,
732 3008 938 3077 quibus
990 3008 1246 3061 Ecclesia
1294 3008 1577 3077 possessio
1632 3007 1825 3060 firma-

134 3103 234 3150 tur
287 3102 387 3150 aut
450 3097 829 3167 supprimere,
881 3101 980 3150 aut
1045 3114 1275 3167 negare,
1344 3101 1442 3150 aut
1495 3095 1829 3150 adversariis

131 3186 375 3240 fortasse
427 3186 669 3249 tradere,
730 3186 1043 3239 damnabili
1101 3190 1155 3238 et
1220 3186 1511 3256 punienda
1575 3185 1829 3239 obstina-

133 3276 292 3328 tione
340 3274 787 3343 prasumpserit,
837 3274 1118 3343 quidquid
1153 3290 1256 3343 per
1303 3274 1618 3327 absentiam
1649 3274 1831 3326 docu-

132 3368 464 3415 mentorum
496 3361 687 3414 damni
719 3361 980 3415 Ecclesia
1016 3362 1239 3414 illatum
1270 3366 1371 3425 est,
1399 3367 1455 3415 et
1483 3362 1551 3414 de
1582 3361 1831 3430 propriis

131 3450 500 3503 facultatibus
520 3450 735 3516 reddat,
761 3454 816 3503 et
834 3450 1239 3503 communione
1253 3450 1525 3520 privetur.
1551 3450 1616 3502 Hi
1637 3455 1829 3503 autem

130 3538 235 3607 qui
298 3538 358 3590 in
409 3538 683 3590 damnum
738 3537 1001 3615 Ecclesiae
1060 3544 1346 3607 pracepta
1392 3544 1448 3590 et
1504 3535 1832 3590 testimonia

132 3630 345 3678 sancta
374 3627 626 3679 Ecclesia
655 3626 830 3695 impie
862 3626 1150 3679 sollicitati
1180 3643 1212 3679 a
1244 3625 1617 3679 traditoribus
1648 3640 1829 3677 susce-

131 3719 370 3782 perunt,
403 3714 524 3783 pari
557 3714 834 3767 sententia
864 3714 1160 3768 feriantur.

131 3819 265 3872 CAP.
319 3818 640 3873 CLXXXIV.
687 3823 757 3873 De
808 3820 1034 3885 libertis,
1091 3822 1187 3888 qui
1230 3836 1263 3872 a
1300 3821 1603 3888 patrocinio
1661 3819 1830 3872 Eccle-

732 3894 827 3945 sia
854 3892 1235 3944 discesserunt.

208 3980 315 4040 (Ea:
364 3979 550 4032 concil.
615 3979 773 4033 Tolet.
841 3996 892 4045 v,
952 3995 1071 4047 cap.
1130 3981 1239 4046 71.)
1296 3978 1505 4032 Liberti
1546 3977 1831 4045 Ecclesia,

132 4066 239 4136 qui
282 4083 315 4119 a
355 4067 674 4136 patrocinio
721 4068 845 4137 ejus
884 4067 1263 4136 discedentes,
1314 4067 1663 4136 quibuslibet
1707 4083 1834 4137 per-

131 4155 291 4207 sonis
372 4155 752 4217 adhaseruut,
836 4156 882 4208 si
951 4156 1229 4211 admoniti
1308 4156 1494 4209 redire
1572 4160 1831 4210 contem-

132 4244 377 4312 pserint,
423 4244 798 4297 manumissio
829 4260 1027 4297 eorum
1067 4246 1229 4297 irrita
1259 4245 1351 4312 sit,
1397 4244 1531 4314 quia
1560 4260 1664 4313 per
1694 4243 1829 4298 obe-

131 4332 370 4385 dientia
404 4337 798 4402 contemptum
822 4332 1033 4403 ingrati
1070 4333 1289 4386 actione
1316 4338 1601 4387 tenentur.

422 4438 549 4492 CAP.
593 4438 876 4492 CLXXXV.
927 4440 1005 4491 De
1034 4440 1247 4492 libertis
1278 4440 1545 4493 Ecclesia.

205 4546 321 4611 (Ea:
365 4544 544 4598 eodem
603 4546 793 4599 concil.
843 4561 896 4609 v,
943 4560 1063 4613 cap.
1124 4544 1242 4613 70.)
1291 4544 1499 4598 Liberti
1550 4544 1831 4612 Ecclesia,

128 4633 273 4701 quia
313 4648 611 4703 nunquam
659 4633 901 4686 moritur
930 4648 1133 4687 eorum
1183 4638 1422 4702 patrona
1454 4650 1484 4685 a
1513 4632 1832 4702 patrocinio

128 4722 391 4791 ejusdem
438 4738 734 4793 nunquam
769 4722 1082 4787 discedant,
1134 4737 1236 4775 nec
1266 4721 1566 4791 posteritas
1598 4720 1833 4791 quidem

127 4826 359 4875 eorum,
420 4811 568 4864 sicut
618 4812 837 4881 priores
896 4826 1140 4865 canones
1192 4816 1582 4864 decreverunt.
1645 4812 1709 4863 Et
1762 4826 1834 4863 ne

128 4900 285 4951 forte
348 4900 581 4952 libertas
641 4916 840 4953 eorum
887 4900 945 4952 in
993 4898 1184 4952 futura
1241 4899 1400 4969 prole
1466 4914 1581 4951 non
1620 4902 1830 4968 pateat,

127 4988 379 5057 ipsaque
445 4988 749 5058 posteritas
814 4987 1061 5041 naturali
1131 4986 1489 5056 ingenuitate
1552 4986 1834 5054 obtinens,

125 5089 259 5126 sese
288 5074 360 5126 ab
410 5075 670 5127 Ecclesia
715 5074 1039 5143 patrocinio
1091 5090 1205 5127 non
1257 5074 1569 5140 subtrahat,
1605 5090 1834 5127 necesse

125 5162 219 5210 est
252 5162 366 5210 tam
422 5158 595 5211 iidem
641 5158 847 5223 liberti,
909 5175 1081 5229 quam
1123 5158 1193 5212 ab
1227 5159 1307 5211 eis
1362 5158 1651 5229 progeniti
1700 5173 1831 5228 pro-

124 5246 443 5300 fessionem
496 5248 761 5317 episcopo
794 5264 897 5301 suo
929 5248 1159 5315 faciant,
1209 5263 1312 5317 per
1360 5264 1529 5317 quam
1564 5264 1621 5300 se
1653 5263 1717 5300 ex
1750 5248 1832 5300 fa-

127 5334 293 5387 milia
345 5336 605 5388 Ecclesia
655 5337 863 5390 liberos
909 5336 1137 5390 effectos
1184 5352 1304 5389 esse
1336 5336 1639 5401 fateantur,
1677 5336 1833 5405 ejus-

125 5440 248 5494 que
279 5424 664 5494 patrocinium
710 5442 827 5480 non
858 5426 1210 5497 relinquant,
1247 5424 1345 5478 sed
1369 5425 1534 5495 juxta
1565 5426 1832 5480 virtutem

123 5529 301 5567 suam
333 5512 674 5587 obsequium
699 5514 767 5581 ei,
804 5516 890 5570 vel
922 5513 1307 5570 obedientiam
1336 5513 1651 5585 prabeant.

2030 465 2352 515 manumissi
2380 463 2624 516 Ecclesiae
2651 466 2955 531 patrocinio
2985 463 3343 520 commendati
3367 476 3514 522 sunt.

1998 550 2108 616 (Em
2139 549 2316 603 eodem
2364 566 2417 614 v,
2468 566 2586 619 cap.
2624 550 2739 619 7'2.)
2786 552 3016 618 Liberti,
3065 554 3161 624 qui
3211 571 3243 607 a
3274 556 3627 625 quibuscun-

1926 652 2037 705 que
2107 637 2445 691 manumissi
2511 644 2686 703 sunt,
2746 644 2916 708 atque
2984 641 3243 695 Ecclesia
3304 644 3623 712 patrocinio

1926 724 2309 777 commendati
2356 725 2625 790 existunt,
2678 727 2823 779 sicut
2854 730 3065 797 regulae
3116 730 3486 800 antiquorum
3520 735 3626 787 Pa-

1927 818 2078 866 trum
2124 814 2564 881 constituerunt,
2617 816 2953 869 sacerdotali
3007 817 3339 872 defensione
3367 837 3400 873 a
3447 821 3631 891 cujus-

1929 902 2069 955 libet
2098 902 2401 955 insolentia
2444 908 2837 973 protegantur,
2890 905 3006 958 sive
3057 907 3114 959 in
3146 913 3297 961 statu
3344 910 3626 964 libertatis

1925 1006 2143 1055 eorum,
2177 1006 2277 1044 seu
2308 991 2367 1043 in
2401 992 2623 1060 peculio
2658 994 2809 1063 quod
2842 993 3050 1048 habere
3086 1003 3420 1051 noscuntur.

2093 1080 2220 1134 CAP.
2256 1079 2592 1133 CLXXXVII.
2632 1082 2710 1135 De
2740 1078 3087 1137 manumissis
3113 1086 3171 1137 in
3201 1087 3460 1139 Ecclesia.

1999 1168 2107 1237 (Ea:
2154 1170 2340 1222 concil.
2392 1171 2672 1229 Arausic.,
2727 1185 2849 1238 cap.
2901 1173 2979 1237 6.)
3011 1172 3074 1224 In
3130 1173 3374 1227 Ecclesia
3415 1191 3624 1229 mauu—

1928 1256 2151 1321 missos,
2188 1258 2273 1309 vel
2304 1272 2405 1327 per
2432 1262 2847 1311 testamentum
2878 1259 3140 1313 Ecclesia
3171 1263 3621 1331 commendatos,

1930 1345 1976 1397 si
2008 1345 2137 1414 quis
2169 1345 2227 1398 in
2264 1345 2619 1411 servitutem,
2656 1347 2738 1399 vel
2767 1348 2826 1399 iu
2860 1348 3221 1418 obsequium,
3252 1351 3339 1403 vel
3372 1352 3439 1405 ad
3473 1353 3626 1405 colo-

1930 1434 2149 1485 nariam
2193 1434 2576 1486 conditionem
2628 1434 2963 1503 imprimere
2996 1439 3313 1503 tentaverit,
3362 1440 3629 1493 animad-

1928 1521 2189 1574 versione
2220 1522 2596 1575 ecclesiastica
2626 1524 3000 1577 coercebitur.

2001 1608 2130 1661 CAP.
2162 1609 2523 1663 CLXXXVIII.
2558 1612 2627 1663 De
2662 1613 2918 1677 fugitivis
2950 1613 3323 1668 ecclesiasticis
3362 1618 3552 1669 servis.

2002 1694 2117 1761 (Ea:
2200 1695 2379 1748 eodem
2464 1697 2738 1763 Toletan.)
2824 1698 3113 1767 Fugitivos
3194 1699 3365 1752 etiam
3438 1717 3629 1754 servos

1929 1782 2336 1835 ecclesiasticos
2385 1783 2587 1837 domos
2638 1801 2788 1850 suas,
2838 1792 2938 1839 aut
2982 1786 3229 1839 familias
3281 1789 3625 1856 deserentes,

1930 1871 2030 1940 qui
2084 1871 2258 1925 etiam
2298 1871 2343 1923 si
2388 1872 2635 1925 revocati
2681 1873 2913 1939 fuerint,
2965 1876 3149 1928 teneri
3209 1892 3325 1929 non
3366 1883 3630 1947 possunt,

1931 1959 2104 2012 simili
2155 1960 2374 2013 ratione
2433 1961 2503 2013 ab
2553 1962 2843 2030 episcopo,
2898 1963 2945 2015 si
2996 1964 3262 2029 voluerit,
3314 1971 3413 2019 aut
3465 1968 3511 2019 si
3552 1968 3633 2021 ita

1930 2044 2013 2096 illi
2045 2045 2380 2109 meruerint,
2414 2046 2825 2101 distrahantur.

1931 2132 2060 2186 CAP.
2119 2133 2420 2186 CLXXXIX.
2473 2137 2546 2187 De
2595 2138 2885 2203 episcopis,
2943 2140 3040 2203 qui
3096 2140 3239 2191 nihil
3280 2142 3394 2193 suis
3442 2141 3631 2193 Eccle-

2001 2206 2100 2256 siis
2158 2207 2463 2269 conferunt,
2522 2210 2571 2257 et
2617 2213 2794 2259 tamen
2832 2222 2895 2260 ex
2937 2210 3157 2273 familia
3205 2210 3399 2263 liberos
3450 2213 3631 2276 facere

1996 2279 2352 2342 praesumunt.

2004 2362 2116 2428 (Ea:
2164 2362 2395 2431 eodem.)
2448 2362 2732 2433 Episcopi,
2792 2364 2891 2435 qui
2946 2364 3088 2420 nihil
3141 2382 3206 2419 ex
3249 2367 3483 2436 proprio
3528 2384 3630 2422 suo

1934 2448 2187 2501 Ecclesia
2238 2449 2444 2502 Christi
2478 2451 2803 2519 conferunt,
2840 2452 3049 2505 liberos
3082 2470 3147 2505 ex
3179 2454 3410 2507 familiis
3442 2456 3631 2508 Eccle-

1935 2537 2035 2590 sia
2085 2538 2154 2591 ad
2207 2539 2746 2592 condemnationem
2794 2556 2955 2592 suam
3010 2541 3193 2595 facere
3242 2558 3358 2594 non
3413 2558 3630 2605 prasu-

1935 2632 2112 2679 mant.
2158 2627 2402 2697 Impium
2448 2634 2532 2681 est
2579 2629 2733 2681 enim
2783 2634 2846 2681 ut
2895 2630 2993 2697 qui
3051 2646 3140 2683 res
3188 2647 3315 2683 suas
3378 2631 3633 2684 Ecclesia

1936 2714 2143 2769 Christi
2195 2731 2313 2768 non
2370 2717 2692 2782 contulerit,
2752 2716 3029 2770 damnum
3085 2719 3341 2773 Ecclesia
3400 2719 3631 2778 inferat.

1935 2804 2096 2857 Tales
2160 2803 2335 2873 igitur
2389 2804 2624 2858 libertos
2685 2821 2972 2858 successor
3035 2807 3353 2877 episcopus,
3418 2808 3632 2878 absque

1938 2892 2127 2961 aliqua
2160 2892 2518 2961 oppositione
2547 2892 2614 2946 ad
2635 2892 2732 2962 jus
2765 2893 3024 2946 Ecclesia
3061 2896 3362 2948 revocabit.

1862 2957 1901 3011 C
1939 2957 2069 3035 Car.
2106 2957 2254 3035 CXC:
2287 3010 2347 3021 —
2379 2983 2456 3035 De
2492 2957 2759 3049 illisiqui
2785 2998 2885 3050 pro
2914 2984 3099 3050 aliquo
3127 2990 3281 3036 reatu
3308 2986 3535 3051 fugiunt
3561 2982 3635 3036 ad

2630 3054 2942 3106 Ecclesium.

2012 3141 2121 3208 (Ea-
2151 3141 2337 3195 concil.
2378 3142 2692 3205 Aureliam,
2726 3156 2845 3209 cap.
2884 3142 2994 3209 lO.)
3032 3142 3093 3195 In
3121 3142 3337 3213 synodo
3369 3142 3635 3196 Aurelia-

1939 3230 2103 3282 nensi
2152 3230 2339 3299 prima
2394 3230 2499 3283 sub
2548 3229 2831 3284 Clodoveo
2882 3247 3033 3300 rege,
3088 3231 3147 3284 in
3195 3248 3307 3301 qua
3364 3232 3638 3285 sederunt

1941 3318 2193 3388 episcopi
2224 3318 2426 3388 viginti
2456 3325 2711 3389 quatuor,
2748 3319 2817 3372 de
2848 3319 2937 3372 his
2972 3319 3070 3390 qui
3105 3320 3170 3374 ad
3198 3320 3498 3373 Ecclesium
3533 3335 3636 3390 pro

1940 3408 2194 3460 reatibus
2242 3407 2359 3460 suis
2405 3407 2657 3477 fugiunt,
2704 3408 2760 3461 id
2793 3408 3165 3461 constitutum
3199 3414 3283 3462 est
3329 3410 3636 3463 observan-

1940 3494 2099 3559 dum,
2133 3495 2283 3564 quod
2328 3495 2551 3565 antiqui
2602 3512 2847 3549 canones
2876 3496 3265 3562 decreverunt,
3302 3502 3355 3549 et
3388 3497 3473 3549 lex
3521 3498 3638 3550 Ro-

1942 3598 2111 3635 mana
2176 3583 2495 3651 constituit,
2555 3588 2616 3637 ut
2666 3583 2733 3636 ab
2788 3584 3049 3646 Ecclesia,
3112 3584 3197 3636 vel
3256 3583 3323 3636 ab
3379 3583 3639 3637 Ecclesia

1941 3671 2122 3737 atriis,
2156 3672 2242 3723 vel
2276 3687 2308 3723 a
2337 3672 2506 3725 domo
2547 3671 2803 3741 episcopi
2851 3673 2935 3725 vel
2970 3690 3002 3725 a
3032 3672 3299 3730 claustro,
3350 3674 3487 3742 quia
3516 3672 3639 3725 hac

1940 3776 2046 3829 pro
2094 3759 2408 3813 emunitate
2442 3760 2745 3823 habentur,
2799 3775 2897 3813 eos
2946 3760 3195 3813 abstrahi
3243 3761 3477 3817 omnino
3524 3776 3640 3813 non

1943 3848 2124 3915 liceat,
2161 3846 2257 3899 sed
2312 3862 2414 3900 nec
2444 3846 2609 3900 alteri
2657 3846 3001 3915 consignari,
3044 3846 3151 3899 nisi
3201 3846 3273 3899 ad
3332 3845 3641 3916 Evangelia

1943 3936 2085 3989 datis
2132 3935 2519 4000 sacramentis,
2570 3935 2639 3989 de
2682 3939 2886 4002 morte,
2935 3940 2989 3987 et
3028 3934 3343 4003 debilitate,
3376 3941 3433 3989 et
3478 3934 3639 3988 omni

1941 4041 2242 4095 poenarum
2291 4040 2501 4095 genere
2551 4024 2664 4077 sint
2719 4024 2923 4090 securi,
2980 4024 3075 4089 ita,
3135 4026 3198 4076 ut
3246 4023 3298 4076 ei
3362 4023 3453 4077 cui
3506 4039 3639 4076 reus

1944 4112 2116 4167 fuerit
2165 4112 2527 4181 criminosus,
2575 4114 2643 4167 de
2676 4112 3057 4165 satisfactione
3105 4111 3426 4166 conveniat.
3478 4111 3640 4175 Quod

1863 4237 1905 4290 Β
1944 4202 1991 4255 si
2058 4205 2409 4255 sacramenta
2469 4216 2571 4253 sua
2636 4201 2925 4253 convictus
2981 4200 3155 4254 fuerit
3202 4200 3461 4263 violasse,
3508 4216 3640 4253 reus

1946 4290 2184 4362 perjurii
2212 4307 2329 4343 non
2360 4290 2545 4343 solum
2582 4305 2611 4341 a
2641 4290 3046 4344 communione
3080 4288 3360 4355 Ecclesia,
3394 4290 3480 4343 vel
3514 4305 3640 4343 om-

1946 4380 2107 4433 nium
2156 4378 2515 4442 clericorum,
2568 4393 2767 4430 verum
2822 4377 3017 4437 etiam,
3054 4381 3110 4430 et
3148 4392 3180 4430 a
3227 4376 3639 4431 catholicorum

1944 4467 2200 4522 convivio
2258 4470 2573 4535 separetur.
2622 4465 2781 4528 Quod
2835 4465 2881 4518 si
2912 4466 3002 4518 cui
3060 4482 3191 4519 reus
3234 4471 3342 4530 est,
3394 4465 3644 4519 noluerit

1943 4556 2050 4608 sibi
2104 4553 2423 4608 intentione
2484 4554 2723 4607 faciente
2776 4553 3066 4624 componi,
3123 4559 3179 4607 et
3224 4555 3343 4624 ipse
3391 4571 3521 4609 reus
3571 4555 3641 4609 de

1944 4644 2189 4698 Ecclesia
2243 4648 2401 4697 actus
2453 4642 2660 4696 timore
2705 4641 3048 4707 discesserit,
3100 4642 3171 4696 ab
3223 4642 3481 4695 Ecclesia
3528 4643 3639 4696 cle-

1943 4733 2073 4786 ricis
2103 4750 2217 4785 nou
2247 4730 2594 4801 requiratur.

1944 4822 2070 4876 CAP.
2124 4822 2295 4876 CXCI.
2325 4849 2398 4861 —
2429 4820 2510 4873 De
2540 4823 2777 4888 raptore,
2809 4820 2861 4871 si
2889 4834 3009 4871 cum
3038 4823 3202 4887 rapta
3231 4819 3305 4872 ad
3345 4820 3639 4874 Ecclesiam

2628 4891 2955 4956 confugerit.

2016 4982 2119 5050 (Ea:
2167 4980 2365 5043 eodem,
2416 4994 2537 5047 cap.
2595 4976 2673 5047 2.)
2725 4978 2800 5031 De
2855 4976 3182 5047 raptoribus
3238 4981 3430 5030 autem
3474 4976 3640 5030 femi-

1944 5086 2146 5123 narum
2201 5070 2258 5123 id
2310 5067 2774 5122 constituendum
2806 5083 2929 5121 esse
2977 5066 3324 5132 censuimus,
3377 5071 3439 5119 ut
3493 5066 3539 5119 si
3569 5066 3641 5119 ad

1945 5158 2239 5211 ecclesiam
2270 5162 2464 5226 raptor
2513 5172 2641 5209 cum
2682 5160 2844 5226 rapta
2887 5155 3229 5224 confugerit,
3278 5162 3334 5207 et
3366 5153 3641 5207 feminam

1945 5246 2128 5315 ipsam
2171 5245 2501 5298 violentiam
2547 5246 2848 5313 pertulisse
2898 5243 3231 5305 constiterit,
3278 5242 3467 5295 statim
3503 5242 3643 5295 libe-

1944 5340 2101 5388 retur
2126 5334 2193 5387 de
2242 5338 2515 5403 potestate
2571 5333 2839 5401 raptoris,
2886 5337 2942 5385 et
2984 5331 3320 5401 parentibus
3348 5330 3640 5397 reddatur,

1944 5428 1999 5477 et
2028 5427 2223 5493 raptor
2251 5422 2473 5487 mortis,
2516 5422 2601 5474 vel
2632 5436 2937 5491 panarum
2986 5418 3328 5491 impunitate
3358 5435 3642 5485 concessa,

1942 5512 2183 5569 liberam
2233 5511 2442 5566 habeat
2482 5509 2657 5566 eundi
2707 5510 3054 5565 facultatem.
3109 5508 3169 5563 Si
3210 5524 3347 5565 vero
3378 5513 3647 5581 parentes
