3976 6194
420 249 514 300 711

1496 242 1770 300 BURCHA
1783 241 1900 297 RDI
1943 240 2472 298 WORMACIENSIS
2509 240 2843 300 EPISCOPI.

3749 262 3832 311 'il‘2

420 367 675 424 mulieris
726 366 1117 422 ecclesiasticis
1171 366 1310 420 viris
1366 364 1596 420 obedire
1650 364 1962 430 noluerint,
2021 380 2115 419 ex-
2145 366 2191 419 A
2230 380 2457 418 servum
2506 380 2695 432 suum,
2730 365 2817 419 vel
2849 380 3022 437 quem
3073 365 3197 437 ipse
3231 371 3542 437 persecutus
3576 371 3740 441 fuerit,
3782 377 3839 431 de

417 457 935 513 communicentur.

419 564 548 619 CAP.
582 563 779 618 CXCII.
820 592 889 601 —
942 562 1020 615 De
1052 577 1221 628 servo,
1256 563 1307 615 si
1330 575 1433 629 pro
1466 558 1706 627 qualibet
1734 560 1895 628 culpa
1942 560 2115 613 domi-

758 649 887 687 num
907 648 1064 686 suum
1093 632 1167 685 ad
1198 634 1490 687 Ecclesiam
1513 633 1741 698 fugerit.

490 722 600 793 (Ea:
630 722 827 785 eodem,
862 736 984 789 cap.
1021 723 1097 787 3.)
1138 721 1344 775 Servus
1391 719 1490 789 qui
1522 719 1590 772 ad
1642 718 1946 773 Ecclesiam
1981 736 2114 773 con-

413 812 626 883 fugerit
653 827 759 882 pro
781 811 1036 881 qualibet
1068 810 1257 880 culpa,
1288 808 1336 861 si
1366 825 1399 861 a
1427 807 1661 861 domino
1683 824 1785 878 pro
1815 808 2117 862 commissa

414 903 582 972 culpa
625 898 990 955 ecclesiastici
1033 901 1455 951 sacramentum
1504 896 1878 966 susceperint,
1920 897 2116 951 statim

414 989 485 1043 ad
527 988 822 1042 servitium
849 986 1070 1040 domini
1099 985 1185 1038 sui
1215 985 1402 1040 redire
1431 989 1687 1053 cogatur.
1718 984 1781 1037 Et
1809 987 2115 1053 postquam

412 1077 543 1132 dato
589 1080 943 1130 sacramento
994 1074 1230 1128 domino
1278 1088 1380 1126 suo
1412 1071 1583 1125 fuerit
1628 1070 2021 1140 consignatus,
2068 1071 2114 1123 si

416 1167 632 1237 aliquid
668 1181 850 1235 pana
893 1180 998 1235 pro
1052 1164 1251 1217 eadem
1284 1164 1451 1232 culpa
1482 1176 1595 1231 qua
1638 1167 1936 1215 accusatur
1979 1176 2113 1230 pro-

416 1255 584 1309 batus
635 1253 808 1307 fuerit
854 1252 1175 1322 pertulisse,
1228 1268 1333 1321 pro
1373 1254 1706 1321 contemptu
1746 1249 2024 1317 Ecclesia,
2058 1252 2114 1303 et

414 1341 881 1412 pravaricatione
927 1340 1060 1393 fidei
1092 1356 1124 1393 a
1153 1339 1560 1393 communione
1609 1341 1667 1391 et
1712 1335 1969 1390 convivio
2015 1351 2110 1389 ca-

411 1431 776 1491 tholicorum,
808 1430 952 1482 sicut
983 1430 1247 1498 superius
1273 1426 1756 1497 comprehensum
1791 1429 1894 1490 est,
1923 1429 2109 1478 extra-

413 1539 557 1576 neus
603 1522 901 1575 habeatur.
953 1521 1008 1574 Si
1064 1535 1197 1573 vero
1257 1534 1451 1571 servus
1502 1532 1607 1586 pro
1658 1515 1827 1584 culpa
1875 1530 1978 1568 sua
2039 1514 2109 1568 ab

413 1609 659 1663 Ecclesia
747 1609 1093 1673 defensatus,
1169 1608 1525 1661 sacramenta
1596 1604 1818 1659 domini
1891 1602 2180 1698 clericisB

412 1697 776 1768 exigentibus
805 1698 874 1751 de
906 1696 1246 1766 impunitate
1273 1692 1611 1765 perceperit,
1639 1694 1794 1747 exire
1818 1693 2109 1746 nolentem

406 1802 441 1840 a
472 1786 701 1840 domino
734 1786 898 1839 liceat
927 1784 1213 1852 occupari.

812 1874 939 1929 CAP.
966 1873 1192 1927 CXCIII.
1225 1902 1293 1911 —
1314 1874 1387 1926 De
1412 1871 1601 1926 eadem
1629 1886 1706 1924 re.

483 1963 592 2033 (Em
630 1962 832 2024 eodem,
867 1977 987 2030 cap.
1035 1964 1113 2029 5.)
1149 1960 1426 2015 Similiter
1455 1959 1513 2013 in
1547 1957 1861 2013 Matiscensi
1891 1956 2107 2028 synodo

411 2052 703 2106 decretum
757 2054 838 2103 est
869 2055 931 2103 ut
972 2049 1033 2103 hi
1088 2049 1188 2120 qui
1234 2049 1466 2117 fugiunt
1496 2064 1629 2101 suos
1674 2046 1957 2113 inimicos,
2008 2049 2109 2099 aut

411 2140 471 2194 in
502 2139 827 2204 Ecclesiam,
863 2143 963 2191 aut
994 2138 1050 2190 in
1089 2137 1298 2191 atrium
1332 2137 1616 2207 Ecclesia,
1647 2140 1747 2190 aut
1776 2136 1835 2190 in
1866 2136 2103 2191 domum

411 2229 684 2299 episcopi,
746 2232 843 2281 aut
897 2226 955 2280 in
1011 2227 1324 2280 claustrum
1396 2224 1752 2296 regularium
1805 2239 1921 2277 non
1971 2222 2104 2276 inde

407 2319 830 2383 abstrahantur,
883 2317 991 2370 nisi
1038 2317 1198 2386 prius
1242 2332 1414 2386 super
1463 2331 1621 2369 sacra
1667 2318 1895 2384 accepta
1948 2329 2106 2368 secu-

406 2409 574 2462 ritate
624 2406 1148 2476 apersecutoribus
1194 2405 1264 2458 de
1315 2408 1518 2471 morte,
1570 2404 1638 2458 de
1684 2403 1997 2470 debilitate,
2048 2407 2104 2457 et

408 2496 569 2550 omni
601 2511 901 2565 poenarum
956 2511 1187 2563 genere,
1230 2493 1341 2547 sint
1389 2492 1572 2546 securi
1606 2509 1617 2547 :
1654 2493 1828 2546 etiam
1879 2492 1923 2545 si
1955 2492 2103 2546 servi

408 2583 524 2638 sint
571 2583 827 2648 illorum,
862 2581 961 2652 qui
1008 2598 1105 2635 eos
1151 2582 1551 2650 insequuntur,
1602 2579 1680 2633 ita
1713 2586 1775 2633 ut
1804 2580 1856 2633 ei
1898 2579 1991 2633 cui
2019 2580 2101 2633 rei

405 2672 695 2727 criminosi
738 2671 952 2725 fuerint
984 2671 1055 2724 de
1096 2670 1475 2724 satisfactione
1519 2668 1879 2723 conveniant.
1937 2669 2100 2733 Quod

408 2761 455 2815 si
483 2761 531 2815 is
576 2761 675 2832 qui
708 2777 879 2831 super
909 2775 1061 2813 sacra
1113 2760 1272 2829 prius
1314 2759 1624 2828 juraverat,
1658 2763 1787 2828 post
1812 2758 2103 2811 convictus

403 2851 578 2904 fuerit
626 2850 1017 2919 juramentum
1069 2847 1329 2912 violasse,
1382 2863 1514 2901 reus
1561 2846 1800 2918 perjurii
1836 2862 2099 2900 commu-

406 2938 578 2992 nione
608 2936 887 3007 privetur,
916 2952 1217 3006 quousque
1248 2935 1573 2989 satisfaciat.

794 3024 923 3077 CAP.
958 3024 1176 3078 CXCIV.
1213 3051 1283 3065 --
1310 3024 1391 3076 De
1418 3024 1601 3077 eadem
1630 3039 1707 3077 re.

477 3113 585 3183 (Ea:
611 3113 797 3165 concil.
840 3112 991 3179 apud
1026 3111 1323 3165 Theodonis
1365 3110 1581 3177 villam,
1613 3127 1733 3180 cap.
1774 3114 1883 3178 tt.)
1917 3112 2097 3166 Reum

403 3198 836 3269 confugientem
882 3198 948 3250 ad
984 3197 1307 3262 Ecclesiam,
1342 3213 1441 3251 seu
1470 3199 1528 3251 in
1578 3198 1787 3252 atrium
1817 3200 2097 3267 Ecclesia,

404 3292 505 3343 aut
554 3287 616 3340 in
647 3284 903 3339 ofﬁcinas
943 3285 1294 3353 regularium
1340 3286 1601 3353 fratrum,
1638 3287 1726 3340 vel
1764 3287 1825 3340 in
1880 3287 2099 3341 curiam

401 3380 503 3430 aut
531 3376 591 3428 in
628 3375 864 3429 domum
909 3373 1183 3444 episcopi,
1218 3374 1355 3444 quia
1385 3374 1508 3428 hac
1538 3374 1599 3428 in
1647 3374 1898 3446 antiquis
1927 3392 2096 3429 cano-

401 3464 573 3519 nibus
602 3479 706 3535 pro
738 3462 1053 3516 emunitate
1085 3466 1373 3528 tenentur,
1423 3478 1591 3516 nemo
1630 3463 1957 3516 abstrahere
1998 3480 2098 3516 au-

399 3553 549 3620 deat,
584 3567 772 3622 neque
802 3551 935 3605 inde
981 3551 1194 3605 donare
1238 3552 1310 3604 ad
1340 3566 1569 3621 panem
1595 3553 1683 3605 vel
1728 3551 1799 3631 ad
1828 3556 2095 3621 mortem,

398 3646 465 3697 ut
509 3642 697 3696 honor
736 3640 836 3694 Dei
868 3644 927 3695 et
970 3643 1297 3694 sanctorum
1349 3641 1472 3710 ejus
1500 3656 1621 3711 pra
1653 3640 1922 3694 omnibus
1969 3657 2099 3695 con-

398 3734 677 3790 servetur,
718 3730 815 3783 sed
865 3733 1112 3783 rectores
1143 3728 1508 3783 ecclesiarum
1559 3744 1758 3799 pacem
1790 3734 1848 3784 et
1896 3728 2095 3796 vitam,

397 3835 464 3873 ac
501 3818 761 3874 membra
810 3818 862 3872 ei
918 3834 1048 3872 eum
1095 3818 1425 3888 juramento
1472 3818 1733 3873 obtinere
1784 3819 2094 3873 studeant:

396 3909 496 3963 sed
524 3912 719 3962 tamen
750 3907 1007 3977 legitime
1056 3911 1383 3978 componat,
1433 3906 1718 3977 quidquid
1758 3906 1959 3977 inique
2008 3907 2092 3961 fe-

397 4002 553 4052 cerat
584 4013 599 4051 :
633 4001 689 4051 et
738 3996 784 4050 si
833 3996 1176 4067 insequutor
1228 3995 1517 4066 magistris
1561 3995 1814 4051 ecclesia
1861 3996 2095 4050 obedire

396 4084 666 4148 noluerit,
699 4084 971 4139 canonice
1001 4084 1445 4154 constringatur.

816 4173 946 4227 CAP.
978 4173 1168 4227 CXCV.
1200 4202 1269 4211 —
1300 4177 1375 4227 De
1394 4172 1578 4226 eadem
1605 4188 1682 4227 re.

469 4262 577 4332 (Ea:
607 4262 795 4315 concil.
829 4261 1119 4325 Arausico,
1157 4275 1279 4329 cap.
1312 4259 1388 4330 5.)
1420 4260 1526 4313 Eos
1556 4260 1657 4331 qui
1687 4260 1759 4315 ad
1789 4259 2095 4314 Ecclesiam

397 4348 781 4419 confugerint,
838 4348 991 4403 tradi
1037 4365 1152 4403 non
1198 4348 1426 4412 debere,
1477 4349 1577 4404 sed
1619 4348 1730 4403 loci
1774 4351 2096 4405 reverentia

398 4441 455 4491 et
514 4436 921 4491 intercessione
968 4436 1218 4491 defendi.
1278 4436 1335 4491 Si
1383 4437 1510 4507 quis
1565 4442 1757 4492 autem
1806 4438 2095 4508 mancipia

396 4526 733 4580 clericorum
776 4541 881 4596 pro
932 4525 1049 4579 suis
1092 4524 1395 4596 mancipiis
1433 4526 1503 4580 ad
1544 4526 1868 4594 Ecclesiam,
1902 4528 2092 4582 confu-

396 4615 687 4687 gientibus
729 4614 1037 4670 crediderit
1067 4615 1417 4685 occupanda,
1449 4631 1552 4685 per
1580 4632 1777 4671 omnes
1821 4618 2095 4673 Ecclesias

395 4704 814 4761 districtissima
844 4703 1215 4757 damnatione
1244 4703 1505 4759 feriatur.

654 4793 778 4849 Car.
816 4792 1031 4847 CXCVI.
1066 4821 1137 4834 —
1157 4794 1230 4847 De
1257 4794 1549 4847 emunitate
1568 4793 1834 4848 Ecclesia.

467 4882 575 4952 (Ex
629 4881 813 4935 concil.
865 4881 1134 4947 Triburi.,
1202 4896 1319 4950 cap.
1392 4882 1499 4949 30.)
1550 4880 1608 4935 Si
1655 4880 1786 4951 quis
1842 4880 1903 4934 in
1949 4881 2095 4936 atrio

396 4969 658 5027 Ecclesia
707 4984 965 5041 pugnam
1014 4968 1343 5036 committit,
1380 4975 1480 5027 aut
1509 4969 1888 5024 homicidium
1938 4970 2090 5034 facit,

393 5059 673 5130 quidquid
725 5074 831 5128 pro
883 5056 1201 5111 emunitate
1254 5057 1464 5111 violata
1513 5058 1941 5112 emendandum
1989 5062 2095 5128 est,

394 5147 598 5201 altario
632 5147 903 5212 solvatur,
932 5144 1325 5215 cujuscunque
1355 5144 1529 5199 fuerit
1557 5145 1805 5199 Ecclesia
1833 5146 1950 5200 illa.

539 5235 666 5289 CAP.
696 5234 935 5289 CXCVII.
968 5264 1037 5273 —
1073 5236 1141 5288 De
1168 5233 1508 5301 fugientibus
1540 5234 1614 5287 ad
1638 5235 1952 5288 Ecclesiam.

467 5321 589 5389 (Ea:
630 5324 818 5376 concil.
872 5323 1318 5389 Mediomatricis,
1377 5337 1497 5391 cap.
1552 5320 1630 5392 2.)
1679 5322 1739 5378 Si
1782 5322 1911 5393 quis
1953 5338 2098 5376 con-

393 5413 593 5465 tumax
633 5410 723 5463 vel
763 5410 1045 5481 superbus
1086 5410 1356 5465 timorem
1409 5408 1535 5472 Dei,
1583 5410 1670 5464 vel
1718 5410 2097 5465 reverentiam

395 5497 773 5554 Ecclesiarum
821 5504 1147 5555 sanctarum
1195 5513 1315 5556 non
1345 5498 1633 5565 habuerit,
1683 5503 1742 5554 et
1774 5499 2094 5570 fugientem

2227 454 2372 506 atrio
2423 454 2700 522 Ecclesia,
2735 455 2823 507 vel
2858 454 2927 507 de
2980 454 3299 525 porticibus
3340 459 3723 527 quomodolibet
3761 465 3837 518 Bc-

2226 541 2413 595 clesia
2456 543 2883 595 adharentibus
2934 559 3037 612 per
3080 543 3195 597 vim
3226 543 3563 611 abstraxerit,
3607 554 3656 602 et
3692 550 3837 607 Deum

2227 630 2681 699 omnipotentem
2736 632 2795 684 in
2833 631 2938 685 hoc
2984 634 3411 703 contempserit,
3442 650 3538 704 pro
3584 640 3841 693 emunitate

2230 674 2681 699 νων-,ινηιηωη
2833 674 2938 685 ..υυ
2985 674 3411 703 “nuarum”,
3442 674 3538 704 ,μιν
3584 674 3841 693 “unum...

2230 719 2292 773 υ.
2329 718 2520 781 CCCC,
2560 719 2772 773 solidos
2803 720 3070 790 episcopo
3101 727 3420 791 componat,
3453 729 3504 777 et
3522 723 3632 793 ipse
3658 727 3844 795 publica
3922 674 3925 771 4

2223 806 2561 876 paniteutia
2601 809 2762 877 juxta
2805 780 3089 879 judicium
3141 780 3681 881 episcopi’multletur‘,
3721 780 3844 869 ut

2222 894 2408 949 honor
2462 896 2558 949 Dei
2610 902 2667 950 et
2713 897 3030 952 reverentia
3064 903 3412 966 sanctorum,
3459 903 3512 953 et
3548 904 3604 954 ut
3648 902 3845 958 Ecclesia

2224 984 2325 1037 Dei
2358 1000 2585 1054 semper
2612 985 2821 1040 invicta
2853 992 3207 1057 permaneat.

2295 1072 2421 1126 CAP.
2457 1073 2723 1128 CXCVIII.
2758 1105 2826 1115 —
2856 1076 3003 1140 Quid
3028 1078 3085 1129 in
3107 1077 3347 1131 Ecclesia
3377 1079 3470 1131 Dei
3496 1077 3593 1144 legi
3617 1077 3791 1133 debeat.

2293 1164 2401 1226 (Ea:
2466 1161 2655 1216 concil.
2719 1163 3037 1231 Aureliano,
3105 1180 3227 1233 cap.
3288 1166 3360 1230 3.)
3425 1165 3568 1219 Nihil
3628 1167 3757 1219 aliud
3802 1167 3844 1220 in
3924 1222 3925 1239 η

2223 1249 2466 1303 Ecclesia
2498 1251 2722 1321 legatur
2738 1257 2837 1305 aut
2864 1255 3145 1319 cantetur,
3176 1252 3287 1306 nisi
3316 1269 3383 1307 ea
3403 1270 3527 1325 qua
3553 1254 3847 1309 auctoritatis
3922 1254 3925 1351 Α

2220 1337 2427 1393 divina
2456 1345 2609 1406 sunt,
2663 1345 2719 1394 et
2751 1341 2983 1395 Patrum
3015 1341 3459 1396 orthodoxorum
3502 1343 3672 1396 sanxit
3696 1348 3845 1397 aucto-

2220 1356 2427 1393 aivma
2456 1356 2609 1406 sunt,
2663 1356 2719 1394 et
2751 1356 2983 1395 Patrum
3015 1356 3459 1396 ortnoaoxorum
3502 1356 3672 1396 sanxit
3696 1356 3845 1397 aucto-

2219 1426 2377 1494 ritas,
2430 1443 2534 1481 nec
2580 1428 2720 1482 falsa
2767 1430 3105 1499 angelorum
3163 1430 3400 1483 nomina
3446 1431 3642 1494 colant,
3684 1432 3761 1484 sed
3798 1448 3845 1483 ea
3920 1356 3925 1481 4

2220 1519 2443 1569 tantum
2478 1532 2607 1587 qua
2638 1517 2973 1588 prophetica
3004 1522 3060 1571 et
3100 1519 3439 1589 Evangelica
3468 1520 3624 1574 docet
3646 1520 3844 1590 Scriptu-

2218 1621 2304 1674 ra,
2330 1604 2387 1659 id
2420 1611 2506 1660 est
2530 1606 2787 1672 Michael,
2824 1605 3071 1673 Gabriel,
3105 1608 3383 1678 Raphael.

2217 1710 2346 1767 CAP.
2394 1711 2609 1767 CXCIX.
2659 1742 2728 1752 —
2779 1713 2847 1766 Ut
2892 1714 3399 1767 errcommunicandi
3449 1716 3555 1768 sint
3599 1714 3687 1783 qui
3722 1714 3842 1767 libros

2808 1785 3045 1849 famosos
3075 1784 3322 1851 legerint.

2288 1872 2396 1936 (Ea:
2423 1871 2564 1925 decr.
2614 1870 2860 1925 Adriani
2909 1887 3083 1941 papa,
3141 1887 3263 1941 cap.
3309 1874 3393 1944 2.)
3443 1872 3509 1925 Hi
3540 1872 3630 1943 qui
3680 1871 3842 1925 inventi

2214 1958 2429 2014 fuerint
2460 1959 2636 2013 libros
2665 1959 2917 2013 famosos
2955 1965 3012 2013 et
3050 1959 3279 2029 ignotos
3317 1961 3379 2014 in
3410 1961 3648 2015 Ecclesia
3682 1961 3839 2030 legere,

2214 2048 2301 2102 vel
2328 2054 2577 2116 cantare,
2612 2048 3197 2103 excommunieentur.

2417 2136 2545 2191 CAP.
2578 2135 2680 2192 CC.
2713 2167 2785 2176 —
2812 2140 2888 2192 De
2915 2138 3029 2192 illis
3061 2154 3179 2206 qua
3208 2138 3345 2192 clam
3381 2140 3689 2207 concipiunt.

2284 2221 2392 2293 (Ea:
2421 2225 2608 2278 concil.
2651 2226 2958 2291 Matiscen.,
3007 2241 3126 2294 cap.
3161 2225 3235 2294 6.)
3265 2226 3329 2279 In
3376 2226 3484 2280 hoc
3527 2231 3702 2279 sancto
3740 2240 3840 2278 con-

2212 2310 2341 2364 cilio
2374 2310 2670 2365 decretum
2714 2318 2799 2366 est
2828 2317 2892 2367 ut
2931 2313 3328 2384 unusquisque
3383 2314 3665 2385 presbyter
3688 2314 3738 2366 in
3770 2328 3840 2365 sua

2210 2398 2375 2469 plebe
2424 2400 2654 2470 publice
2697 2400 3022 2471 annuntiet,
3074 2406 3136 2455 ut
3166 2401 3211 2455 si
3245 2402 3443 2473 aliqua
3488 2403 3687 2456 femina
3723 2401 3843 2453 clan-

2211 2487 2339 2541 culo
2371 2494 2639 2559 corrupta
2682 2490 3031 2560 conceperit,
3081 2495 3137 2544 ct
3175 2492 3493 2561 pepererit,
3549 2503 3846 2560 nequaquam

2210 2574 2437 2630 diabolo
2469 2581 2758 2631 coactante
2799 2578 3006 2644 tilium,
3046 2583 3144 2631 aut
3170 2578 3349 2632 ﬁliam
3394 2595 3551 2632 suam
3582 2576 3847 2639 interﬁciat,

2212 2664 2305 2718 sed
2339 2681 2687 2736 quocunque
2720 2668 2993 2735 pravalet
3017 2666 3273 2735 ingenio,
3308 2673 3445 2721 ante
3481 2668 3675 2736 januas
3708 2666 3848 2719 Eccle-

2212 2751 2309 2805 sia
2352 2758 2581 2822 partum
2619 2754 2931 2825 deportari,
2979 2754 3176 2826 ibique
3209 2755 3345 2825 poni
3379 2756 3564 2822 faciat,
3610 2760 3668 2808 ut
3699 2768 3849 2806 coram

2212 2842 2507 2896 sacerdote
2565 2842 2624 2897 in
2681 2844 2994 2897 crastinum
3054 2844 3297 2912 delatus,
3369 2846 3443 2899 ab
3496 2845 3674 2915 aliquo
3730 2841 3849 2896 ﬁdeli

2134 2924 2175 2978 C
2212 2929 2555 3000 suscipiatur
2599 2935 2656 2985 et
2706 2930 3014 2995 nutriatur,
3050 2936 3103 2986 et
3157 2932 3258 2986 tali
3286 2948 3351 2987 ex
3405 2949 3570 2986 causa
3611 2927 3850 2985 homicidii
3924 2928 3925 2951 ‘

2210 3025 2435 3072 reatum
2496 3022 2570 3086 et,
2640 3021 2793 3091 quod
2848 3019 3035 3090 majus
3101 3024 3186 3075 est
3239 3020 3613 3090 parricidium
3674 3017 3848 3072 evadat.
3924 3018 3925 3077 ξ

2209 3107 2348 3160 Nam
2382 3107 2479 3178 qui
2510 3107 2715 3175 ﬁlium,
2744 3111 2846 3163 aut
2873 3107 3050 3163 ﬁliam
3083 3108 3376 3173 interﬁcit,
3410 3107 3683 3180 parricida
3706 3102 3848 3159 omni-

2211 3195 2397 3249 modis
2430 3200 2676 3250 tenetur.

2210 3302 2339 3357 CAP.
2390 3302 2521 3358 CCI.
2554 3334 2623 3342 —
2674 3306 2744 3357 De
2773 3304 3080 3369 infantibus
3127 3306 3185 3357 in
3218 3304 3494 3358 adulterio
3538 3306 3694 3371 natis,
3736 3306 3776 3355 et
3799 3297 3852 3351 ad

2750 3375 3050 3429 Ecclesiam
3076 3377 3363 3443 expositis.

2283 3462 2393 3531 (Ea:
2437 3463 2622 3517 concil.
2670 3463 2968 3543 Arelatem,
3020 3479 3138 3532 cap.
3202 3465 3278 3533 5.)
3326 3462 3388 3517 Si
3437 3463 3709 3534 expositus
3754 3463 3849 3513 ante

2208 3549 2515 3605 Ecclesiam
2543 3551 2956 3623 cujuscumque
2995 3552 3170 3606 fuerit
3202 3552 3572 3606 miseratione
3612 3550 3848 3611 collectus,

2207 3638 2634 3691 contestationis
2667 3648 2843 3708 ponat
2886 3639 3210 3711 epistolam,
3256 3645 3318 3693 ut
3346 3642 3400 3695 si
3434 3641 3481 3694 is
3512 3640 3609 3711 qui
3634 3639 3849 3693 collectus

2208 3730 2295 3779 est
2342 3726 2490 3780 intra
2520 3727 2570 3781 X
2621 3727 2740 3781 dies
2794 3727 3085 3798 quasitus,
3138 3729 3489 3801 agnitusque
3538 3744 3652 3783 non
3702 3724 3847 3785 fuerit,

2208 3829 2439 3868 securus
2484 3816 2693 3870 habeat
2739 3817 2841 3887 qui
2888 3817 3134 3888 collegit.
3195 3818 3367 3883 Sane,
3427 3819 3528 3889 qui
3576 3820 3694 3888 post
3735 3827 3847 3884 pra!-

2208 3902 2424 3956 dictum
2467 3908 2696 3975 tempus
2744 3905 3120 3960 calumniator
3161 3906 3467 3974 exstiterit,
3519 3911 3583 3960 ut
3616 3900 3847 3959 homicida

2206 3991 2582 4046 ecclesiastica
2628 3992 2980 4049 districtione
3030 3993 3424 4061 damnabitur,
3483 3995 3625 4049 sicut
3664 3995 3845 4048 Patrum

2205 4080 2391 4133 sanxit
2419 4081 2743 4136 auctoritas.

2632 4170 2759 4225 CAP.
2794 4170 2948 4225 CCII.
2984 4201 3049 4211 —
3083 4171 3165 4225 De
3187 4170 3373 4226 eadem
3404 4187 3480 4225 re.

2274 4257 2382 4322 (Ea:
2411 4259 2599 4312 concil.
2663 4261 2911 4326 Vasensi,
2964 4274 3084 4329 cap.
3142 4261 3220 4327 9.)
3273 4260 3352 4313 De
3413 4257 3697 4331 expositis,
3750 4249 3850 4324 qui!

2203 4346 2407 4400 collata
2456 4348 2526 4402 ab
2576 4348 2842 4402 omnibus
2895 4349 3130 4419 querela
3182 4347 3486 4418 processit,
3527 4364 3622 4403 eos
3666 4359 3765 4400 non
3802 4337 3850 4391 ad

2203 4433 2657 4489 misericordiam
2701 4436 2845 4507 jam,
2879 4436 2976 4490 sed
3006 4436 3243 4491 canibus
3293 4438 3530 4507 exponi,
3562 4450 3699 4507 quos
3734 4426 3851 4486 colli-

2204 4538 2340 4593 gere
2366 4524 2788 4579 calumniarum
2826 4531 3007 4593 metu,
3029 4526 3292 4596 quamvis
3324 4526 3526 4580 infelix
3548 4542 3581 4579 a
3610 4516 3854 4595 praceptis

2203 4612 2613 4668 misericordia
2661 4629 2825 4667 mens
2866 4613 3123 4668 humana
3169 4614 3469 4678 detractet,
3519 4613 3576 4667 id
3605 4612 3857 4665 observan-

2205 4701 2344 4756 dum
2388 4706 2473 4756 est
2523 4706 2591 4757 ut
2651 4702 2966 4757 secundum
3014 4706 3228 4757 statuta
3278 4702 3736 4757 ﬁdelissimorum
3776 4699 3860 4750 Au-

2202 4794 2501 4860 gustorum
2535 4830 2551 4856 ,
2624 4790 3138 4862 piissimorumque
3210 4790 3569 4862 principum,
3643 4781 3859 4859 quisquis

2203 4878 2523 4949 expositum
2567 4879 2820 4950 colliget,
2869 4879 3177 4934 Ecclesiam
3208 4884 3582 4946 contestetur,
3621 4879 3858 4932 contesta-

2202 4966 2419 5022 tionem
2450 4968 2710 5039 collegat.
2748 4968 3139 5022 Nihilominus
3177 4967 3247 5022 de
3277 4968 3447 5021 altari
3486 4964 3759 5022 Dominico
3787 4957 3858 5012 die

2204 5055 2466 5110 minister
2509 5056 2808 5110 annuntiat
2860 5056 2930 5110 ab
2977 5056 3359 5110 ecclesiastico
3410 5055 3724 5126 expositum
3765 5061 3860 5102 esse

2203 5145 2526 5212 collectum,
2576 5150 2643 5199 ut
2678 5144 2832 5199 intra
2890 5145 3011 5199 dies
3048 5145 3242 5199 decem
3275 5144 3343 5199 ab
3388 5139 3748 5213 expositionis
3786 5134 3857 5187 die

2204 5234 2527 5303 expositum
2575 5233 2832 5304 recipiat,
2869 5234 2917 5288 si
2955 5234 3082 5305 quis
3112 5250 3171 5288 se
3222 5232 3556 5304 probaverit
3585 5226 3855 5301 agnovisse.

2204 5320 2518 5376 collectiori
2582 5337 2686 5392 pro
2751 5320 3012 5391 ipsorum
3072 5320 3124 5375 X
3183 5320 3407 5375 dierum
3476 5310 3852 5373 misericordia.

2204 5414 2375 5481 prout
2400 5410 2666 5479 valuerit,
2699 5409 2769 5465 ad
2811 5426 3064 5481 prasens
3106 5409 3407 5478 retribuat,
3443 5412 3546 5467 aut
3594 5406 3655 5461 in
3689 5412 3855 5475 perpe-

2204 5504 2373 5555 tuum
2403 5515 2534 5555 cum
2579 5498 2680 5557 Dei
2707 5498 2911 5573 gratia,
2942 5498 2994 5556 si
3031 5499 3297 5568 voluerit,
3326 5497 3637 5570 possideat.
3683 5487 3854 5559 Siquis
