3976 6194
115 221 227 273 ’713

1085 222 1561 281 DECRETORUM
1603 226 1793 281 LIBRI
1830 226 1935 282 XX.
1979 256 2045 266 —
2087 228 2294 285 LIBER
2332 230 2648 288 TERTIUS.

3518 249 3623 303 714

117 344 510 412 expositorum
561 344 669 398 hoc
714 345 914 399 ordine
963 347 1335 403 collectorum
1384 351 1683 420 repetitor,
1729 352 1817 404 vel
1845 354 1891 405 Α
1923 351 2243 422 episcopus,
2305 355 2623 424 presbyteri
2672 358 3065 429 vendiderunt,
3125 338 3340 434 placuit
3385 372 3620 427 rescisso

126 433 514 487 calumniator
541 434 840 496 exstiterit,
883 440 945 488 ut
970 436 1257 491 homicida
1283 439 1575 493 habendus
1605 446 1709 493 est.

369 523 496 576 CAP.
532 523 711 578 CCIII.
744 553 813 562 —
834 527 908 577 De
935 528 1177 578 avaritia
1205 527 1564 581 sacerdotum.

185 609 294 677 (Ex
369 610 560 664 concil.
642 612 905 677 Toletan.,
959 628 1079 680 cap.
1147 616 1262 683 33.)
1338 615 1583 669 Avaritia
1654 615 1816 669 radix

114 702 453 750 cunctorum
506 698 815 763 malorum,
865 700 1028 768 cujus
1080 700 1198 753 sitis
1250 702 1424 755 etiam
1459 704 1811 757 sacerdotum

56 804 62 811 ε
116 789 341 837 mentes
370 785 606 839 obtinet.
646 787 802 841 Multi
835 789 988 842 enim
1026 789 1288 842 ﬁdelium
1323 790 1382 842 in
1423 806 1619 844 amore
1653 792 1817 845 Chri-

115 871 184 922 sti
214 876 274 923 et
322 877 659 943 martyrum,
702 874 761 927 in
800 876 1085 944 parocbiis
1116 877 1516 947 episcoporum
1558 878 1815 933 basilicas

114 964 479 1027 construunt,
590 962 906 1017 oblationes
1002 966 1392 1036 conscribunt,
1499 967 1815 1021 sacerdotes

114 1048 239 1101 hinc
285 1048 574 1115 auferunt,
625 1055 795 1121 atque
845 1052 905 1105 in
936 1069 1072 1105 usus
1112 1070 1243 1106 suos
1276 1059 1631 1109 convertunt.
1678 1056 1815 1109 Inde

114 1140 197 1187 est
225 1136 380 1205 quod
415 1138 659 1192 cultores
690 1156 983 1194 sacrorum
1029 1142 1323 1207 deﬁciunt,
1357 1143 1493 1197 dum
1531 1143 1816 1213 stipendia

114 1239 217 1276 sua
239 1224 509 1293 perdunt.
550 1226 685 1279 Inde
723 1226 1042 1283 labentium
1073 1229 1438 1285 basilicarum
1487 1232 1671 1285 ruinas
1701 1248 1813 1286 non

112 1316 480 1380 reparantur,
536 1313 671 1382 quia
722 1315 961 1368 avaritia
1016 1316 1351 1370 sacerdotali
1415 1318 1608 1371 omnia
1654 1319 1811 1373 aufe-

111 1404 342 1453 runtur.
394 1400 502 1453 Pro
535 1418 648 1471 qua
676 1417 737 1455 re
779 1404 1150 1457 constitutum
1181 1409 1265 1458 est
1294 1421 1322 1457 a
1368 1407 1636 1475 praesenti
1676 1424 1812 1461 con-

109 1487 263 1552 cilio,
295 1488 595 1558 episcopos
627 1491 703 1543 ita
745 1490 1016 1545 diceceses
1056 1509 1185 1545 suas
1226 1509 1445 1562 regere,
1479 1500 1541 1547 ut
1570 1494 1710 1549 nihil
1746 1513 1813 1549 ex

108 1592 312 1629 earum
354 1577 485 1647 jure
530 1584 885 1647 praesumant
926 1582 1151 1634 auferre
1187 1598 1199 1634 :
1235 1582 1331 1635 sed
1354 1583 1514 1651 juxta
1552 1583 1809 1651 priorum

108 1665 508 1719 auctoritatem
587 1668 983 1733 conciliorum,
1071 1675 1185 1722 tam
1256 1670 1326 1723 de
1405 1670 1811 1741 oblationibus,

109 1769 287 1822 quam
338 1753 407 1807 de
436 1754 691 1820 decimis,
735 1761 791 1809 et
828 1756 896 1810 de
930 1756 1160 1810 tributis
1193 1773 1254 1810 ac
1289 1757 1554 1827 frugibus
1586 1760 1812 1814 tertiam

106 1845 554 1912 consequantur.
615 1843 778 1907 Quod
844 1844 891 1897 si
960 1846 1204 1916 amplius
1258 1846 1555 1917 quippiam
1609 1849 1678 1902 ab
1733 1849 1812 1902 eis

108 1938 533 2000 praesumptum
587 1932 884 2001 exstiterit,
928 1950 1031 2003 per
1088 1935 1392 1989 concilium
1438 1940 1810 2006 restauratur,

112 2019 543 2087 appellantibus
589 2021 728 2090 ipsis
758 2021 1174 2089 conditoribus,
1225 2028 1322 2077 aut
1362 2029 1513 2077 certe
1568 2025 1811 2094 propin-

112 2106 244 2175 quis
284 2121 510 2173 eorum,
546 2107 594 2160 si
616 2108 736 2177 jam
768 2109 852 2162 illi
879 2126 912 2162 a
937 2112 1143 2163 saeculo
1175 2111 1578 2166 discesserunt.
1623 2113 1812 2167 Nove-

111 2194 229 2247 rint
275 2200 469 2249 autem
519 2196 841 2250 conditores
904 2198 1271 2253 basilicarum
1323 2200 1382 2253 in
1438 2201 1607 2254 rebus
1669 2218 1810 2271 quas

114 2282 332 2337 eisdem
362 2284 614 2338 ecclesiis
672 2286 995 2355 conferunt,
1044 2288 1260 2341 nullam
1309 2294 1652 2358 potestatem
1702 2290 1810 2343 ha-

113 2368 267 2435 bere,
304 2370 399 2423 sed
427 2371 592 2439 juxta
635 2386 922 2425 canonum
974 2372 1258 2439 instituta,
1311 2374 1460 2427 sicut
1490 2376 1807 2442 ecclesiam,

110 2458 189 2511 ita
221 2462 279 2511 et
344 2458 535 2513 dotem
580 2460 702 2529 ejus
743 2461 812 2515 ad
869 2462 1289 2516 ordinationem
1341 2465 1592 2534 episcopi
1632 2465 1809 2535 perti-

108 2562 269 2600 nere.

217 2635 352 2689 CAP.
388 2635 558 2689 CCIV.
584 2665 657 2677 —
681 2639 753 2692 De
770 2639 881 2692 illis
923 2641 1017 2707 qui
1053 2640 1300 2694 ecclesias
1339 2641 1698 2695 incenderint.

178 2725 290 2786 (Ea:
367 2723 509 2777 decr.
571 2727 710 2779 Julii
770 2728 971 2795 papa.)
1030 2727 1086 2781 Si
1136 2728 1263 2798 quis
1319 2729 1615 2783 ecclesiam
1674 2730 1807 2799 igne

107 2810 417 2877 comburit,
449 2813 536 2866 XV
564 2828 744 2867 annos
765 2815 1060 2883 paeniteat,
1089 2822 1145 2869 et
1166 2832 1291 2870 eam
1313 2817 1505 2872 sedule
1528 2817 1803 2885 restituat,

110 2905 165 2952 et
196 2899 450 2968 pretium
481 2916 647 2954 suum
679 2901 981 2956 distribuat
1011 2904 1377 2973 pauperibus.

112 2986 242 3039 Car.
289 2986 438 3041 CCV.
489 3017 558 3027 —-
606 2991 681 3043 De
729 2990 964 3058 quodam
1013 2992 1200 3045 clerico
1246 3008 1281 3045 a
1328 2992 1544 3063 diabdo
1592 2998 1805 3049 vexato.

180 3076 296 3142 (Ea:
324 3075 537 3142 dialogo
590 3078 754 3144 Greg.
797 3081 1000 3148 papa.)
1049 3080 1125 3133 Ex
1171 3080 1369 3133 eodem
1402 3096 1632 3150 quoque
1664 3086 1807 3136 tem-

111 3178 248 3231 pore
302 3162 536 3233 quidam
582 3166 928 3235 Aquinensis
960 3166 1215 3221 Ecclesiae
1257 3167 1494 3221 clericus
1527 3168 1808 3223 daemonio

112 3251 439 3315 vexabatur,
472 3252 571 3322 qui
603 3270 636 3306 a
673 3254 985 3307 venerabili
1027 3255 1148 3308 viro
1180 3255 1508 3309 Constantio
1550 3257 1807 3311 Ecclesiae

113 3340 233 3408 ejus
260 3338 542 3393 anstistite
567 3356 670 3409 per
688 3342 869 3394 multa
891 3341 999 3396 fuit
1028 3347 1339 3412 martyrum
1365 3343 1490 3398 loca
1519 3347 1809 3403 transmis-

112 3443 225 3493 sus,
267 3431 333 3480 ut
386 3428 574 3481 sanari
620 3434 830 3498 posset.
886 3430 991 3484 Sed
1020 3430 1199 3484 sancti
1239 3432 1339 3486 Dei
1381 3437 1656 3503 martyres
1707 3451 1807 3487 uo-

112 3514 351 3569 luerunt
397 3517 449 3569 ei
479 3516 735 3570 sanitatis
767 3518 983 3572 donum
1025 3519 1299 3586 tribuere,
1328 3524 1392 3573 ut
1422 3526 1638 3591 quanta
1665 3526 1810 3575 esset

110 3604 167 3656 in
234 3604 536 3658 Benedicto
594 3606 777 3675 gratia
835 3607 1314 3661 demonstrarent.
1379 3609 1587 3661 Ductus
1615 3610 1807 3680 itaque

110 3697 190 3745 est
223 3693 297 3746 ad
343 3693 749 3763 omnipotentis
779 3695 877 3749 Dei
930 3696 1211 3750 famulum
1262 3697 1654 3761 Benedictum,
1708 3698 1807 3768 qui

106 3782 240 3834 Iesu
307 3782 527 3836 Christo
586 3783 827 3837 Domino
898 3800 1095 3854 preces
1160 3786 1428 3850 fundens,
1502 3787 1803 3856 antiquum

108 3869 334 3923 hostem
391 3870 460 3924 de
511 3870 739 3925 obsesso
791 3872 1024 3926 homine
1086 3873 1346 3942 protinus
1402 3874 1640 3943 expulit.
1704 3875 1805 3929 Cui

110 3963 307 4011 sanato
336 3958 609 4029 praecepit
659 3959 850 4013 dicens
884 3976 896 4013 :
942 3960 1110 4025 Vade,
1151 3966 1207 4014 et
1235 3967 1363 4030 post
1406 3962 1527 4014 haec
1575 3978 1803 4016 carnem

110 4062 219 4099 non
250 4047 538 4113 comedas,
574 4052 629 4101 et
676 4049 746 4103 ad
792 4064 1017 4103 sacrum
1061 4050 1321 4103 ordinem
1365 4066 1663 4120 nunquam
1710 4068 1802 4105 ac-

109 4136 309 4188 cedere
362 4152 696 4205 praesumas.
757 4137 1107 4208 Quacunque
1177 4144 1368 4191 autem
1425 4138 1517 4191 die
1577 4155 1803 4193 sacrum

108 4222 366 4277 ordinem
388 4228 668 4277 temerare
699 4226 1148 4295 praesumpseris,
1184 4224 1376 4278 statim
1418 4225 1537 4295 juri
1589 4226 1804 4281 diaboli

110 4312 317 4365 iterum
367 4312 729 4382 manciparis.
786 4312 1049 4366 Discessit
1106 4313 1301 4383 itaque
1349 4313 1805 4370 clericussanus

112 4416 173 4453 ac
199 4400 343 4455 sicut
384 4406 600 4455 terrere
646 4401 791 4455 solet
837 4401 1094 4455 animum
1124 4417 1295 4471 poena
1337 4418 1556 4467 recens,
1585 4418 1651 4456 ea
1677 4420 1805 4474 quae

110 4489 197 4541 vir
226 4488 326 4543 Dei
374 4489 646 4559 prazcepit
691 4489 925 4542 interim
955 4489 1275 4543 custodivit.
1328 4490 1469 4543 Cum
1511 4506 1647 4561 ergo
1679 4498 1807 4562 post

112 4592 287 4630 annos
316 4577 531 4631 multos
576 4592 774 4630 omnes
817 4576 1038 4647 priores
1085 4576 1238 4630 illius
1269 4577 1338 4630 de
1388 4577 1493 4630 hac
1521 4578 1647 4631 luce
1701 4579 1806 4633 mi-

113 4670 385 4735 grassent,
413 4671 469 4719 et
491 4665 743 4719 minores
772 4681 905 4718 suos
931 4665 1160 4719 sibimet
1188 4666 1498 4737 superponi
1528 4666 1588 4721 in
1633 4670 1806 4722 sacris

114 4753 411 4807 ordinibus
464 4757 742 4817 cerneret,
800 4753 974 4805 verba
1030 4753 1137 4806 viri
1182 4754 1283 4807 Dei
1332 4754 1495 4824 quasi
1525 4771 1591 4808 ex
1638 4756 1805 4826 longo

114 4844 369 4907 tempore
405 4837 616 4890 oblitus
646 4840 988 4908 postposuit,
1043 4844 1215 4911 atque
1246 4841 1316 4895 ad
1369 4858 1593 4896 sacrum
1649 4843 1805 4897 ordi-

113 4941 240 4977 nem
299 4925 554 4979 accessit.
611 4924 793 4988 Quem
848 4942 981 4979 mox
1038 4927 1085 4979 is
1124 4927 1223 4997 qui
1279 4928 1511 4999 reliquit
1546 4929 1807 4983 diabolus

109 5014 308 5078 tenuit,
342 5029 590 5083 eumque
620 5028 821 5068 vexare
853 5030 1153 5085 quousque
1197 5016 1452 5071 animam
1483 5017 1606 5086 ejus
1641 5034 1804 5072 excu-

111 5107 271 5169 teret,
304 5118 422 5155 non
448 5102 703 5155 cessavit.

112 5207 238 5262 CAP.
276 5208 450 5263 CCVI.
476 5238 544 5246 -—
575 5211 647 5262 De
672 5208 831 5282 rebus
861 5210 1109 5282 Ecclesia:
1138 5226 1276 5277 quae,
1303 5216 1512 5266 mortuo
1538 5215 1803 5282 episcopo,

493 5295 528 5332 a
548 5280 887 5349 presbyteris
924 5280 1155 5334 venditas
1192 5284 1421 5347 fuerint.

184 5370 265 5422 Ea:
310 5367 497 5422 concil.
558 5370 855 5438 Ancirano,
901 5384 1023 5438 cap.
1078 5372 1177 5435 14.)
1238 5371 1315 5423 De
1370 5370 1459 5425 his
1516 5389 1645 5443 quae
1675 5390 1806 5443 per-

112 5456 304 5513 tinent
356 5456 430 5512 ad
490 5456 817 5524 Ecclesiam,
874 5473 1253 5530 quacunque,
1304 5474 1435 5514 cum
1486 5476 1601 5516 non
1658 5467 1808 5518 esset

469 5563 749 5631 PATBOL.
801 5564 974 5630 CXL.

1927 446 2221 494 contractu
2252 442 2322 496 ad
2363 444 2495 511 jura
2541 445 2919 501 ecclesiastica
2968 454 3244 508 revocari.
3302 457 3364 509 In
3403 459 3620 527 judicio

1928 534 2119 582 autem
2150 530 2257 583 erit
2300 531 2573 601 episcopi,
2617 533 2663 586 si
2711 536 2960 605 pretium
3020 540 3223 595 debeat
3278 546 3453 615 recipi
3497 565 3624 603 nec-

1927 633 1997 669 ne
2031 632 2044 670 :
2076 617 2211 687 quia
2250 619 2587 689 plerumque
2616 638 2812 677 rerum
2845 625 3227 684 districtarum
3262 634 3478 688 reditus
3500 654 3618 691 am-

1925 704 2167 774 pliorem
2197 706 2482 761 summam
2515 725 2617 779 pro
2642 712 2826 780 pretio
2850 715 2981 767 dato
3000 717 3334 773 reddiderit.

1926 794 2050 849 Car.
2088 794 2287 849 CCVII.
2319 827 2386 834 —
2409 800 2579 882 _De.eo
2629 804 2726 882 qui
2765 807 2974 882 spernit
3014 806 3350 882 oblationem
3392 815 3621 882 presby-

2401 871 2521 931 teri,
2554 874 2649 937 qui
2679 886 2899 926 umorem
2931 874 3138 931 habuit.

1997 952 2107 1022 (Ea:
2152 956 2339 1009 concil.
2398 957 2690 1024 Gangren.,
2741 976 2858 1029 cap.
2908 962 2990 1029 4.)
3039 966 3377 1039 Quicunque
3408 973 3619 1027 discer-

1924 1039 2010 1092 nit
2040 1057 2070 1093 a
2102 1042 2434 1112 presbytero
2466 1045 2565 1115 qui
2596 1062 2832 1102 uxorem
2859 1048 3080 1121 habuit,
3125 1057 3280 1124 quod
3312 1074 3424 1113 non
3459 1078 3623 1132 opor-

1924 1130 2061 1193 teat,
2095 1144 2160 1181 eo
2191 1129 2571 1198 ministrante,
2600 1134 2669 1187 de
2714 1135 2998 1191 oblatione
3031 1142 3343 1213 percipere,
3382 1129 3618 1203 anaihe-

1925 1230 2019 1268 ma
2048 1216 2139 1269 sit.

1925 1303 2051 1357 Car.
2089 1305 2309 1380 CCVIII.
2354 1335 2427 1349 —
2486 1309 2642 1373 Quod
2687 1325 2793 1365 non
2836 1318 3228 1380 permittuntur
3273 1322 3621 1380 ecclesiastici

2216 1376 2289 1429 ad
2317 1382 2613 1432 caemeteria
2651 1376 3020 1438 hwreticornm
3059 1390 3323 1445 accedere.

1993 1462 2101 1531 (Ex
2148 1467 2335 1519 conci].
2388 1468 2695 1534 Laodicea,
2756 1487 2875 1539 cap.
2920 1474 2996 1542 8.)
3030 1475 3193 1538 Quod
3225 1494 3340 1532 non
3378 1485 3617 1550 permit-

1922 1553 2117 1604 tantur
2172 1553 2533 1608 ecclesiastici
2565 1557 2633 1610 ad
2685 1558 3083 1615 haereticorum
3143 1570 3482 1636 caemeteria,
3534 1575 3620 1627 vel

1845 1634 1884 1688 Β
1921 1638 1992 1691 ad
2024 1655 2090 1691 ea
2148 1656 2277 1710 quae
2332 1643 2403 1696 ab
2451 1643 2530 1696 eis
2574 1647 2939 1715 appellantur
2988 1653 3278 1722 martyrio,
3348 1634 3620 1714 orationis

1921 1742 2088 1780 causa
2119 1728 2205 1781 vel
2265 1730 2521 1784 sanitatis
2576 1734 2861 1788 accedere.
2924 1737 3031 1791 Sed
3091 1740 3423 1810 liujusmodi
3470 1748 3516 1800 si
3553 1748 3621 1801 Ii-

1920 1814 2074 1868 deles
2128 1816 2362 1885 fuerint,
2394 1825 2547 1872 certo
2608 1826 2866 1892 tempore
2900 1829 3307 1885 communione
3355 1834 3568 1903 privari
3604 1852 3617 1890 :

1916 1904 2259 1972 poenitentes
2306 1912 2497 1962 autem
2530 1915 2585 1962 et
2624 1914 2960 1966 confitentes
2992 1932 3050 1968 se
3116 1918 3442 1990 deliquisse,
3476 1940 3621 1977 con—

1918 1992 2071 2047 venit
2115 1994 2346 2065 suscipi.

1919 2081 2045 2135 CAP.
2114 2082 2279 2137 CCIX.
2320 2112 2391 2123 —
2432 2085 2586 2150 Quod
2629 2103 2735 2140 non
2793 2094 3033 2156 oporteat
3082 2094 3149 2147 ab
3201 2076 3465 2153 hareticis
3520 2116 3613 2155 eu-

2532 2156 2701 2222 loyius
2752 2164 3008 2228 accipere.

1990 2241 2107 2305 (Ea:
2136 2241 2332 2306 eodem,
2368 2258 2485 2311 cap.
2522 2246 2635 2311 32.)
2669 2246 2826 2310 Quod
2876 2264 2990 2303 non
3039 2258 3299 2321 oporteat
3329 2257 3399 2309 ab
3428 2257 3614 2313 haere-

1916 2326 2040 2381 ticis
2106 2329 2369 2399 ‘eulogias
2425 2331 2705 2401 accipere,
2775 2352 2903 2405 quae
2980 2344 3114 2393 sunt
3169 2342 3615 2412 ,malcdictiones

1918 2417 2105 2486 potius
2138 2434 2312 2488 quam
2352 2418 2794 2476 benedictiones.

1987 2522 2114 2575 Cap.
2160 2523 2311 2576 CCX.
2370 2524 2525 2589 Quod
2581 2528 2787 2607 nullus
2849 2530 3193 2607 Christianus
3251 2536 3325 2590 ad
3374 2542 3610 2607 pseudo-

2449 2602 2718 2667 martyres
2751 2601 2828 2652 ire
2861 2600 3065 2657 debeat.

1989 2680 2099 2744 (ΕΒ
2133 2680 2331 2747 eodem,
2392 2698 2510 2751 cap.
2571 2686 2682 2753 3i.)
2738 2687 2899 2749 Quod
2953 2707 3183 2747 omnem
3216 2694 3611 2755 Christianum

1916 2784 2031 2821 non
2064 2775 2326 2838 oporteat
2373 2771 2632 2826 deserere
2685 2782 2963 2846 martyres
3014 2779 3245 2849 Christi,
3303 2790 3360 2838 et
3419 2787 3499 2841 ire
3543 2790 3614 2843 ad

1916 2858 2435 2928 pseudomartyres,
2472 2860 2526 2914 id
2558 2866 2662 2929 est,
2715 2863 3133 2932 haereticorum,
3185 2876 3241 2923 et
3291 2889 3431 2942 quos
3460 2875 3615 2946 ipsos

1920 2950 2138 2998 constat
2182 2946 2479 3001 haereticos
2563 2952 2860 3006 exstitisse.
2924 2954 2991 3008 Ili
3059 2972 3307 3029 namque
3387 2963 3615 3019 alienati

1921 3038 2055 3087 sunt
2085 3050 2117 3086 a
2156 3035 2288 3088 Deo.
2339 3035 2463 3090 Sint
2518 3036 2695 3108 igitur
2738 3041 3042 3097 anathema
3089 3047 3189 3115 qui
3234 3049 3301 3102 ad
3336 3052 3474 3106 tales
3521 3070 3613 3109 ac-

1919 3122 2211 3176 cesserint.

1920 3210 2046 3265 CAP.
2101 3210 2272 3265 CCXI.
2319 3242 2387 3250 —
2439 3213 2593 3302 quod
2647 3231 2752 3302 non
2816 3224 3059 3302 oporteat
3084 3223 3318 3290 plebeios
3372 3229 3619 3296 psalmos

2445 3288 2501 3337 in
2547 3287 2784 3340 Ecclesia
2832 3292 3078 3345 recitare.

1990 3368 2111 3435 (Ea:
2137 3369 2315 3423 eodem
2366 3374 2603 3436 concilio,
2649 3391 2767 3444 cap.
2813 3378 2924 3447 59.)
2974 3380 3137 3443 Quod
3184 3399 3299 3438 non
3353 3394 3615 3456 oporteat

1915 3455 2172 3524 plebeios
2258 3460 2506 3527 psalmos
2558 3460 2617 3513 in
2676 3464 2919 3519 Ecclesia
2981 3470 3220 3539 cantari,
3282 3455 3404 3526 nec,
3440 3476 3614 3531 libros

1916 3548 2128 3612 praster
2169 3560 2449 3599 canonem
2502 3548 2630 3617 legi,
2661 3551 2758 3604 sed
2786 3553 2906 3605 sola
2933 3569 3092 3608 sacra
3148 3559 3444 3615 volumina
3475 3564 3612 3619 Novi

1913 3632 2255 3684 Testamenti
2286 3634 2371 3685 vel
2409 3634 2643 3689 Veteris.

1916 3736 2043 3791 CAP.
2079 3736 2370 3817 CCXII._—
2413 3742 2486 3792 De
2538 3742 2648 3817 illis
2698 3744 2795 3809 qui
2847 3752 3151 3813 conventus,
3207 3754 3305 3817 qui
3360 3754 3436 3808 ad
3480 3772 3611 3813 con-

2161 3811 2418 3873 fessiones
2456 3816 2761 3877 martyrum
2789 3817 2944 3881 ﬁunt,
2988 3811 3391 3878 abominantur.

1985 3895 2094 3966 (Ea:
2150 3897 2336 3949 concil.
2394 3897 2670 3961 Antioch.,
2706 3915 2824 3969 cap.
2872 3904 2979 3971 20.)
3039 3905 3092 3959 Si
3141 3908 3267 3977 quis
3326 3913 3609 3981 superbire

1915 3999 2051 4036 usus
2088 3984 2311 4050 affectu,
2362 3991 2674 4040 conventus
2703 3988 3070 4045 abominatur
3124 3996 3223 4065 qui
3270 4000 3341 4053 ad
3391 4003 3609 4058 confes-

1914 4070 2101 4125 siones
2126 4075 2442 4142 martyrum
2493 4074 2873 4140 celebrantur,
2935 4084 2991 4133 et
3020 4081 3334 4140 ministeria
3379 4105 3508 4159 qua:
3549 4093 3609 4147 in

1835 4192 1878 4245 Β
1918 4158 1998 4213 eis
2048 4159 2195 4213 ﬁunt
2240 4159 2411 4214 simul
2467 4177 2596 4216 cum
2653 4179 2853 4219 eorum
2907 4170 3201 4225 memoriis
3262 4158 3606 4247 exsecratur,

1915 4246 2221 4301 anathema
2262 4249 2350 4302 sit.

1916 4336 2042 4391 CAP.
2085 4336 2308 4422 CCXIII:
2352 4366 2420 4376 —
2587 4342 2876 4422 victus_ab
2919 4349 3195 4422 erorcistis
3240 4361 3609 4422 energumenis

2178 4410 2235 4460 in
2261 4408 2414 4461 domo
2451 4411 2544 4462 Dei
2568 4412 2873 4468 sedentibus
2912 4417 3342 4477 administretur.

1985 4493 2093 4565 (Ea:
2138 4496 2324 4549 concil.
2393 4496 2677 4565 Carthag.,
2733 4516 2853 4570 cap.
2912 4505 3024 4573 91.)
3090 4508 3501 4580 Energumenis
3548 4518 3607 4573 in

1915 4582 2087 4637 domo
2148 4583 2248 4636 Dei
2273 4584 2604 4639 sedentibus
2650 4588 2833 4643 victus
2884 4594 3251 4661 quotidianus
3299 4617 3403 4671 per
3445 4620 3607 4660 ρχοιι.

1914 4670 2081 4725 cistas
2111 4677 2437 4742 opportuno
2470 4679 2729 4745 tempore
2754 4678 3128 4737 ministretur.

1915 4777 2052 4832 CAP.
2104 4776 2322 4833 CCXIV.
2366 4807 2468 4862 -ι
2497 4782 2767 4864 Utsacra
2794 4799 2929 4864 vasa
2974 4804 3088 4864 non
3124 4791 3191 4844 ab
3224 4794 3352 4848 aliis
3381 4812 3543 4864 quam
3574 4818 3608 4855 a

2322 4858 2494 4903 sacris
2532 4858 2668 4906 viris
2693 4859 2924 4909 tractari
2950 4858 3194 4915 debeant.

1985 4939 2093 5003 (Ea:
2122 4937 2266 4991 decr.
2329 4940 2502 5008 Symli
2560 4956 2739 5009 papae,
2794 4959 2919 5014 cap.
2976 4947 3090 5014 49.)
3140 4950 3460 5020 Cognoscat
3514 4974 3603 5011 sa-

1912 5024 2133 5096 pientia
2163 5030 2370 5094 vestra,
2400 5026 2603 5081 fratres
2644 5029 2984 5099 charissimi,
3017 5035 3151 5105 quia
3181 5037 3241 5090 in
3282 5040 3387 5095 hac
3415 5050 3609 5100 sancta

1914 5113 2228 5183 apostolica
2258 5113 2391 5168 sede
2440 5132 2473 5167 a
2529 5116 2691 5169 nobis
2723 5123 2779 5171 et
2799 5121 3035 5190 reliquis
3085 5124 3387 5196 episcopis,
3440 5138 3608 5187 caete-

1916 5200 2107 5271 risque
2151 5202 2380 5255 Domini
2431 5204 2840 5275 sacerdotibus,
2894 5215 3173 5265 statutum
3206 5221 3290 5268 est
3341 5223 3404 5273 ut
3450 5236 3610 5278 sacra

1915 5305 2047 5342 vasa
2092 5305 2209 5342 non
2261 5289 2331 5343 ab
2379 5291 2505 5344 aliis
2544 5308 2725 5433 fquam
2771 5312 2802 5348 a
2841 5298 3072 5351 sacratis
3121 5301 3477 5377 Dominoque
3517 5312 3611 5366 di-

1916 5378 2054 5431 catis
2084 5381 2512 5431 contrectentur
2585 5380 2895 5433 ominibus.
2927 5384 3228 5433 Indignum
3262 5393 3412 5433 ρηίπ.
3448 5400 3609 5433 mm“

1916 5378 2054 5431 catis
2084 5381 2512 5431 contrectentur
2544 5378 2895 5437 hominibus.
2927 5384 3230 5454 Indignum
3262 5393 3415 5450 enim
3448 5400 3611 5455 valde

1917 5467 2005 5519 est
2033 5469 2097 5518 ut
2124 5480 2283 5519 sacra
2316 5465 2543 5520 Domini
2576 5483 2721 5533 vasa,
2768 5486 3127 5545 qumcuuque
3159 5485 3311 5550 sunt,
3344 5483 3612 5544 humanis

3217 5592 3302 5652 23
