4028 6190
347 215 377 263 7
390 213 451 264 15
1413 207 1816 264 BURCHARDI
1855 207 1938 263 Wl

2265 210 2387 266 ISIS
2425 209 2738 266 EPISCOPI
2753 252 2766 266 .
3637 258 3648 264 ..
3750 215 3856 266 716

351 333 548 387 usibus
577 331 848 398 serviant,
883 336 981 386 aut
1011 333 1082 388 ab
1121 331 1248 386 aliis
1277 348 1449 403 quam
1481 348 1513 385 a
1563 331 1810 385 Domino
1857 331 2042 385 famu-
2072 336 2120 386 Α
2226 333 2416 388 Tobiae
2447 333 2594 387 liber
2631 349 2802 387 unus.

349 420 602 475 lautibus
630 420 796 491 eique
820 421 1018 475 dicatis
1045 424 1362 475 tractentur
1391 419 1546 485 viris,
1588 435 1660 472 ne
1706 435 1810 490 pro
1840 420 2046 473 talibus
2230 423 2457 476 Hesdras
2491 422 2634 476 liber
2661 437 2829 476 unus.

349 509 896 582 praesumptionibus
942 509 1120 563 iratus
1179 509 1455 563 Dominus
1499 509 1731 578 plagam
1783 508 2047 577 imponat
2229 511 2430 562 Hester
2459 509 2605 563 liber
2635 526 2802 564 unus.

348 599 560 670 populo
586 614 711 665 suo,
743 603 801 652 et
825 598 885 651 hi
924 598 1023 667 qui
1072 598 1245 652 etiam
1281 613 1399 651 non
1455 602 1856 666 peccaverunt,
1897 597 2046 649 mala
2226 598 2421 652 Iudith
2447 598 2590 652 liber
2622 615 2788 652 unus.

347 687 665 758 patiantur,
716 691 816 739 aut
858 691 1098 755 pereant
1133 701 1146 738 :
1180 686 1316 756 quia
1348 686 1498 755 perit
1518 685 1708 755 justus
1734 685 2048 754 saapissime
2234 686 2695 740 Machabaeorum
2734 686 2866 740 libri
2891 688 3028 742 duo.

349 791 453 847 pro
482 775 682 843 impio.
714 774 1020 840 Attendite,
1049 774 1267 837 fratres,
1303 789 1372 827 ne
1393 773 1530 826 talia
1542 774 1742 828 vestris
1771 773 1832 826 in
1865 773 2052 826 Eccle—
2300 775 2432 830 CAP.
2458 775 2727 829 CCXVIII.
2761 806 2830 814 —
2851 779 2922 830 De
2950 776 3138 830 ordine
3161 778 3571 846 prophetarum.

350 864 446 918 siis
461 861 806 934 permittatis
820 861 1086 931 deinceps
1100 861 1246 929 ﬁeri,
1260 877 1332 914 ne
1351 878 1487 931 grex
1505 861 1756 932 pretioso
1769 861 2049 932 sanguine
2233 861 2406 915 Esaia;
2439 863 2581 916 liber
2612 879 2784 919 unus.

351 950 560 1007 Christi
583 949 933 1019 redemptus,
965 949 1025 1002 in
1055 949 1460 1019 praecipitium,
1487 950 1642 1020 quod
1670 948 1851 1004 absit!
1897 953 2044 1003 ruat.
2230 948 2552 1017 Hieremiae,
2603 967 2732 1006 cum
2776 951 3003 1021 Cinoth,
3065 952 3126 1008 id
3169 955 3275 1023 jest
3337 953 3872 1009 Lamentationibus

354 1059 479 1112 CAP.
520 1056 713 1111 CCXV.
752 1086 820 1096 —
874 1057 952 1109 De
999 1059 1231 1110 sacratis
1256 1059 1496 1122 famim’s
1547 1073 1665 1125 qua
1702 1072 1864 1110 sacra
1918 1070 2051 1109 vasa
2160 1037 2297 1103 δοῖεν
2329 1038 2474 1093 liber
2506 1055 2672 1094 “11113-

582 1133 631 1180 et
655 1129 840 1196 pallas
873 1129 1068 1181 altaris
1100 1132 1335 1182 tractare
1348 1130 1816 1197 praesumpseﬁnt.
2234 1127 2540 1181 Ezechielis
2569 1128 2715 1181 liber
2747 1144 2916 1183 unus.

425 1214 541 1286 (Ea:
591 1215 733 1268 decr.
787 1216 1028 1270 Sotheris
1077 1231 1258 1284 papa,
1326 1231 1446 1284 cap.
1510 1215 1625 1284 46.)
1656 1216 1911 1269 Sacratas
1934 1215 2048 1267 Deo
2233 1213 2485 1267 Danielis
2517 1214 2664 1268 liber
2689 1231 2859 1270 unus.

352 1304 615 1360 faeminas
670 1304 758 1357 vel
781 1305 1088 1357 mouachas
1120 1320 1278 1357 sacra
1326 1320 1476 1370 vasa,
1509 1304 1598 1357 vel
1647 1318 1832 1357 sacras
1872 1303 2052 1373 pallas
2231 1300 2388 1355 Oscae
2420 1302 2561 1355 liber
2589 1319 2759 1358 unus.

351 1409 530 1463 penes
584 1409 685 1445 vos
745 1392 1097 1462 contingere,
1151 1397 1206 1445 et
1244 1393 1542 1446 incensum
1589 1393 1804 1446 circum
1854 1390 2053 1445 altaria
2232 1391 2406 1444 Amos
2437 1391 2584 1444 liber
2612 1407 2780 1445 unus.

355 1481 576 1536 deferre
625 1481 909 1551 perlatum
962 1485 1047 1533 est
1097 1481 1166 1534 ad
1221 1481 1588 1550 apostolicam
1644 1481 1859 1534 sedem.
1913 1479 2048 1543 Quae
2234 1478 2466 1533 Micheaa
2495 1480 2640 1533 liber
2668 1496 2837 1534 unus.

354 1570 549 1624 omnia
603 1568 1052 1638 reprehensione
1107 1574 1163 1622 et
1220 1569 1639 1638 vituperatione
1701 1569 1875 1638 plena
1929 1583 2050 1622 esse
2084 1612 2125 1666 Β
2229 1568 2353 1621 Joel
2383 1567 2529 1621 liber
2559 1585 2727 1622 unus.

352 1657 499 1711 nulli
547 1661 696 1709 recte
743 1656 1090 1725 sapientium
1148 1655 1387 1708 dubium
1421 1660 1522 1710 est.
1557 1656 1916 1726 Quapropter
1953 1655 2055 1708 hu-
2086 1655 2124 1666 “’
2236 1655 2436 1710 Abdiae
2467 1657 2614 1710 liber
2644 1673 2814 1712 unus.

349 1746 443 1816 jus
474 1748 679 1796 sanctae
705 1743 851 1796 sedis
878 1743 1216 1797 auctoritate
1240 1744 1362 1798 haec
1387 1745 1582 1798 omnia
1611 1744 1770 1798 vobis
1799 1759 2053 1797 resecare
2237 1745 2392 1798 Iona:
2427 1745 2571 1798 liber
2593 1761 2760 1800 unus.

356 1832 631 1898 funditus,
699 1831 1042 1902 quantocius
1107 1832 1390 1902 poteritis,
1457 1847 1803 1885 censemus:
1865 1836 1922 1885 et
1981 1848 2053 1885 ne
2236 1833 2420 1886 Naum
2452 1833 2598 1888 liber
2629 1850 2796 1888 unus.

355 1920 532 1991 pestis
578 1919 698 1972 haec
744 1919 915 1972 latius
957 1920 1301 1989 divulgetur,
1347 1936 1453 1990 per
1490 1936 1691 1974 omnes
1731 1919 2053 1990 provincias
2234 1921 2463 1974 Abacuc
2492 1922 2637 1975 liber
2667 1937 2838 1976 unus.

358 2006 607 2076 abstergi
635 2005 957 2061 diutissime
989 2007 1348 2060 mandamus.
2235 2009 2539 2080 Sophonia:
2569 2010 2714 2064 liber
2737 2027 2904 2064 unus.

357 2113 466 2168 CAP
516 2113 730 2167 CXXVI.
763 2141 832 2150 -—
865 2115 939 2165 De
992 2115 1140 2165 vasis
1193 2115 1384 2178 sacris,
1440 2112 1506 2166 de
1533 2113 1700 2182 pallia
1755 2113 1951 2166 altaris
2004 2115 2055 2164 et
2235 2098 2436 2169 Aegaei
2455 2099 2600 2153 liber
2627 2115 2793 2153 unus.

423 2185 557 2266 uelis
595 2184 843 2266 ecclesiae,
887 2185 937 2236 si
969 2189 1251 2266 _vetustate
1294 2190 1610 2253 consumpta
1655 2185 1884 2250 fuerint,
1918 2182 2055 2253 quid
2233 2188 2516 2242 Zachariae
2543 2188 2690 2242 liber
2720 2204 2886 2244 unus.

428 2254 556 2307 inde
587 2253 900 2316 faciendum
928 2255 1020 2307 sit.

2237 2276 2526 2330 Malachiaz
2548 2277 2692 2331 liber
2719 2293 2889 2332 unus.

424 2342 532 2440 (ἔξω
579 2344 745 2440 fpm'
791 2342 1075 2440 Cle’iwntis
1116 2358 1447 2440 Papwffapi
1479 2341 1705 2440 ὅθ’)Ρθ
1738 2340 1885 2440 vasis
1917 2357 2053 2440 sime
2164 2381 2293 2436 CAP.
2345 2382 2560 2437 CCXIX.
2633 2386 2705 2437 De
2772 2383 2960 2436 ordine
2998 2383 3263 2437 librorum
3323 2385 3461 2440 Novi
3526 2387 3846 2439 Testamenti

577 2430 656 2524 ita
706 2430 1026 2524 gerendum
1076 2436 1160 2484 est
1199 2447 1210 2484 =
1250 2431 1472 2524 ,Αιεειτίξ
1531 2431 1702 2500 pana.
1762 2429 2050 2497 cathedra.
2168 2425 2583 2522 “assessu.
2615 2425 3459 2520 ῆονηιαςέῑέῑιεῑξςξέτῑῑειῆριῖῑῖ
3483 2425 3866 2524 astas:

354 2518 783 2586 candelabrum,
843 2523 898 2571 et
942 2519 1156 2584 velum,
1218 2519 1264 2571 si
1320 2519 1535 2572 fuerint
1581 2522 1862 2573 vetustate
1913 2533 2054 2571 con-
2235 2518 2370 2578 salis
2401 2526 2641 2579 Ecclesia
2669 2526 2933 2580 observat.

353 2611 602 2678 sumpta,
637 2606 900 2660 incendio
931 2608 1141 2661 dentur
1173 2624 1187 2661 :
1221 2609 1497 2678 quoniam
1530 2624 1646 2661 non
1677 2606 1809 2660 licet
1827 2623 1894 2661 ea
1922 2623 2050 2678 quae
2235 2629 2672 2699 Evangeliomm
2704 2630 2838 2685 libri
2863 2635 3127 2701 quatuor.

353 2695 412 2749 in
443 2695 690 2750 sacrario
736 2694 989 2764 fuerunt,
1021 2697 1171 2750 male
1204 2697 1457 2763 tractari,
1500 2697 1598 2750 sed
1622 2696 1887 2750 incendio
1919 2696 2052 2750 uni-
2234 2694 2560 2772 seu";de
2583 2694 2909 2773 Matthauu’,
2941 2718 3087 2772 liber
3119 2735 3289 2773 unus.

351 2800 513 2838 versa
558 2784 880 2838 tradentur.
919 2785 1151 2840 Cineres
1181 2802 1411 2858 quoque
1442 2801 1641 2840 eorum
1685 2784 1747 2838 in
1779 2785 2051 2855 baptiste-
2235 2805 2562 2860 secundum
2591 2807 2840 2860 Marcum
2878 2807 3022 2861 liber
3049 2823 3222 2861 unus.

353 2871 504 2927 rium
548 2873 890 2939 inferantur,
952 2874 1048 2928 ubi
1105 2875 1300 2928 nullus
1330 2873 1602 2929 transitus
1653 2873 1952 2940 habeatur,
1991 2873 2052 2926 in
2086 2889 2125 2943 (ς
2237 2893 2563 2948 secundum
2593 2896 2800 2949 Lucam
2830 2895 2976 2950 liber
2997 2912 3165 2949 unus.

353 2959 591 3029 pariete,
648 2965 748 3013 aut
809 2960 868 3012 in
915 2960 1081 3014 fossis
1128 2961 1595 3031 pavimentorum
1635 2961 1942 3030 jactentur,
1983 2977 2056 3015 ne
2236 2981 2559 3037 secundum
2589 2985 2867 3038 Joannem
2897 2985 3042 3038 liber
3082 3001 3250 3040 unus.

354 3048 771 3141 introeuntium
827 3048 1071 3141 pedibus
1118 3050 1514 3141 inquinentur.
1580 3049 1789 3141 Pallas;
1815 3065 1946 3141 vero
1981 3053 2058 3141 et
2237 3072 2412 3124 Actus
2443 3072 2816 3141 apostolorum
2846 3073 2990 3126 liber
3025 3088 3195 3126 unus.

355 3137 476 3190 vela
505 3152 633 3206 qua:
661 3135 720 3188 in
768 3137 1078 3188 sanctuarii
1126 3138 1412 3191 sordidata
1454 3138 1667 3191 fuerint
1715 3137 1942 3192 ministe

1848 3137 2052 3229 ἱεῐεξτίον
2476 3135 2495 3141 “
2581 3162 2838 3229 Epistolz
2864 3162 3021 3214 Pauli
3046 3176 3268 3216 numero
3299 3163 3439 3218 XIV.

354 3223 578 3277 diaconi
645 3239 776 3276 cum
832 3223 1145 3277 humilibus
1199 3225 1475 3279 ministris
1545 3226 1696 3278 intra
1741 3225 2056 3279 sacrarium
2236 3248 2319 3303 Ad
2353 3223 2646 3302 Romanos:
2671 3249 2917 3318 epistola
2946 3265 3079 3302 una.

355 3311 565 3377 lavent,
635 3326 750 3364 non
796 3310 1085 3380 ejicientes
1133 3312 1282 3366 foras
1342 3330 1374 3367 a
1453 3313 1699 3366 sacrario
1773 3314 2057 3367 velamina
2233 3336 2318 3391 Ad
2349 3337 2671 3391 Corinthios
2700 3310 2957 3407 ἐρίειοιω
2985 3338 3133 3391 dua.”

359 3399 666 3452 Dominicaa
698 3414 933 3462 mensae,
970 3416 1040 3454 ne
1074 3401 1216 3454 forte
1251 3402 1437 3472 pulvis
1481 3401 1761 3456 Dominici
1801 3403 2056 3472 corporis
2233 3425 2318 3479 Ad
2354 3425 2576 3479 Galatas
2602 3399 2845 3496 ερίεξοιδ
2877 3441 3012 3479 "NL

357 3487 504 3584 male
534 3486 778 3584 decidat,
829 3487 1086 3584 syndone
1125 3489 1264 3584 foris
1294 3491 1499 3584 delata,
1525 3496 1582 3544 et
1610 3491 1737 3584 erit
1773 3491 1884 3584 hoc
1912 3506 2056 3584 Ope-
2233 3514 2320 3568 Ad
2346 3486 2908 3584 Ephesios'epistola
2948 3529 3082 3567 tum

357 3577 509 3630 ranti
551 3582 869 3646 peccatum,
913 3577 1128 3632 Idcirco
1160 3579 1219 3632 in
1249 3579 1496 3632 sacrario
1546 3578 1826 3632 ministris
1849 3579 2053 3649 praeci-
2233 3601 2320 3656 Ad
2352 3577 2745 3673 pililippense's
2775 3603 3014 3673 epistola
3051 3617 3187 3656 una.

279 3685 284 3690 ’
354 3665 547 3760 pimus
593 3681 724 3760 cum
780 3666 1078 3760 diligentia
1122 3668 1424 3723 custodire.
1469 3668 1642 3722 Pallae
1681 3666 1744 3721 in
1775 3667 1881 3722 alia
1903 3669 2054 3738 pelvi
2231 3689 2319 3743 Ad
2346 3665 2704 3745 Colos'sénses
2734 3665 2977 3760 epistola
3016 3707 3150 3745 mm

356 3754 638 3823 lavemur:
689 3754 750 3808 ίη
779 3754 890 3809 alia
920 3756 1063 3811 νθῙδο
2232 3778 2319 3832 Ad
2348 3779 2875 3833 Thessalonicenses
2900 3779 3141 3849 epistola
3172 3796 3307 3834 una.

354 3876 635 3916 INCIPIU‘NT
709 3876 945 3916 uacuam
1019 3877 1087 3914 nr:
1163 3877 1516 3925 aacmsxms,
1575 3878 1680 3916 vat.
1737 3879 1847 3918 NON
1902 3879 2052 3920 RECI-
2231 3867 2312 3920 Ad
2339 3867 2704 3921 Timotheum
2740 3867 2994 3936 epistola:
3027 3868 3173 3922 duas.

425 3948 636 3985 PIENDIS
677 3947 865 3995 manus,
908 3949 1119 4018 SCRIPTA
1158 3949 1191 3986 Α
1232 3949 1455 3987 GELASIO
1493 3949 1646 3995 PAPA,
1689 3949 1796 3988 cum
1837 3952 2054 3991 SEPTUA-
2231 3954 2314 4008 Ad
2335 3955 2524 4008 Titum
2556 3957 2811 4024 epistola
2840 3955 2988 4010 dua.

425 4017 591 4056 GINTA
648 4013 1032 4055 BRUDITISSIMIS
1093 4019 1360 4057 EPISCOPIS
1416 4020 1472 4057 ΙΝ
1539 4021 1669 4057 SEDE
1722 4021 2052 4062 APOSTOLICA

427 4071 938 4147 nams‘noumJEm
973 4073 1117 4129 decr.
1168 4074 1372 4128 Gelasii
1407 4090 1568 4144 papa:
1612 4075 1677 4129 de
1722 4078 2050 4147 recipiendis
2228 4071 2316 4147 ﬂ“:
2344 4071 2721 4147 ξυξιυωυυυιξ

425 4141 628 4211 libris.)
836 4132 845 4142 ’
1407 4132 1427 4142 ⁸
1481 4132 1501 4144 ⁵
1829 4132 1849 4147 ⁵
2010 4132 2040 4134 θ’
2076 4165 2119 4218 η
2228 4132 2315 4186 Ad
2344 4132 2611 4187 Hebraeos
2633 4133 2873 4203 epistola
2902 4149 3034 4188 una.

2228 4043 2316 4096 Ad
2347 4043 2740 4098 Philemonem
2775 4045 3016 4115 epistola
3043 4060 3178 4098 una.

495 4233 624 4287 CAP.
652 4230 807 4283 XVII.
844 4261 914 4270 —
940 4233 1014 4284 De
1042 4231 1233 4284 ordine
1265 4233 1526 4287 librorum
1556 4235 1764 4289 Veteris
2225 4221 2594 4293 Αροοειιγρδὶε
2622 4221 2861 4276 Joannis
2891 4222 3034 4276 liber
3063 4238 3230 4276 unus.

1031 4303 1374 4357 Testamenta“.
2334 4311 2461 4365 CAP.
2495 4311 2683 4365 CCXX.
2716 4310 2859 4366 Ordo
2895 4311 3016 4365 VII
3051 4311 3404 4378 epistolarum
3432 4313 3681 4366 canonic.

423 4385 818 4442 Genesisliber
849 4403 1014 4441 unus.
2228 4399 2377 4452 Petri
2406 4399 2646 4469 apostoli
2675 4398 2934 4469 epistolaa
2966 4398 3115 4453 duas.

422 4475 597 4530 Exodi
625 4475 772 4529 liber
809 4491 976 4529 unus.
2223 4487 2416 4543 Jacobi
2444 4489 2690 4559 apostoli
2719 4489 2960 4559 epistola
2993 4507 3128 4546 una.

421 4563 655 4619 Levitici
683 4562 830 4618 liber
856 4580 1027 4618 unus.
2223 4575 2460 4629 Joannis
2491 4577 2733 4647 apostoli
2755 4577 3011 4648 epistola:
3041 4584 3178 4635 tres.

329 4647 345 4665 ⁸
425 4653 658 4707 Numeri
689 4652 834 4706 liber
863 4669 1031 4707 unus.
2223 4662 2381 4718 Judee
2409 4665 2611 4719 Zelotis
2642 4647 2820 4737 apost.
2851 4667 3097 4734 epistola
3129 4684 3265 4722 una.

416 4741 844 4796 Deuteronomii
869 4741 1016 4796 liber
1046 4757 1212 4796 unus.
2225 4751 2342 4821 (Ea:
2372 4753 2513 4806 decr.
2546 4753 2829 4821 ejusdem.)
2853 4755 2988 4827 Post
3017 4755 3381 4826 propheticas
3411 4759 3469 4808 et
3498 4754 3844 4827 evangelicas

413 4831 547 4886 Jesu
577 4831 726 4885 Nave
750 4830 896 4885 liber
923 4847 1093 4886 unus.
2153 4841 2326 4909 atque
2355 4841 2696 4909 apostolicas
2741 4842 3084 4912 Scripturas,
3131 4842 3344 4914 quibus
3376 4844 3625 4897 Ecclesia
3654 4843 3838 4897 catho-

412 4919 675 4973 Judicum
702 4918 851 4972 liber
880 4935 1050 4974 unus.
2153 4926 2262 4980 lica
2277 4943 2380 4997 per
2405 4928 2648 4998 gratiam
2682 4930 2781 4984 Dei
2807 4931 3043 4986 fundata
3073 4936 3180 4999 est,
3210 4933 3385 4986 etiam
3414 4932 3557 4986 illud
3586 4933 3841 4986 intiman-

409 5007 634 5078 Regum
669 5007 804 5062 libri
852 5012 1116 5078 quatuor.
1153 5023 1160 5039 ’
2151 5014 2289 5069 dum
2329 5017 2673 5085 putavimus,
2707 5021 2860 5089 quod
2905 5020 3164 5090 quamvis
3197 5020 3479 5074 universae
3510 5037 3616 5091 per
3655 5019 3838 5074 orbem

410 5097 565 5152 Ruth
592 5097 738 5152 liber
766 5113 944 5152 unus.
2151 5103 2372 5158 diffusae
2390 5106 2684 5161 catholicae
2721 5108 2982 5162 Ecclesiae
3005 5124 3156 5163 unus
3193 5109 3483 5163 thalamus
3516 5109 3722 5164 Christi
3750 5109 3833 5172 sit,

408 5186 891 5256 Paralipomenon
921 5185 1050 5240 libri
1089 5185 1204 5240 duo
2151 5197 2344 5248 sancta
2373 5199 2568 5249 tamen
2599 5196 2857 5251 Romana
2886 5197 3165 5252 catholica
3211 5201 3268 5251 et
3313 5197 3626 5268 apostolica
3667 5197 3837 5267 Eccle-

405 5274 764 5328 Psalmorum
796 5275 944 5329 liber
973 5291 1147 5330 unus.
1359 5274 1366 5280 ’
1457 5331 1479 5352 ο
2151 5281 2235 5336 sia
2295 5283 2470 5337 nullis
2545 5284 2832 5355 synodicis
2909 5285 3234 5340 constitutis
3308 5286 3526 5340 csateris
3591 5284 3833 5340 Ecclesiis

405 5361 726 5417 Salomonis
751 5363 885 5418 libri
913 5364 1192 5435 quinque.
2149 5371 2389 5440 praelata
2434 5375 2536 5442 est,
2588 5373 2685 5427 sed
2729 5374 3063 5445 Evangelica
3102 5391 3240 5430 voce
3295 5375 3518 5430 Domini
3535 5371 3829 5430 Salvatoris

405 5449 510 5505 Job
546 5449 693 5505 liber
720 5467 891 5508 unus.
2150 5459 2330 5514 nostri
2377 5459 2694 5532 primatum
2739 5462 2989 5520 obtinuit
3021 5479 3036 5519 :
3067 5463 3153 5519 Tu
3183 5479 3243 5520 es
3294 5464 3511 5532 Petrus,
3543 5460 3820 5533 inquiens,
