4028 6190
192 256 309 305 717
1204 249 1676 307 DECRETORUM
1717 251 1908 307 LIBRI
1946 249 2057 305 XX.
2098 278 2170 291 —
2208 252 2412 307 LIBER
2451 251 2770 307 TERTIUS.
3626 260 3729 311 718

193 382 255 431 et
288 390 474 446 super
506 373 661 427 hanc
694 376 921 443 petram
958 371 1252 427 aediﬁcabo
1299 375 1601 429 Ecclesiam
1634 392 1840 440 meam,
1876 377 1935 426 et
1966 374 2011 425 A
2052 371 2384 441 giosissimi.
2420 375 2561 428 Item
2609 374 2847 444 epistola
2879 374 2936 426 Β.
2974 374 3172 428 Leonis
3212 392 3373 446 papae
3419 377 3490 431 ad
3521 378 3737 431 Flavia-

193 472 397 538 portaa
434 463 613 517 inferi
645 478 764 515 non
806 460 1207 531 praevalebunt
1253 464 1519 517 adversus
1547 481 1694 527 eam,
1728 470 1779 518 et
1828 462 1935 516 tibi
2044 477 2184 514 num
2271 462 2965 532 Constantinopolitanum
3038 463 3365 534 episcopum
3433 466 3733 520 destinata.

196 555 358 610 dabo
395 553 590 606 claves
642 550 807 621 regni
847 550 1149 603 caelorum.
1187 552 1251 603 Et
1281 568 1634 622 quaecunque
1665 552 1934 623 ligaveris

196 658 385 713 super
416 645 662 703 terram,
698 642 870 690 erunt
900 637 1079 706 ligata
1116 642 1171 690 et
1203 638 1264 690 in
1291 640 1452 694 caelo.
1484 642 1545 693 Et
1576 654 1934 710 quaecunque

198 730 454 786 solveris
508 743 687 797 super
718 730 958 791 terram,
995 731 1167 778 erunt
1213 727 1397 780 soluta
1429 733 1482 781 et
1526 730 1585 781 in
1618 730 1774 783 coelo.
1830 727 1935 781 Cui

201 823 343 876 data
373 823 460 872 est
492 818 669 871 etiam
700 815 943 869 societas
981 814 1301 868 beatissimi
1338 818 1493 870 Pauli
1520 820 1760 887 apostoli
1788 816 1934 871 vasis

202 908 538 971 electionis,
576 904 674 975 qui
720 919 839 956 non
871 902 1121 969 diverso,
1159 903 1306 956 sicut
1350 905 1602 959 haeretici
1648 906 1932 976 garriunt,

190 988 306 1052 Sed
343 1013 462 1049 uno
512 1001 790 1063 tempore,
839 1008 961 1045 uno
994 992 1320 1061 eodemque
1354 994 1441 1047 die
1473 994 1717 1063 gloriosa
1748 999 1933 1049 morte

201 1103 340 1142 cum
375 1086 545 1138 Petro
590 1082 647 1135 in
679 1082 820 1135 urbe
855 1081 1049 1133 Roma
1089 1080 1195 1132 sub
1231 1082 1450 1135 Caesare
1478 1082 1698 1136 Nerone
1730 1080 1933 1152 agoni-

206 1191 350 1229 zans
399 1176 704 1226 coronatus
737 1174 842 1234 est,
876 1174 939 1222 et
984 1168 1211 1239 pariter
1251 1170 1634 1239 supradictam
1680 1176 1932 1224 sanctam

208 1265 539 1318 Romanam
596 1258 901 1311 Ecclesiam
952 1257 1183 1311 Christo
1218 1258 1460 1313 Domino
1509 1263 1931 1324 consecrarunt,

214 1352 487 1418 hancque
537 1346 798 1399 omnibus
847 1346 1094 1399 urbibus
1140 1347 1203 1400 in
1252 1348 1517 1401 universo
1565 1348 1780 1401 mundo
1832 1363 1935 1400 sua

216 1434 554 1508 praesentia,
594 1438 761 1503 atque
809 1434 1147 1487 venerando
1196 1436 1492 1505 triumpho
1530 1437 1930 1505 praetulerunt.

221 1526 324 1577 Est
354 1538 488 1591 ergo
522 1520 705 1590 prima
736 1518 891 1573 Petri
928 1520 1178 1589 apostoli
1207 1522 1370 1574 sedes
1404 1522 1660 1575 Romana
1690 1522 1935 1574 Ecclesia

2046 549 2218 619 Cujus
2248 555 2467 605 textum
2504 551 2786 621 quispiam
2819 553 2862 603 si
2889 568 3066 621 usque
3094 552 3163 605 ad
3193 569 3372 605 unum
3398 553 3511 606 iota
3542 554 3735 623 dispu-

2045 640 2267 705 taverit,
2321 646 2375 692 et
2406 656 2520 693 non
2552 656 2677 692 eam
2726 640 2783 691 in
2819 640 3084 692 omnibus
3134 642 3536 694 venerabiliter
3584 659 3735 696 rece-

2043 726 2209 795 perit,
2263 729 2568 781 anathema
2619 728 2707 779 sit.
2755 729 2895 779 Item
2929 729 3201 797 opuscula
3239 734 3409 799 atque
3464 736 3736 785 tractatus

2043 815 2303 869 omnium
2354 818 2583 870 Patrum
2618 815 3062 869 orthodoxorum
3097 816 3196 886 qui
3244 818 3301 869 in
3348 818 3504 871 nullo
3541 837 3573 872 a
3605 836 3734 872 san-

2042 907 2145 954 etas
2196 904 2455 957 Ecclesiae
2499 904 2771 957 Romanae
2815 903 3099 957 consortio
3148 905 3469 971 deviarunt,
3514 923 3618 960 nec
3665 908 3735 961 ab

2041 991 2164 1060 ejus
2194 993 2322 1055 ﬁde,
2355 994 2443 1046 vel
2493 991 2893 1062 praedicatione
2942 992 3184 1061 sejuncti
3222 998 3373 1059 sunt,
3410 994 3507 1046 sed
3555 995 3735 1065 ipsius

2041 1081 2460 1134 communionis
2477 1097 2581 1150 per
2602 1080 2844 1149 gratiam
2874 1081 2970 1133 Dei
2991 1097 3170 1151 usque
3200 1081 3254 1133 in
3292 1082 3556 1135 ultimum
3582 1084 3735 1137 diem

2040 1167 2171 1222 vitae
2228 1185 2346 1222 sum
2410 1170 2568 1222 fuere
2625 1168 2949 1238 participes,
3017 1169 3285 1238 legendos
3350 1170 3729 1226 decernimus.

2040 1256 2181 1310 Item
2214 1257 2523 1310 decretales
2572 1257 2862 1325 epistolas,
2909 1273 3049 1327 quas
3093 1258 3406 1310 beatissimi
3440 1275 3603 1329 papae
3648 1262 3733 1314 di-

2040 1345 2215 1397 versis
2271 1344 2629 1413 temporibus
2686 1345 2755 1397 ab
2806 1345 2941 1397 urbe
2994 1345 3172 1398 Roma
3224 1362 3327 1414 pro
3376 1346 3734 1401 diversorum

2041 1438 2269 1503 patrum
2319 1433 2707 1486 consolatione
2752 1433 3049 1494 dederunt,
3110 1434 3511 1487 venerabiliter
3556 1437 3732 1489 susei-

2040 1520 2296 1589 piendas.
2327 1521 2464 1572 Item
2513 1526 2669 1589 gesta
2699 1524 3019 1572 sanctorum
3054 1525 3388 1588 martyrum,
3424 1537 3551 1590 qua:
3583 1522 3733 1574 mul-

220 1629 345 1665 non
393 1610 599 1663 habens
636 1608 940 1675 maculam,
995 1624 1101 1661 nec
1154 1626 1386 1679 rugam,
1424 1626 1526 1661 nec
1557 1608 1775 1679 aliquid
1820 1608 1934 1662 hu-
1967 1649 2005 1702 Β
2044 1609 2333 1678 tiplicibus
2392 1614 2808 1662 tormentorum
2872 1608 3215 1661 cruciatibus
3266 1614 3323 1661 et
3376 1610 3736 1663 mirabilibus

212 1699 484 1771 jusmodi.
525 1697 778 1752 Secunda
832 1701 1020 1749 autem
1079 1697 1245 1751 sedes
1300 1697 1458 1767 apud
1502 1696 1931 1763 Alexandriam,

214 1789 373 1842 beati
404 1786 548 1840 Petri
597 1784 831 1839 nomine
863 1802 895 1837 a
925 1786 1107 1838 Marco
1164 1787 1290 1855 ejus
1335 1786 1626 1854 discipulo
1679 1791 1737 1837 et
1765 1800 1933 1837 evan-

218 1876 421 1947 gelista
463 1879 782 1929 consecrata
822 1878 921 1938 est,
978 1873 1222 1943 ipseque
1270 1892 1303 1928 a
1340 1878 1511 1929 Petro
1562 1872 1828 1943 apostolo
1878 1873 1936 1927 in

216 1963 517 2031 ngyptum
566 1959 827 2023 directus,
874 1958 1113 2011 verbum
1168 1960 1429 2012 veritatis
1478 1955 1849 2028 praedicavit,
1885 1963 1940 2011 et

218 2050 522 2119 gloriosum
583 2046 997 2101 consummavit
1079 2047 1446 2115 martyrium.
1527 2046 1735 2099 Tertia
1812 2060 1938 2099 vero

219 2138 380 2191 sedes
446 2138 595 2207 apud
652 2134 1005 2189 Antiochiam
1062 2134 1321 2203 ejusdem
1384 2133 1728 2188 beatissimi
1792 2134 1939 2188 Petri

218 2226 448 2279 nomine
477 2225 717 2278 habetur
736 2222 1106 2289 honorabilis,
1137 2239 1203 2275 eo
1235 2223 1386 2293 quod
1412 2223 1551 2287 illic,
1578 2224 1940 2293 priusquam

222 2318 462 2370 Romam
492 2313 753 2377 venisset,
803 2311 1098 2376 habitavit,
1133 2315 1187 2364 et
1233 2311 1350 2365 illic
1397 2312 1670 2381 primum
1728 2327 1941 2366 nomen

222 2403 675 2459 Christianorum
706 2402 949 2456 novellae
980 2400 1162 2469 gentis
1194 2405 1455 2454 exortum
1484 2404 1590 2453 est.
1634 2402 1709 2455 Et
1743 2418 1941 2471 quam-

221 2493 306 2546 vis
337 2494 488 2547 aliud
537 2492 974 2546 fundamentum
1023 2506 1189 2542 nemo
1218 2488 1401 2559 possit
1443 2505 1691 2557 ponere,
1730 2496 1941 2560 praeter

223 2582 281 2636 id
309 2582 463 2653 quod
492 2581 741 2653 positum
790 2584 898 2645 est,
932 2578 1083 2649 quod
1113 2582 1197 2631 est
1228 2577 1480 2631 Christus
1508 2578 1710 2645 Iesus,
1744 2583 1937 2633 tamen

222 2672 292 2725 ad
354 2671 787 2726 aediﬁcationem
846 2673 1101 2722 nostram
1160 2666 1360 2720 eadem
1413 2670 1611 2718 sancta
1674 2669 1941 2723 Romana

222 2760 494 2829 Ecclesia,
562 2765 691 2832 post
744 2760 872 2812 illas
928 2755 1145 2810 Veteris
1201 2756 1287 2808 vel
1353 2753 1498 2807 Novi
1552 2755 1935 2824 Testamenti,

222 2866 369 2920 quas
398 2848 740 2919 regulariter
791 2844 1170 2914 suscepimus,
1215 2843 1391 2897 etiam
1423 2840 1523 2894 has
1566 2844 1784 2914 suscipi
1823 2861 1937 2899 non

2044 1697 2462 1750 confessionum
2514 1697 2822 1766 triumphis
2873 1696 3171 1763 irradiant,
3223 1696 3351 1766 quis
3383 1698 3489 1750 ista
3538 1699 3736 1751 catho-

2043 1785 2282 1838 licorum
2332 1784 2575 1853 dubitet,
2623 1791 2679 1837 et
2726 1785 2944 1853 majora
2983 1800 3079 1837 eos
3132 1786 3192 1836 in
3246 1786 3529 1853 agonibus
3562 1787 3737 1839 fuisse

2042 1888 2364 1942 perpessos,
2396 1887 2499 1924 nec
2544 1873 2659 1924 suis
2693 1871 2924 1938 viribus,
2976 1872 3073 1925 sed
3110 1872 3205 1925 Dei
3255 1874 3439 1942 gratia
3488 1879 3543 1927 et
3574 1874 3737 1944 adju-

2046 1961 2194 2012 torio
2239 1958 2501 2012 universa
2556 1960 2874 2012 tolerasse?
2904 1960 3011 2012 Sed
3060 1960 3190 2012 ideo
3240 1961 3554 2014 secundum
3587 1962 3736 2014 anti-

2049 2063 2220 2117 quam
2251 2047 2721 2100 consuetudinem
2752 2046 3029 2115 singulari
3063 2048 3283 2100 cautela
3315 2047 3369 2100 in
3399 2055 3591 2101 sancta
3622 2050 3737 2102 Ro-

2049 2151 2218 2188 mana
2246 2134 2490 2187 Ecclesia
2519 2150 2631 2186 non
2665 2137 2952 2204 leguntur,
2989 2135 3123 2203 quia
3156 2140 3211 2186 et
3240 2151 3439 2188 eorum
3469 2137 3567 2205 qui
3599 2136 3737 2188 scri-

2048 2240 2211 2294 psere
2241 2223 2476 2276 nomina
2527 2224 2756 2292 penitus
2800 2223 3154 2292 ignorantur,
3205 2225 3358 2276 etab
3408 2224 3739 2277 inﬁdelibus

2050 2318 2147 2365 aut
2175 2311 2336 2365 dictis
2377 2312 2685 2380 superflua,
2720 2315 2817 2363 aut
2858 2311 3046 2364 minus
3076 2314 3223 2380 apta,
3259 2328 3429 2381 quam
3484 2312 3568 2365 rei
3598 2312 3739 2366 ordo

2050 2400 2239 2465 fuerit,
2274 2399 2481 2469 scripta
2512 2416 2630 2453 esse
2663 2403 2975 2470 putantur:
3006 2399 3150 2453 sicut
3189 2400 3486 2469 cujusdam
3532 2400 3739 2470 Cyriei,

2051 2495 2107 2543 et
2171 2489 2405 2553 Julittaa,
2473 2488 2619 2541 sicut
2680 2488 2921 2557 Georgii,
2989 2488 3348 2559 aliorumque
3406 2489 3741 2557 hujusmodi

2051 2576 2361 2646 passiones,
2391 2592 2518 2644 qum
2551 2575 2619 2629 ab
2650 2576 2932 2629 haereticis
2959 2577 3333 2646 perhibentur
3378 2578 3738 2645 conscriptas.

2052 2667 2289 2735 Propter
2339 2664 2511 2733 quod,
2545 2670 2607 2717 ut
2660 2664 2873 2717 dictum
2922 2669 3025 2731 est,
3077 2680 3145 2717 ne
3176 2665 3265 2717 vel
3322 2665 3458 2717 levis
3500 2666 3741 2720 subsan-

2050 2753 2227 2808 nandi
2277 2754 2523 2806 oriretur
2575 2753 2813 2818 occasio,
2847 2753 2905 2805 in
2953 2758 3143 2806 sancta
3197 2754 3453 2806 Romana
3496 2754 3744 2809 Ecclesia

2050 2859 2166 2896 non
2224 2843 2513 2911 leguntur.
2573 2842 2683 2894 Nos
2732 2846 2923 2894 tamen
2977 2857 3106 2894 cum
3155 2841 3423 2909 pra-dicta
3473 2843 3741 2909 Ecclesia,

218 2937 492 3007 prohibet
544 2936 868 3006 Scripturas
918 2950 930 2987 :
976 2932 1240 2987 Sanctam
1300 2930 1585 3001 synodum
1644 2933 1937 2987 Nicaenam
1970 2936 2010 2990 C
2050 2947 2251 2985 omnes
2279 2935 2556 2998 martyres
2590 2935 2645 2983 et
2676 2945 2872 2982 eorum
2918 2929 3197 2998 gloriosos
3228 2945 3464 2999 agones,
3498 2930 3597 2999 qui
3629 2932 3743 2985 Deo

220 3031 617 3081 trecentorum
642 3026 845 3079 decem
869 3026 926 3075 et
947 3026 1072 3074 octo
1098 3023 1356 3082 Patrum,
1379 3017 1670 3072 mediante
1694 3020 1935 3076 Maximo

219 3114 598 3169 Constantino
623 3116 789 3184 Augu
800 3115 907 3178 sto,
933 3110 993 3162 in
1016 3126 1129 3179 qua
1149 3109 1319 3163 Arius
1342 3106 1648 3161 haereticus
1670 3110 1936 3164 condem-

216 3210 391 3257 natus
422 3206 522 3256 est.
564 3202 834 3256 Sanctam
882 3199 1163 3268 synodum
1211 3194 1931 3265 Constantinopolitanam,

221 3289 518 3344 mediante
558 3286 883 3342 Theodosio
917 3284 1140 3339 seniore
1190 3287 1469 3354 Augusto,
1503 3282 1563 3334 in
1597 3299 1710 3352 qua
1757 3286 1933 3338 Mace-

222 3378 437 3433 donius
498 3375 808 3431 haereticus
874 3372 1127 3427 debitam
1187 3370 1617 3426 damnationem
1691 3374 1931 3442 excepit.

224 3466 492 3521 Sanctam
560 3464 848 3536 synodum
914 3460 1302 3530 Ephesinam,
1355 3459 1415 3512 in
1474 3474 1588 3527 qua
1646 3459 1934 3515 Nestorius

226 3554 534 3609 damnatus
561 3558 665 3619 est,
698 3567 831 3606 cum
865 3565 1145 3603 consensu
1175 3545 1489 3603 beatissimi
1517 3546 1803 3600 C(Jelestini
1834 3566 1935 3618 pa-

220 3659 339 3713 paa,
378 3642 663 3696 mediante
707 3639 922 3710 Cyrillo
955 3637 1357 3692 Alexandrina
1388 3634 1535 3688 sedis
1569 3634 1839 3699 antistite,
1881 3643 1938 3690 et

222 3730 506 3785 Archadio
585 3730 856 3800 episcopo
945 3726 1014 3779 ab
1078 3726 1237 3779 Italia
1303 3722 1602 3777 destinato.
1672 3722 1933 3780 Sanctam

225 3820 509 3890 synodum
542 3818 1093 3883 Chalcedonensem,
1116 3814 1403 3867 mediante
1430 3812 1705 3866 Martiano
1739 3815 1938 3882 Augu-

226 3915 339 3968 sto,
374 3913 430 3961 et
449 3908 751 3961 Anatholio
774 3903 1405 3973 Constantinopolitano
1437 3900 1724 3970 episcopo,
1744 3901 1802 3953 in
1822 3918 1936 3972 qua

229 3997 570 4051 Nestoriana
616 4001 673 4049 et
705 3993 1059 4064 Eutychiana
1107 3990 1343 4044 haeresis
1393 3990 1560 4042 simul
1616 4004 1745 4042 cum
1798 3990 1935 4044 Dio-

228 4100 395 4138 scoro
427 4084 663 4154 ejusque
712 4081 1091 4151 complicibus
1137 4080 1424 4133 damnata),
1454 4082 1606 4130 sunt.
1654 4076 1760 4130 Sed
1794 4082 1850 4131 et
1889 4079 1936 4132 si

228 4188 362 4242 quae
395 4176 525 4224 suut
569 4170 810 4225 concilia
840 4186 873 4223 a
907 4168 1115 4222 sanctis
1155 4167 1415 4221 Patribus
1464 4164 1738 4218 hactenus
1771 4164 1933 4220 insti-

228 4266 359 4315 tuta
389 4266 599 4330 praeter
629 4260 871 4312 istorum
917 4261 1168 4327 quatuor
1197 4254 1611 4313 auctoritatem.
1647 4256 1703 4304 et
1740 4258 1934 4308 custo-

233 4348 449 4403 dienda
474 4352 531 4401 et
554 4344 885 4416 recipienda
907 4344 1282 4397 decrevimus.
1306 4343 1428 4395 Jam
1452 4356 1605 4393 nunc
1625 4339 1935 4409 subjicien-

232 4437 375 4491 dum
408 4436 475 4489 de
506 4434 793 4505 opusculis
815 4438 1141 4487 sanctorum
1164 4433 1421 4495 Patrum,
1455 4446 1583 4499 qua:
1606 4428 1666 4481 in
1695 4428 1940 4483 Ecclesia

235 4524 520 4580 catholica
563 4523 919 4593 recipiantur
951 4538 963 4574 :
999 4522 1282 4591 Opuscula
1313 4520 1373 4573 Β.
1421 4516 1687 4590 Cypriani
1718 4524 1937 4589 marty-

232 4616 318 4670 ris
376 4618 432 4667 et
484 4610 948 4681 Carthaginensis
988 4609 1260 4680 episcopi.
1329 4610 1470 4662 Item
1535 4607 1810 4678 opuscula
1874 4609 1934 4661 Β.

237 4703 503 4773 Gregorii
546 4699 883 4755 Nazianzeni
928 4697 1200 4769 episcopi.
1246 4698 1389 4751 Item
1439 4696 1712 4767 opuscula
1746 4696 1939 4749 Basilii

240 4789 644 4861 Cappadoceni
701 4787 974 4859 episcopi.
1022 4788 1165 4840 Item
1216 4786 1492 4855 opuscula
1541 4787 1594 4839 Β.
1638 4785 1938 4839 Athanasii

239 4878 615 4935 Alexandrini
646 4876 917 4947 episcopi.
950 4876 1093 4930 Item
1125 4874 1397 4945 opuscula
1426 4875 1487 4927 Β.
1518 4873 1752 4928 Joannis
1789 4875 1939 4929 Con-

242 4964 737 5036 stantinopolitani
783 4963 1058 5034 episcopi.
1117 4963 1256 5016 Item
1305 4962 1577 5033 opuscula
1629 4963 1688 5015 B.
1750 4963 1940 5016 Theo-

240 5056 388 5127 phili
427 5052 794 5108 Alexandrini
843 5050 1113 5121 episcopi.
1162 5051 1302 5105 Item
1334 5052 1606 5122 opuscula
1639 5051 1697 5104 Β.
1746 5051 1940 5121 Cyrilli

240 5142 615 5199 Alexandrini
666 5140 938 5211 episcopi.
992 5140 1131 5192 Item
1175 5140 1448 5209 Opuscula
1480 5140 1535 5192 Β.
1592 5138 1805 5209 Hylarii
1850 5139 1940 5192 Pi-

245 5232 547 5287 ctaviensis
577 5229 847 5301 episcopi.
880 5229 1023 5282 Item
1069 5228 1343 5297 opuscula
1373 5229 1433 5282 Β.
1494 5227 1781 5281 Ambrosii
1829 5228 1941 5281 Me-

245 5319 595 5376 diolanensis
651 5315 921 5387 episcopi.
982 5316 1126 5369 Item
1189 5316 1465 5385 opuscula
1515 5316 1574 5369 Β.
1635 5315 1943 5385 Augustini

247 5405 814 5480 Hypponeregiensis
855 5403 1126 5475 episcopi.
1160 5404 1302 5458 Item
1332 5404 1605 5475 opuscula
1634 5406 1691 5459 Β.
1732 5404 1944 5459 Hiero-

250 5496 417 5569 nymi
462 5492 802 5568 presbyteri.
845 5492 989 5547 Item
1035 5491 1310 5562 opuscula
1355 5488 1621 5561 Prosperi
1667 5489 1774 5544 viri
1804 5490 1945 5544 reli-

2046 3020 2228 3089 magis
2258 3034 2431 3088 quam
2480 3018 2808 3071 hominibus
2862 3017 2982 3070 noti
3031 3022 3181 3084 sunt,
3236 3018 3394 3071 omni
3445 3018 3743 3073 devotione

2044 3124 2406 3162 veneramur.
2461 3109 2604 3161 Item
2650 3108 2799 3161 Vitas
2830 3112 3059 3176 patrum
3107 3107 3287 3174 Pauli,
3340 3108 3595 3173 Antonii,
3631 3110 3743 3179 Ily-

2045 3198 2300 3262 larionis,
2354 3200 2410 3249 et
2458 3196 2718 3249 omnium
2764 3195 3157 3258 eremitarum,
3210 3213 3350 3266 quas
3402 3201 3627 3250 tantum
3658 3198 3747 3251 vir

2046 3285 2412 3338 beatissimus
2460 3284 2684 3354 scripsit
2732 3284 3137 3353 Hieronymus,
3182 3302 3313 3338 cum
3363 3286 3519 3338 omni
3572 3302 3743 3341 vene-

2046 3374 2268 3426 ratione
2313 3373 2676 3442 suscipimus.
2730 3374 2868 3425 ltem
2908 3377 3065 3424 actus
3111 3373 3262 3426 beati
3294 3374 3564 3444 Sylvestri
3608 3382 3745 3445 apo:

2045 3461 2259 3515 stolicaz
2323 3461 2473 3514 sedis
2532 3461 2814 3531 prmsulis,
2866 3460 2996 3513 licet
3061 3460 3186 3529 ejus
3244 3463 3345 3531 qui
3410 3464 3746 3535 conscripsit

2044 3565 2259 3602 nomen
2295 3549 2613 3619 ignoretur,
2647 3565 2677 3600 a
2709 3549 2901 3601 multis
2947 3552 3138 3602 tamen
3172 3550 3229 3603 in
3258 3552 3401 3605 urbe
3435 3552 3615 3607 Roma
3644 3570 3743 3607 ca-

2048 3637 2277 3691 tholicis
2324 3637 2437 3705 legi
2476 3636 2869 3707 cognovimus,
2904 3640 2959 3689 et
2989 3652 3092 3705 pro
3120 3639 3358 3709 antiquo
3408 3657 3513 3693 usu
3545 3643 3743 3696 multae

2046 3725 2169 3779 haec
2217 3725 2521 3779 imitantur
2572 3725 2846 3779 Ecclesiae.
2907 3726 3045 3778 Item
3098 3727 3382 3797 scriptura
3429 3730 3496 3783 de
3544 3729 3747 3785 inven-

2044 3811 2201 3865 tione
2252 3811 2561 3865 Dominicze
2611 3811 2810 3878 crucis,
2847 3816 2903 3864 et
2948 3812 3060 3865 alia
3109 3814 3387 3883 scriptura
3444 3816 3513 3869 de
3543 3818 3745 3872 inven-

2042 3900 2195 3953 tione
2227 3900 2427 3970 capitis
2469 3901 2620 3955 beati
2650 3900 2881 3953 Joannis
2917 3901 3203 3969 Baptistaa,
3238 3906 3478 3958 novella:
3507 3906 3742 3975 quidem

2044 3988 2355 4042 relationes
2396 3994 2548 4053 sunt,
2581 3995 2637 4043 et
2668 3988 2931 4041 nonnulli
2966 4004 3060 4041 eas
3090 3991 3351 4044 catholici
3382 3993 3600 4062 legunt.
3637 3994 3747 4048 Sed

2044 4094 2174 4132 cum
2210 4078 2331 4131 haec
2378 4078 2449 4131 ad
2499 4080 2907 4133 catholicorum
2954 4094 3157 4132 manus
3207 4080 3553 4146 advenerint,
3593 4081 3749 4136 beati

2050 4165 2212 4219 Pauli
2252 4167 2500 4235 apostoli
2546 4167 2829 4237 praecedat
2876 4168 3160 4221 sententia
3194 4184 3207 4221 :
3239 4169 3445 4223 Omnia
3488 4170 3744 4239 probate,

2051 4254 2205 4324 quod
2236 4255 2454 4308 bonum
2493 4260 2575 4308 est
2612 4260 2821 4308 tenete.
2862 4257 3027 4321 Item,
3068 4257 3304 4310 Ruﬁnus
3334 4258 3421 4310 vir
3449 4258 3750 4328 religiosus

2045 4342 2326 4410 plurimos
2370 4343 2762 4398 ecclesiasticae
2795 4345 2985 4413 operis
3034 4344 3214 4398 edidit
3262 4346 3457 4412 libros,
3498 4349 3751 4401 nonnul-

2046 4429 2130 4482 las
2163 4429 2335 4483 etiam
2368 4432 2676 4502 scripturas
2721 4431 3132 4502 interpretatus
3180 4437 3285 4485 est.
3320 4432 3426 4486 Sed
3476 4435 3749 4503 quoniam

2049 4517 2411 4573 beatissimus
2442 4522 2823 4591 Hieronymus
2861 4521 2924 4574 in
2948 4520 3238 4590 aliquibus
3276 4537 3408 4576 eum
3438 4528 3506 4577 de
3528 4524 3751 4579 arbitrii

2046 4605 2308 4659 libertate
2376 4610 2615 4676 notavit,
2675 4610 2772 4663 illa
2838 4610 3141 4674 sentimus,
3214 4626 3343 4679 quae
3409 4612 3749 4681 praedictum

2049 4694 2283 4748 beatum
2334 4696 2747 4766 Hieronymum
2796 4700 3009 4752 sentire
3056 4698 3469 4766 cognoscimus.
3530 4702 3594 4754 Et
3634 4718 3748 4756 non

2050 4782 2237 4836 solum
2266 4783 2336 4837 de
2384 4784 2617 4851 Ruﬁno,
2650 4785 2748 4839 sed
2802 4787 2977 4841 etiam
3009 4785 3078 4840 de
3128 4786 3428 4853 universis,
3483 4804 3625 4859 quos
3664 4792 3749 4845 vir

2050 4871 2262 4941 saepius
2295 4877 2646 4926 memoratus
2696 4875 2815 4927 zelo
2849 4876 2951 4930 Dei
2991 4880 3047 4929 et
3074 4874 3210 4929 ﬁdei
3240 4875 3521 4944 religione
3550 4895 3746 4949 repre-

2050 4959 2267 5013 hendit.
2319 4961 2461 5014 Item
2510 4960 2771 5030 Origenis
2830 4964 3110 5017 nonnulla
3153 4965 3447 5035 opuscula,
3492 4983 3619 5037 qua;
3664 4970 3749 5024 vir

2051 5048 2416 5103 beatissimus
2447 5050 2829 5119 Hieronymus
2861 5069 2977 5106 non
3025 5054 3309 5125 repudiat,
3343 5056 3582 5127 legenda
3624 5076 3745 5113 sus-

2052 5137 2317 5207 cipimus.
2366 5139 2607 5209 Reliqua
2640 5144 2832 5192 autem
2865 5140 3059 5194 omnia
3087 5158 3214 5196 eum
3266 5161 3368 5198 suo
3400 5152 3629 5201 auctore
3660 5148 3743 5202 di-

2052 5224 2233 5279 cimus
2277 5242 2397 5280 esse
2429 5227 2743 5280 renuenda.
2797 5229 2940 5281 Item
2972 5229 3248 5286 Chronica
3292 5234 3521 5289 Eusebii
3565 5237 3745 5290 Cresa-

2052 5313 2279 5379 riensis,
2311 5318 2482 5384 atque
2531 5315 2786 5385 ejusdem
2821 5315 3082 5369 Historiae
3123 5320 3518 5380 ecclesiasticae
3548 5326 3744 5393 libros,

2055 5402 2314 5474 quamvis
2346 5402 2408 5457 in
2452 5404 2637 5475 primo
2668 5404 3011 5458 narrationis
3042 5421 3159 5459 suae
3206 5408 3353 5463 libro
3395 5416 3661 5485 tepuerit,
3693 5421 3748 5469 et

2053 5495 2187 5561 post
2212 5491 2272 5545 in
2301 5491 2565 5547 laudibus
2596 5497 2769 5565 atque
2801 5493 3161 5549 excusatione
3188 5496 3451 5567 Origenis
3482 5503 3750 5559 schisma-
