4028 6190
344 239 452 292 719

347 359 444 412 tici
491 374 684 436 unum
743 356 1140 428 conscripserit
1202 355 1414 409 librum
1477 373 1488 409 :

348 453 542 502 tamen
595 447 947 518 singularem
998 446 1285 511 notitiam,
1316 460 1447 514 quae
1493 443 1561 497 ad
1609 442 2048 496 instructionem

350 537 619 608 pertinet,
652 551 1065 606 usquequaque
1097 551 1213 588 non
1249 533 1493 588 dicimus
1528 532 1868 588 renuendos.
1903 532 2050 584 Item

352 625 619 681 Orosium
673 625 858 678 virum
928 623 1377 677 eruditissimum
1438 620 1852 686 collaudamus,
1916 617 2053 688 quia

351 712 512 767 valde
561 712 727 766 nobis
785 711 1163 765 necessariam
1220 709 1490 762 adversus
1545 723 1905 778 paganorum
1964 721 2054 758 ca-

351 801 602 855 lumnias
632 799 919 853 ordinavit
949 798 1269 864 historiam,
1313 796 1577 866 miraque
1605 794 1882 849 brevitate
1909 810 2052 848 con-

353 890 547 945 texuit.
593 889 735 941 Item
785 885 1128 940 venerabilis
1174 884 1282 937 viri
1314 883 1531 938 Sedulii
1574 883 1841 937 Paschale
1883 898 2050 952 opus,

353 977 501 1050 quod
536 975 784 1030 Heroicis
828 974 1128 1044 descripsit
1171 973 1426 1026 versibus
1457 971 1669 1042 insigni
1702 971 1870 1024 laude
1896 987 2052 1041 prte-

351 1067 610 1120 ferimus.
650 1066 792 1118 Item
838 1063 1071 1117 Iuvenci
1117 1061 1497 1115 nihilominus
1528 1059 1878 1114 laboriosum
1908 1074 2054 1128 Opus

352 1171 468 1208 non
500 1152 845 1224 spernimus,
888 1152 982 1205 sed
1017 1151 1322 1204 miramur.
1367 1150 1581 1203 Caetera
1610 1165 1738 1218 quas
1769 1149 1839 1201 ab
1870 1149 2053 1200 haere-

352 1243 478 1296 ticis
511 1245 568 1296 et
585 1241 956 1294 schismaticis
978 1239 1320 1308 conscripta,
1347 1238 1432 1290 vel
1455 1236 1730 1306 praedicta
1750 1239 1902 1301 sunt,
1923 1237 2054 1290 nul-

355 1332 577 1385 latenus
609 1329 812 1399 recipit
841 1328 1120 1382 catholica
1150 1331 1206 1379 et
1230 1325 1541 1394 apostolica
1574 1325 1831 1378 Romana
1858 1324 2055 1377 Eccle-

355 1419 457 1472 sia.
509 1419 547 1471 E
591 1417 801 1487 quibus
857 1432 1038 1484 pauca
1087 1431 1217 1484 quae
1260 1414 1329 1467 ad
1378 1413 1718 1466 memoriam
1768 1412 2051 1477 venerint,

355 1513 412 1560 et
441 1525 474 1560 a
505 1505 798 1559 catholicis
821 1503 1050 1556 vitanda
1082 1508 1233 1568 sunt,
1267 1501 1552 1555 credimus
1583 1516 1703 1554 esse
1735 1499 2050 1554 subdenda.

358 1611 486 1665 CAP.
559 1608 776 1662 CCXXI.
808 1637 876 1646 —
911 1609 980 1659 De
1039 1609 1237 1659 notitia
1294 1606 1556 1659 librorum
1598 1603 2049 1672 apocryphorum,

429 1682 524 1746 qui
555 1695 589 1731 a
619 1681 823 1732 sanctis
873 1677 1134 1730 Patribus
1163 1681 1362 1730 aeterna
1409 1676 1755 1728 damnatione
1802 1673 2053 1726 damnati

429 1755 576 1803 sunt.

428 1854 581 1923 (Item
613 1850 898 1921 ejusdem.)
940 1851 1001 1903 In
1049 1849 1248 1920 primis
1297 1849 1720 1903 Ariminensem
1769 1847 2050 1918 synodum

358 1960 389 1996 a
438 1941 805 1996 Constantino
838 1943 1056 1993 Cmsare
1101 1938 1458 1993 Constantini
1495 1938 1614 1991 ﬁlio
1646 1939 2050 2006 congregatam

359 2031 644 2084 mediante
688 2030 872 2083 Tauro
921 2027 1211 2098 prmfecto,
1260 2043 1323 2080 ex
1368 2031 1502 2078 tunc
1549 2029 1603 2078 et
1650 2024 1712 2078 in
1769 2029 2052 2078 aeternum

353 2119 697 2173 conﬁtemur
741 2132 860 2170 esse
910 2116 1259 2169 damnatam.
1298 2116 1438 2167 Item
1491 2111 1778 2166 Itinerarii
1816 2111 2052 2165 nomine

353 2207 507 2262 Petri
563 2205 827 2275 apostoli,
887 2204 1039 2273 quod
1099 2203 1423 2272 appellatur
1481 2200 1660 2254 sancti
1720 2199 2049 2263 Clementis,

352 2292 484 2346 libri
514 2291 656 2354 VIII,
688 2288 1018 2358 apocryphi.
1045 2291 1217 2340 Actus
1252 2285 1486 2339 nomine
1516 2285 1759 2338 Andreae
1787 2282 2051 2354 apostoli,

355 2378 732 2450 apocryphus.
793 2379 963 2430 Actus
1021 2373 1255 2427 nomine
1314 2374 1548 2428 Thomze
1591 2372 1855 2442 apostoli,
1907 2386 2054 2440 apo-

353 2467 620 2538 cryphus.
655 2466 822 2518 Actus
848 2464 994 2516 alius
1038 2462 1271 2516 nomine
1304 2462 1454 2516 Petri
1497 2460 1760 2532 apostoli.
1811 2475 2054 2529 apocry-

353 2556 521 2626 phus.
569 2557 738 2606 Actus
778 2551 1012 2605 nomine
1063 2549 1312 2620 Philippi
1359 2548 1625 2619 apostoli,
1673 2547 2053 2617 apocryphus.

355 2643 660 2712 Evangelia
714 2640 986 2694 'I‘haddaei
1041 2639 1295 2703 nomine,
1347 2636 1691 2707 apocrypha.
1750 2635 2056 2705 Evangelia

354 2733 586 2786 nomine
625 2729 915 2795 Barnabas,
955 2728 1303 2797 apocrypha.
1349 2725 1654 2795 Evangelia
1685 2723 1922 2778 nomine
1950 2725 2053 2778 Pe-

353 2821 427 2874 tri
475 2820 734 2890 apostoli,
789 2817 1136 2887 apocrypha.
1185 2814 1490 2883 Evangelia
1532 2812 1769 2866 nomine
1799 2812 2052 2878 Thomas,

1411 230 1821 290 BURCHARDI
1867 228 2400 292 WORMACIENSIS
2441 226 2778 284 EPISCOPI.
3726 238 3819 288 720

1558 357 1796 425 propter
1854 368 2048 406 rerum
2080 355 2126 406 A
2163 367 2316 417 rum,
2354 349 2687 421 apocryphi.
2713 349 2878 403 Liber
2909 349 3283 421 Physiologus
3309 350 3380 404 ab
3406 350 3678 406 haereticis
3702 368 3831 408 'con-

2165 441 2431 509 scriptus,
2466 444 2523 493 et
2552 438 2699 492 beati
2727 438 3012 492 Ambrosii
3041 438 3274 492 nomine
3299 439 3685 510 praesignatus,
3717 459 3832 512 apo-

2163 529 2432 598 cryphus.
2503 526 2751 580 Historia
2830 525 3056 579 Eusebii
3131 527 3434 597 Pamphili,
3511 531 3831 600 apocrypha,

2165 615 2446 686 Opuscula
2477 613 2834 675 Tertulliani,
2869 613 2986 668 sive
3008 613 3274 682 Africani,
3312 617 3652 686 apocrypha.
3679 619 3835 687 Opus-

2164 705 2293 758 cula
2324 703 2684 757 Postumiani
2729 707 2786 756 et
2815 703 2978 768 Galli,
3013 704 3354 774 apocrypha.
3401 704 3674 775 Opuscula
3704 705 3835 759 Mon-

2163 792 2305 857 tani,
2347 797 2403 845 et
2457 792 2747 858 Priscilla},
2782 795 2837 845 et
2887 791 3227 858 Maximillae,
3281 793 3622 863 apocrypha.
3667 793 3837 863 Opus-

2164 881 2293 933 cula
2339 879 2533 932 omnia
2581 879 2775 933 Fausti
2821 879 3135 946 Manichazi,
3187 880 3528 951 apocrypha.
3579 881 3837 950 Opuscula

2165 969 2401 1022 alterius
2431 968 2740 1023 Clementis
2777 968 3167 1034 Alexandrini,
3203 969 3546 1039 apocrypha.
3579 970 3838 1039 Opuscula

2165 1057 2418 1110 Cassiani
2467 1055 2786 1126 presbyteri
2815 1056 3148 1120 Galliarum,
3197 1059 3543 1127 apocrypha.
3579 1057 3837 1128 Opuscula

2167 1145 2440 1198 Victorini
2488 1145 2878 1211 Pictaviensis,
2925 1145 3266 1215 apocrypha.
3331 1145 3614 1215 Opuscula
3674 1147 3836 1200 Fausti

2167 1233 2464 1303 Regiensis
2512 1233 2845 1300 Galliarum,
2878 1234 3223 1304 apocrypha.
3277 1234 3565 1303 Opuscula
3596 1235 3839 1288 Frumen-

2165 1321 2254 1387 tii,
2291 1322 2634 1391 apocrypha.
2670 1322 2924 1391 Epistola
2951 1323 3081 1375 Jesu
3115 1322 3186 1376 ad
3232 1321 3584 1392 Abagarum,
3627 1339 3836 1392 apocry-

2165 1410 2302 1479 pha.
2339 1409 2585 1480 Epistola
2630 1410 2875 1479 Abagari
2903 1410 2974 1464 ad
3016 1412 3226 1479 Iesum,
3273 1412 3619 1482 apocrypha.
3669 1413 3836 1465 Passio

2165 1497 2410 1561 Quiricaa
2453 1503 2510 1550 et
2557 1497 2766 1564 Julitte,
2815 1499 3157 1570 apocrypha.
3201 1499 3397 1553 Passio
3447 1500 3696 1570 Georgii,
3727 1517 3838 1570 apo-

2165 1586 2401 1656 crypha.
2447 1586 2668 1655 Scripta
2715 1603 2842 1656 quae
2877 1589 3240 1658 appellantur
3285 1588 3611 1643 Salomonis
3647 1596 3838 1643 contra-

2166 1673 2363 1740 dictio,
2389 1677 2732 1744 apocrypha.
2764 1675 3119 1745 Phylacteria
3142 1677 3355 1744 omnia,
3390 1693 3524 1747 quae
3547 1693 3662 1731 non
3686 1693 3837 1748 ange-

2163 1761 2377 1825 lorum,
2413 1767 2476 1815 ut
2521 1761 2607 1815 illi
2638 1763 2993 1833 conﬁngunt,
3036 1764 3130 1818 sed
3163 1765 3498 1818 daemonum
3548 1765 3724 1834 magis
3749 1782 3835 1818 no-

2166 1849 2422 1904 minibus
2483 1850 2803 1920 conscripta
2850 1858 2999 1918 sunt,
3070 1853 3415 1923 apocrypha.
3487 1853 3620 1907 Haec
3671 1857 3722 1906 et
3764 1853 3837 1906 his

2165 1938 2397 2004 similia,
2458 1955 2586 2008 quae
2649 1939 2847 1993 Simon
2906 1941 3121 2010 Magus,
3189 1941 3475 2010 Nicolaus,
3542 1941 3833 2007 Cerinthus,

2165 2026 2436 2091 Marcion,
2498 2026 2788 2093 Basilides,
2852 2027 3051 2094 Ebion,
3098 2029 3308 2081 Paulus
3366 2028 3544 2080 etiam
3601 2027 3834 2081 Samosa-

2164 2119 2355 2181 tenus,
2408 2113 2638 2167 Fotiuus
2670 2119 2727 2167 et
2775 2114 3052 2178 Bonosus,
3100 2115 3201 2186 qui
3253 2113 3430 2168 simili
3464 2129 3660 2167 errore
3704 2111 3831 2165 defe-

2164 2207 2386 2266 cerunt,
2441 2202 2744 2255 Montanus
2793 2219 3026 2274 quoque
3073 2219 3204 2256 cum
3256 2203 3372 2256 suis
3425 2199 3836 2256 obscoenissimis

2165 2291 2524 2361 sequacibus,
2556 2291 2929 2361 Apollinaris,
2980 2292 3317 2345 Valentinus
3349 2291 3471 2344 sive
3505 2289 3836 2351 Manichaeus,

2166 2377 2424 2443 Faustus,
2481 2376 2783 2442 Sabellius,
2848 2376 3035 2443 Arius,
3088 2377 3475 2444 Macedonius,
3538 2377 3838 2440 Eunomius,

2167 2467 2438 2534 Novatus,
2477 2465 2805 2531 Sabbacius,
2859 2466 3120 2532 Galistus,
3174 2467 3423 2519 Donatus
3473 2471 3531 2518 et
3565 2464 3839 2527 Eustatius,

2163 2553 2528 2620 Nibinianus,
2583 2555 2862 2623 Pelagius,
2917 2555 3180 2608 Julianus
3233 2554 3568 2619 Edanensis,
3623 2551 3842 2606 Cazlesli-

2164 2658 2294 2706 nus,
2327 2643 2720 2709 Maximianus,
2773 2643 3158 2703 Priscillianus
3191 2643 3261 2697 ab
3292 2643 3596 2712 Hispania,
3629 2643 3840 2711 Lampe-

2167 2729 2314 2796 dius,
2361 2731 2683 2798 Dioscorus,
2737 2731 3067 2801 Eutychins,
3116 2733 3317 2785 Petrus
3363 2737 3418 2784 et
3451 2731 3599 2786 alius
3643 2732 3839 2795 Petrus,

2167 2833 2197 2870 e
2229 2818 2438 2888 quibus
2489 2835 2634 2871 unus
2667 2819 3091 2885 Alexandriam,
3146 2821 3294 2873 alius
3336 2819 3699 2874 Antiochiam
3737 2833 3840 2871 ma-

354 2910 564 2980 quibus
612 2906 906 2961 Manichasi
937 2910 1198 2971 utuntur,
1235 2902 1583 2974 apocrypha.
1619 2900 1923 2970 Evangelia
1948 2916 2051 2953 no-
2085 2913 2127 2968 ρ
2166 2906 2396 2972 culavit,
2457 2907 2731 2960 Achatius
2800 2908 3463 2978 Coustantinopolitanus
3531 2924 3660 2962 cum
3723 2922 3839 2960 con-

353 2999 509 3051 mine
573 2993 992 3061 Barthol'omaei,
1067 2992 1396 3062 apocrypha
1452 2989 1758 3060 Evangelia
1817 2989 2049 3042 nomine

352 3087 594 3139 Andreze
638 3082 903 3154 apostoli,
937 3081 1280 3150 apocrypha.
1322 3078 1624 3148 Evangelia
1655 3094 1784 3147 qua:
1829 3076 2053 3130 falsavit

355 3173 654 3237 Lucianus,
685 3170 1030 3240 apocrypha.
1071 3167 1375 3237 Evangelia
1406 3182 1534 3236 quas
1558 3166 1784 3219 falsavit
1813 3166 2048 3231 Vsicius,

353 3260 697 3332 apocrypha.
737 3259 900 3312 Liber
930 3258 999 3311 de
1032 3255 1275 3308 infantia
1315 3255 1636 3320 Salvatoris,
1669 3253 2047 3324 apocryphus.

352 3351 518 3403 Liber
549 3349 619 3402 de
667 3347 966 3401 Nativitate
1014 3342 1345 3406 Salvatoris,
1378 3348 1433 3394 et
1473 3341 1542 3395 de
1579 3342 1770 3407 Maria,
1824 3342 1912 3394 vel
1944 3341 2051 3395 ob-

353 3437 599 3504 stetrice,
651 3434 1032 3505 apocryphus.
1083 3430 1251 3484 Liber
1282 3429 1381 3498 qui
1429 3429 1750 3498 appellatur
1783 3429 2048 3496 Pastoris,

353 3526 733 3596 apocryphus.
770 3521 924 3576 Libri
957 3535 1160 3572 omnes
1191 3534 1336 3588 quos
1375 3517 1506 3570 fecit
1539 3517 1768 3570 Leutius
1797 3517 2050 3587 discipu-

352 3615 442 3668 lus
472 3613 710 3679 diaboli,
753 3608 1086 3680 apocryphi.
1128 3606 1291 3660 Liber
1331 3605 1428 3677 qui
1466 3606 1792 3676 appellatur
1826 3607 2050 3660 Funda-

353 3708 636 3766 mentum,
688 3699 1074 3768 apocryphus.
1110 3695 1276 3749 Liber
1311 3693 1410 3764 qui
1457 3694 1780 3764 appellatur
1807 3694 2052 3747 Thesau-

352 3808 469 3857 rus,
504 3785 884 3859 apocryphus.
923 3785 1087 3839 Liber
1115 3784 1184 3837 de
1214 3782 1440 3836 ﬁliabus
1469 3782 1856 3852 Adelgenesis,
1903 3798 2050 3852 apo-

351 3879 618 3950 cryphus.
669 3874 1086 3930 Centimetrum
1135 3872 1204 3925 de
1253 3871 1476 3926 Christo
1519 3870 1843 3940 Virgilianis
1887 3887 2050 3925 com-

239 4015 242 4018 .
351 3968 688 4036 paginatum
735 3963 1009 4028 versibus,
1062 3961 1474 4030 apocryphum.
1529 3959 1693 4012 Liber
1723 3959 1823 4028 qui
1851 3960 2049 4028 appel-

349 4056 504 4108 latur
532 4058 703 4107 Actus
731 4051 909 4104 Teclaa
941 4055 998 4103 et
1027 4048 1208 4110 Pauli,
1233 4046 1609 4116 apocryphus.
1641 4047 1805 4100 Liber
1831 4048 1930 4118 qui
1959 4063 2050 4117 ap-

353 4145 602 4214 pellatur
643 4140 894 4208 Nepotis,
954 4135 1336 4206 apocryphus.
1394 4135 1560 4188 Liber
1606 4136 2046 4189 Proverbiorum

352 4232 421 4285 ab
469 4228 750 4285 haereticis
796 4225 1174 4293 conscriptus,
1221 4228 1276 4276 et
1307 4223 1485 4276 sancti
1518 4223 1658 4277 Sixti
1706 4223 1940 4278 nomine
1973 4225 2047 4279 si-

352 4325 581 4388 gnatus,
615 4313 997 4385 apocryphus.
1033 4311 1321 4365 Revelatio
1347 4328 1473 4382 quze
1511 4312 1834 4382 appellatur
1864 4313 2045 4381 Pauli,

353 4405 696 4476 apocrypha.
731 4401 1024 4455 Revelatio
1066 4415 1191 4470 qua:
1245 4401 1567 4470 appellatur
1613 4401 1860 4466 Thomm,
1909 4417 2048 4471 apo-

352 4493 592 4562 crypha.
638 4488 925 4544 Revelatio
967 4503 1096 4557 qua:
1128 4488 1447 4556 appellatur
1471 4485 1765 4556 Stephani,
1808 4503 2049 4558 apocry-

353 4581 486 4651 pha.
531 4579 698 4633 Liber
743 4577 842 4646 qui
890 4576 1211 4646 appellatur
1239 4575 1531 4629 Transitus
1581 4580 1789 4628 sancta:
1834 4575 2046 4642 Mariae,

352 4668 728 4738 apocryphus.
783 4665 948 4719 Liber
976 4665 1076 4736 qui
1109 4665 1433 4733 appellatur
1475 4663 1813 4718 Pmnitentia
1841 4665 2044 4730 Adam,

349 4757 727 4827 apocryphus.
790 4754 957 4808 Liber
995 4753 1065 4808 de
1105 4751 1259 4823 Ogiaa
1315 4751 1548 4806 nomine
1606 4751 1886 4822 Gigantis,
1946 4754 2046 4824 qui

350 4850 477 4916 post
523 4843 805 4898 diluvium
855 4858 986 4896 cum
1033 4841 1281 4895 dracone
1312 4841 1382 4893 ab
1426 4841 1712 4894 haereticis
1757 4856 2045 4911 pugnasse

350 4933 705 5005 perhibetur,
751 4930 1128 5002 apocryphus.
1169 4929 1334 4983 Liber
1364 4930 1464 4999 qui
1493 4930 1820 4999 appellatur
1849 4930 2046 4984 Testa-

347 5028 610 5076 mentum
654 5021 781 5085 Job,
813 5019 1192 5090 apocryphus.
1229 5017 1397 5072 Liber
1437 5017 1539 5087 qui
1569 5018 1893 5088 appellatur
1919 5019 2041 5071 Poe-

346 5111 594 5165 nitentia
637 5109 918 5180 Origenis,
953 5107 1330 5177 apocryphus.
1381 5106 1548 5160 Liber
1579 5105 1679 5176 qui
1719 5107 2046 5176 appellatur

347 5197 688 5252 Ptenitentia
736 5198 915 5252 sancti
965 5195 1255 5266 Cypriani,
1307 5195 1684 5264 apocryphus.
1731 5195 1900 5248 Liber
1944 5195 2045 5264 qui

347 5287 672 5357 appellatur
720 5288 937 5340 lamna:
986 5290 1043 5339 et
1088 5284 1375 5348 Mambne,
1439 5283 1820 5353 apocryphus.
1876 5284 2044 5338 Liber

345 5375 445 5446 qui
477 5375 799 5445 appellatur
840 5373 968 5429 Sors
999 5373 1416 5442 apostolorum,
1458 5371 1842 5441 apocryphus.
1875 5371 2044 5426 Liber

348 5465 496 5518 Lusa
539 5462 800 5534 apostoli,
847 5462 1228 5532 apocryphus.
1281 5458 1436 5514 Libri
1467 5455 1722 5513 canones
1752 5459 2038 5530 apostolo-

2164 2993 2411 3047 sortibus
2465 2995 2606 3061 suis,
2653 3011 2874 3049 necnon
2910 3003 2967 3050 et
3011 3013 3210 3050 omnes
3264 2997 3516 3050 haereses
3565 3012 3703 3066 quas
3745 2994 3841 3065 ipsi

2163 3097 2478 3152 eorumque
2528 3083 2812 3153 discipuli,
2858 3084 2973 3137 sive
3004 3085 3346 3139 schismatici
3389 3085 3727 3152 docuerunt,
3768 3083 3842 3135 vel

2162 3171 2642 3242 conscripserunt,
2697 3189 2944 3242 quorum
2976 3174 3210 3227 nomina
3251 3173 3493 3227 minime
3526 3173 3839 3236 retinemus,

2161 3274 2278 3312 non
2311 3260 2498 3314 solum
2528 3261 2846 3330 repudiata,
2891 3262 3269 3315 verumetiam
3296 3262 3366 3315 ab
3391 3261 3558 3316 omni
3589 3259 3842 3315 catholica

2163 3347 2420 3401 Romana
2449 3349 2692 3402 Ecclesia
2736 3349 3054 3418 eliminata,
3095 3355 3268 3420 atque
3300 3367 3428 3404 cum
3463 3351 3584 3404 suis
3615 3347 3841 3403 auctori-

2161 3435 2289 3499 bus,
2341 3442 2756 3507 auctorumque
2805 3438 3143 3509 sequacibus
3193 3440 3296 3493 sub
3345 3439 3724 3494 anathematis
3767 3437 3840 3490 in-

2161 3523 2482 3578 dissolubili
2512 3524 2761 3592 vinculo,
2785 3525 2844 3580 in
2876 3532 3159 3581 aeternum
3181 3527 3530 3581 conﬁtemur
3559 3544 3677 3581 esse
3708 3527 3844 3581 dam-

2163 3616 2314 3664 nata.

2162 3715 2294 3770 CAP.
2346 3717 2584 3771 CCXXII.
2621 3747 2682 3757 -—
2718 3718 2971 3790 Quando,
3016 3724 3064 3774 et
3105 3735 3208 3788 quo
3239 3725 3474 3790 tempore
3528 3721 3658 3775 libri
3707 3721 3840 3773 Vete—

2472 3791 2551 3841 ris
2577 3793 2627 3840 et
2653 3790 2789 3844 Novi
2824 3789 3153 3844 Testamenti
3181 3789 3394 3859 legendi
3415 3794 3550 3846 sint.

2235 3876 2298 3928 In
2353 3875 2784 3946 Septuagesima
2844 3884 3068 3948 ponunt
3120 3880 3513 3949 Heptaticum,
3569 3895 3743 3950 usque
3789 3877 3839 3929 in

2161 3963 2244 4017 XV
2303 3964 2456 4018 diem
2525 3969 2654 4018 ante
2722 3966 2954 4018 Pascha.
3006 3967 3094 4021 XV
3137 3966 3228 4020 die
3295 3973 3425 4023 ante
3478 3969 3692 4022 Pascha
3752 3981 3838 4037 po-

2161 4055 2307 4103 nunt
2375 4051 2741 4118 Hieremiam,
2809 4069 2990 4123 usque
3064 4053 3126 4108 in
3187 4071 3409 4110 coenam
3478 4055 3726 4110 Domini.
3787 4054 3838 4106 In

2161 4153 2321 4192 coena
2352 4139 2580 4192 Domini
2630 4141 2831 4209 legunt
2858 4146 2971 4195 tres
3003 4142 3278 4197 lectiones
3309 4145 3377 4198 de
3422 4143 3836 4198 Lamentatione

2162 4225 2464 4281 Hieremias
2498 4245 2510 4280 :
2546 4227 2843 4291 Quomodo
2888 4231 3044 4284 sedet
3074 4231 3194 4285 sola
3241 4232 3459 4298 civitas,
3511 4238 3618 4287 etc.
3653 4233 3714 4286 Et
3739 4237 3837 4283 tres

2157 4315 2225 4368 de
2254 4320 2498 4369 tractatu
2530 4317 2710 4370 sancti
2737 4317 3043 4387 Augustini
3076 4319 3135 4372 in
3158 4321 3382 4375 Psalmo
3403 4322 3564 4376 LXIII
3591 4316 3833 4378 :Exaudi,

2158 4404 2326 4470 Deus,
2381 4405 2702 4459 orationem
2751 4423 2938 4460 meam
2985 4423 3118 4461 cum
3165 4409 3456 4480 deprecor.
3511 4411 3580 4463 Et
3628 4414 3734 4462 tres
3775 4406 3836 4459 de

2155 4493 2453 4560 Apostolo,
2505 4494 2605 4546 ubi
2662 4495 2743 4548 ait
2789 4494 2860 4548 ad
2909 4495 3237 4550 Corinthios
3294 4511 3307 4550 :
3370 4494 3836 4551 Convenientibus

2156 4580 2317 4634 vobis
2342 4583 2402 4634 in
2450 4597 2652 4635 unum.
2695 4583 2952 4636 Secunda
2996 4584 3165 4638 lectio
3197 4585 3274 4638 sic
3301 4584 3507 4654 incipit
3539 4601 3553 4639 :
3584 4582 3838 4639 Similiter

2155 4673 2462 4738 postquam
2518 4671 2781 4724 coenavit.
2837 4671 3070 4725 Tertia:
3108 4673 3187 4726 De
3235 4672 3592 4742 spiritalibus
3639 4676 3833 4730 autem,

2155 4757 2423 4811 nolumus
2476 4775 2574 4812 vos
2625 4759 2918 4829 ignorare,
2977 4760 3198 4817 fratres.
3259 4761 3323 4814 In
3370 4762 3676 4815 Parasceve
3737 4763 3836 4811 tres

2153 4843 2426 4899 lectiones
2493 4847 2560 4900 de
2619 4847 3050 4901 Lamentatione
3113 4847 3428 4905 Hieremiae.
3489 4851 3556 4904 Et
3608 4853 3715 4901 tres
3773 4844 3833 4898 de

2156 4936 2401 4987 tractatu
2431 4935 2612 4988 sancti
2641 4936 2947 5006 Augustini
2979 4937 3040 4989 in
3072 4938 3294 4991 Psalmo
3331 4938 3511 4991 LXIII.
3548 4939 3614 4991 Et
3639 4943 3747 4990 tres
3773 4932 3833 4986 de

2153 5024 2448 5091 Apostolo,
2494 5023 2593 5077 ubi
2639 5023 2718 5078 ait
2749 5025 2811 5078 in
2858 5025 3096 5095 epistola
3144 5026 3216 5080 ad
3247 5026 3512 5080 Hebraeos
3546 5043 3559 5079 :
3598 5022 3829 5078 Festine-

2153 5122 2281 5161 mus
2338 5110 2567 5180 ingredi
2625 5111 2684 5164 in
2741 5111 2899 5165 illam
2960 5113 3242 5184 requiem.
3311 5114 3574 5168 Secunda
3634 5110 3826 5166 lectio:

2153 5196 2351 5251 Omnis
2407 5214 2657 5269 namque
2713 5200 2991 5268 pontifex.
3042 5201 3228 5255 Tertia
3267 5217 3279 5254 :
3326 5203 3406 5256 De
3455 5218 3573 5272 quo
3619 5196 3829 5270 grandis

2152 5285 2319 5339 nobis
2345 5303 2533 5341 sermo
2563 5293 2667 5341 est.
2719 5289 2782 5342 In
2813 5289 3059 5343 Sabbato
3088 5295 3284 5344 sancto
3314 5296 3428 5344 tres
3475 5290 3742 5344 lectiones
3769 5285 3827 5338 de

2150 5372 2581 5430 Lamentatione
2642 5375 2962 5432 Hieremiae.
3019 5377 3086 5432 Et
3115 5382 3228 5432 tres
3267 5379 3335 5433 de
3366 5384 3614 5433 tractatu
3665 5372 3827 5430 sancti

2148 5461 2455 5532 Augustini
2481 5462 2544 5520 in
2571 5465 2795 5520 Psalmo
2821 5467 2982 5521 LXIII
3010 5483 3023 5521 :
3052 5466 3285 5538 Exaudi,
3319 5467 3484 5536 Deus,
3520 5466 3822 5522 orationem
