4028 6190
229 344 339 396 721

1236 342 1705 401 DECRETORUM
1747 346 1935 402 LIBRI
1973 345 2080 399 XX.
2123 375 2195 385 —-
2234 348 2442 404 LIBER
2481 349 2802 406 TERTIUS.

3662 360 3769 411 722

220 480 431 521 meam
481 478 619 516 cum
680 462 979 531 deprecor.
1034 463 1100 515 Et
1128 467 1245 517 tres
1299 465 1367 518 de
1401 470 1691 537 Apostolo,
1733 469 1833 523 ubi
1873 468 1955 521 ait
1984 468 2030 520 A
2068 482 2186 536 cap.
2222 471 2333 541 32.)
2383 472 2749 543 Quaecunque
2790 472 3025 526 ecclesia
3056 490 3089 526 a
3132 475 3526 544 compluribus
3573 477 3764 531 cohae-

223 556 288 609 in
339 553 596 623 epistola
650 551 723 604 ad
782 549 1053 604 Hebraeos
1088 566 1099 604 :
1134 552 1391 607 Christus
1448 557 1712 610 assistens
1762 556 1956 627 ponti-

223 646 342 699 fex.
398 640 668 696 Secunda
715 639 931 692 lectio:
972 638 1074 692 Ubi
1126 641 1279 693 enim
1330 644 1776 700 Testamentum.
1819 646 1959 698 Ter-

222 734 309 787 tia
356 749 367 785 :
419 730 696 785 Umbram
748 728 903 780 enim
961 726 1206 793 habens,
1257 730 1343 782 lex
1395 731 1674 786 bonorum
1730 734 1956 787 futuro-

222 838 383 877 rum.
423 822 487 873 ln
524 817 732 873 Pascha
766 816 1025 881 Domini,
1080 818 1359 871 Homilias
1389 820 1455 872 de
1489 820 1607 890 ipsa
1638 822 1728 875 die
1770 820 1957 891 perti-

224 916 456 966 nentes.
524 906 676 961 Inira
738 904 1198 973 hebdomadam,
1260 909 1554 961 Ilomilias.
1618 911 1675 963 In
1731 915 1955 963 octavas

226 999 462 1071 pascha:
532 1000 753 1066 ponunt
826 996 1006 1047 Actus
1073 997 1489 1063 apostolorum.
1561 1000 1625 1052 Et
1687 999 1956 1070 epistolas

228 1086 562 1149 canonicas,
600 1089 655 1137 et
690 1082 1107 1153 Apocalypsin,
1166 1100 1349 1155 usque
1382 1085 1441 1139 in
1473 1094 1696 1141 octavas
1747 1090 1953 1141 Pente-

229 1182 437 1230 costes.
496 1174 559 1226 In
616 1172 822 1225 octavis
891 1172 1265 1225 Pentecostes
1328 1181 1554 1242 ponunt
1617 1178 1839 1245 Regum
1896 1179 1955 1227 et

231 1263 713 1331 Paralipomenon
759 1275 945 1329 usque
997 1259 1055 1311 in
1090 1260 1323 1315 Calend.
1360 1264 1620 1332 Augusti.
1658 1266 1718 1317 In
1756 1261 1949 1316 Domi-

231 1354 367 1408 nica
430 1348 614 1420 prima
675 1348 885 1400 mensis
954 1348 1206 1414 Augusti
1264 1356 1493 1418 ponunt
1538 1351 1948 1417 Salomonem,

234 1455 424 1509 usque
453 1437 512 1490 in
559 1435 791 1489 Calend.
852 1434 1237 1503 Septembris.
1292 1439 1354 1490 In
1411 1439 1710 1492 Dominica
1762 1438 1950 1508 prima

236 1523 592 1596 Septembris
637 1528 860 1593 ponunt
918 1523 1041 1585 Job,
1088 1524 1353 1590 Tobiam,
1404 1528 1628 1593 Hester,
1685 1531 1741 1580 et
1789 1528 1947 1593 Ezra,

236 1631 423 1684 usque
452 1614 507 1666 in
535 1611 759 1666 Calend.
805 1610 1089 1664 Octobris.
1129 1614 1197 1665 In
1234 1614 1535 1667 Dominica
1564 1615 1756 1684 prima
1787 1630 1947 1667 men-

239 1703 322 1757 sis
375 1700 618 1755 Octobris
676 1703 896 1767 ponunt
950 1700 1445 1767 Machabaeorum,
1507 1718 1693 1773 usque
1744 1702 1807 1754 in
1854 1703 1951 1756 Ca-

238 1790 439 1845 lendas
490 1787 833 1843 Novembris.
884 1788 945 1839 In
988 1789 1291 1843 Dominica
1347 1790 1539 1861 prima
1578 1790 1797 1844 mensis
1846 1791 1952 1843 No-

238 1878 483 1933 vembris
520 1880 737 1947 ponunt
771 1876 1147 1941 Ezechielem,
1199 1883 1254 1931 et
1290 1878 1621 1947 Danielem,
1668 1882 1729 1931 et
1776 1878 1953 1931 mino-

238 1985 331 2023 res
379 1967 699 2038 Prophetas,
750 1981 925 2036 usque
972 1966 1031 2019 in
1082 1966 1323 2023 Calend.
1380 1968 1660 2022 Decemb.
1723 1968 1793 2021 In
1849 1967 1955 2020 Do-

240 2057 446 2112 minica
502 2055 687 2126 prima
744 2054 953 2108 mensis
1010 2056 1359 2121 Decembris,
1424 2060 1665 2126 ponunt
1730 2054 1954 2111 Esaiam

240 2146 576 2217 prophetam
630 2160 808 2214 usque
871 2143 929 2196 in
984 2144 1243 2197 Natalem
1306 2144 1557 2198 Domini.
1628 2147 1701 2199 In
1762 2143 1957 2215 vigilia

244 2234 449 2289 Natalis
492 2233 716 2287 Domini
746 2233 945 2303 legunt
973 2234 1223 2302 primum
1268 2232 1337 2286 de
1368 2234 1535 2286 Esaia
1590 2238 1725 2289 tres
1762 2234 1956 2289 lectio-

241 2339 359 2376 nes.
396 2322 581 2376 Prima
610 2321 774 2374 lectio
809 2338 821 2374 :
861 2320 1049 2374 Primo
1076 2325 1335 2390 tempore
1371 2321 1647 2375 alleviata
1685 2327 1778 2375 est
1808 2327 1956 2377 terra

241 2412 506 2466 Zabulon.
550 2410 807 2464 Secunda
840 2426 852 2463 :
889 2408 1292 2463 Consolamini.
1340 2409 1528 2462 Tertia
1566 2427 1579 2463 :
1621 2411 1955 2482 Consurge,

241 2516 534 2570 consurge.
586 2499 798 2553 Deinde
850 2499 1123 2569 leguntur
1168 2497 1470 2551 Sermones
1526 2500 1621 2552 vel
1678 2501 1956 2556 Homiliie

242 2591 309 2644 ad
344 2591 528 2660 ipsum
560 2588 706 2641 diem
738 2587 1108 2657 pertinentes.
1143 2587 1205 2639 In
1235 2585 1418 2639 Natali
1449 2587 1636 2639 sancti
1670 2588 1955 2660 Stephani

240 2678 498 2733 Homilies
545 2678 612 2731 de
641 2677 762 2747 ipso
796 2676 908 2730 die.
948 2676 1011 2728 ln
1037 2674 1209 2728 natali
1256 2673 1439 2727 sancti
1466 2674 1716 2728 Joannis
1751 2678 1951 2732 simili-

239 2772 349 2822 ter.
382 2769 445 2821 In
476 2767 651 2819 natali
700 2768 1077 2820 lnnocentum
1128 2762 1412 2816 similiter.
1446 2763 1512 2815 In
1556 2769 1793 2819 octavas
1843 2768 1951 2821 Do-

238 2856 385 2912 mini
418 2854 676 2910 Homiliaa
731 2854 800 2907 de
839 2852 974 2921 ipso
1008 2851 1116 2904 die.
1160 2852 1224 2904 In
1272 2849 1569 2904 Dominica
1601 2854 1795 2921 prima
1826 2860 1954 2925 post

238 2946 492 2999 natalem
559 2942 787 2996 Domini
851 2942 1155 3010 ponuntur
1231 2938 1487 3009 epistola:
1543 2940 1707 2993 Pauli
1765 2960 1948 3015 usque

2070 557 2301 612 redibus
2357 560 2429 613 sit
2481 562 2732 625 obsessa,
2792 562 3117 627 concordia,
3176 564 3554 617 unanimitate
3600 566 3768 618 undi-

2068 661 2179 716 que
2230 655 2588 718 procuretur,
2653 666 2723 702 ne
2755 655 2992 719 propter
3044 652 3264 722 aliquas
3322 652 3766 722 disceptationes

2068 735 2363 789 servitium
2416 737 2515 791 Dei
2556 737 2868 803 minuatur,
2924 742 2979 789 et
3022 754 3157 791 cura
3199 740 3397 808 populi
3444 740 3766 809 irreligioso

2067 827 2287 891 agatur.
2342 824 2397 878 Si
2430 842 2559 878 vero
2593 826 2887 894 contingat
2934 842 3037 895 pro
3076 842 3142 879 ea
3187 827 3623 898 comparticipes
3656 828 3767 881 dif-

2064 909 2263 979 ﬁdere,
2298 915 2355 965 et
2398 914 2501 967 sub
2531 930 2646 966 uno
2698 914 3026 984 presbytero
3063 916 3212 967 nolle
3262 932 3387 967 eam
3426 932 3758 985 procurare,

2065 1002 2120 1051 et
2169 1004 2471 1071 propterea
2511 1002 2705 1071 jurgia
2735 1008 2793 1055 et
2822 1002 3215 1057 contentiones
3265 1009 3381 1056 tam
3430 1004 3579 1056 inter
3608 1004 3761 1074 ipsos

2064 1102 2237 1157 quam
2295 1090 2446 1143 inter
2498 1090 2736 1143 clericos
2792 1090 3071 1159 incipiant
3127 1092 3488 1161 frequentare
3534 1108 3547 1144 :
3601 1092 3756 1160 quia,

2056 1175 2217 1244 juxta
2260 1178 2620 1246 Apostolnm,
2655 1194 2844 1231 servos
2900 1178 3001 1231 Dei
3056 1194 3174 1231 non
3234 1184 3461 1248 oportet
3511 1178 3756 1248 litigare,

2061 1262 2361 1332 episcopus
2409 1264 2570 1317 tollat
2617 1264 2748 1317 inde
2802 1264 3094 1334 reliquias,
3138 1268 3195 1317 et
3233 1266 3335 1317 sub
3381 1280 3588 1333 magna
3622 1281 3759 1317 cura

2058 1350 2371 1405 honoriﬁce
2439 1354 2681 1405 collocet
2751 1369 2863 1417 eas,
2933 1359 3104 1422 atque
3176 1353 3432 1422 ejusdem
3504 1354 3757 1407 ecclesias

2061 1439 2292 1493 claudat
2323 1440 2486 1506 ostia,
2539 1445 2597 1492 et
2627 1441 2730 1493 sub
2762 1441 2949 1510 sigillo
2997 1442 3184 1511 signet
3214 1457 3297 1493 ea.
3331 1442 3395 1493 Et
3424 1446 3487 1494 ut
3531 1458 3754 1494 sacrum

2059 1528 2394 1596 mysterium
2428 1529 2617 1580 nullus
2656 1528 2901 1581 celebret
2931 1529 2989 1581 in
3034 1545 3099 1581 ea
3130 1534 3438 1597 antequam
3487 1530 3754 1582 concordi

2057 1616 2437 1669 unanimitate
2492 1632 2670 1669 unum
2717 1633 2915 1670 omnes
2947 1617 3164 1685 eligant
3192 1617 3605 1686 presbyterum,
3654 1618 3757 1687 qui

2059 1705 2303 1759 idoneus
2347 1705 2419 1757 sit
2460 1710 2883 1758 sacrosanctum
2937 1705 3126 1757 locum
3169 1720 3498 1774 procurare,
3544 1709 3600 1757 et
3642 1722 3755 1774 po-

2060 1793 2195 1862 pnlo
2225 1793 2325 1846 Dei
2355 1792 2575 1845 utiliter
2599 1808 2862 1862 praeesse.

2063 1858 2188 1935 CAP.
2244 1881 2479 1935 CCXXV.
2514 1858 2685 1963 —'D.e
2728 1858 3015 1962 altaribus,
3042 1880 3366 1963 ‘in‘quibus
3410 1894 3576 1933 sacra
3620 1880 3753 1933 reli-

2569 1956 2709 2018 quiae
2735 1968 2840 2005 non
2870 1956 3237 2004 inveniuntur.

2135 2023 2250 2091 (Ea:
2278 2021 2464 2076 concil.
2518 2021 2806 2086 Africano,
2853 2038 2971 2089 cap.
3015 2022 3121 2087 50.)
3171 2018 3383 2074 Altaria
3432 2020 3490 2074 in
3544 2020 3752 2091 quibus

2064 2126 2324 2180 corpora,
2375 2110 2461 2163 vel
2508 2110 2767 2180 reliquiae
2816 2114 3133 2178 martyrum
3176 2124 3290 2161 non
3332 2125 3451 2161 esse
3502 2108 3752 2178 proban-

2064 2203 2175 2265 tur,
2206 2199 2275 2252 ab
2307 2198 2588 2268 episcopis
2619 2198 2870 2267 ejusdem
2903 2196 3014 2250 loci
3044 2199 3428 2250 destruantur.

2067 2286 2192 2340 CAP.
2228 2284 2490 2340 CCXXVI.
2528 2314 2595 2323 —
2635 2288 2699 2339 1n
2746 2286 2915 2338 altari
2960 2286 3019 2337 in
3067 2298 3169 2350 quo
3215 2283 3491 2350 cpiscopus
3530 2283 3753 2334 missam

2136 2355 2384 2421 celebrat,
2427 2372 2483 2409 eo
2530 2356 2618 2409 die
2662 2356 2941 2424 presbyter
2996 2356 3163 2407 aliam
3208 2355 3407 2406 iterare
3460 2367 3564 2404 non
3610 2368 3753 2419 prae-

2136 2432 2342 2482 sumat.

2137 2444 2342 2483 sumat.

2137 2499 2243 2569 (Ea:
2272 2497 2459 2553 concil.
2518 2497 2745 2565 Urbica.)
2783 2497 2891 2549 Nec
2926 2495 2984 2548 in
3033 2494 3218 2560 altari,
3262 2494 3319 2545 in
3354 2510 3466 2563 quo
3517 2492 3751 2546 missam

2064 2587 2364 2657 episcopus
2413 2586 2675 2652 cantavit,
2728 2585 3022 2655 presbyter
3067 2599 3133 2635 eo
3185 2582 3275 2635 die
3324 2582 3555 2635 missam
3604 2582 3751 2636 cele-

2064 2676 2227 2729 brare
2257 2679 2587 2745 prmsumat.

2064 2766 2189 2819 CAP.
2229 2763 2514 2818 CCXXVII.
2546 2790 2619 2802 —
2670 2764 2735 2815 Ut
2774 2764 2832 2814 in
2862 2761 3125 2815 oblatione
3155 2761 3393 2827 corporis
3441 2764 3489 2813 et
3518 2763 3753 2825 sangui-

2354 2836 2438 2887 nis
2470 2835 2682 2887 Domini
2710 2835 2980 2886 incensum
3016 2833 3220 2899 imponi
3248 2830 3449 2883 debeat.

2135 2925 2241 2994 (Ea:
2267 2940 2411 2977 conc.
2444 2923 2781 2989 Rothomag.,
2816 2938 2933 2990 cap.
2964 2923 3030 2987 t.)
3068 2921 3132 2974 Ut
3156 2926 3413 2988 tempore
3437 2935 3549 2987 quo
3577 2920 3752 2972 Evan-

239 3032 754 3104 Septuagesimam.
827 3007 891 3083 In
954 3007 1284 3098 Epiphania
1353 3026 1624 3080 lectiones
1692 3034 1808 3085 tres
1853 3007 1952 3089 ’ἀει
1986 3022 2026 3078 C
2066 3014 2279 3084 Selium
2312 3012 2537 3104 ιεείευτ,
2566 3008 3175 3104 θυίωίίυθ-(ξίῖξεῗποῖίξξτ
3203 3007 3754 3104 δΡΡθΓ-οδ-Ῑίηίοηέφ

243 3122 426 3177 Esaia.
490 3121 679 3175 Prima
739 3118 910 3172 lectio
974 3116 1052 3169 sic
1110 3115 1313 3186 incipit
1355 3132 1367 3167 :
1404 3116 1613 3169 Omnes
1672 3119 1947 3177 sitientes.

243 3210 521 3275 Secunda,
573 3210 778 3278 Surge,
831 3205 1181 3259 illuminare.
1234 3202 1447 3269 Tertia,
1502 3205 1764 3261 Gaudens
1804 3226 1952 3278 gau-

243 3300 413 3355 debo.
478 3298 687 3352 Deinde
747 3297 1022 3365 leguntur
1068 3294 1373 3347 Sermones
1431 3293 1515 3345 vel
1575 3294 1832 3351 Homiliae
1880 3300 1949 3354 ad

243 3390 434 3460 ipsum
465 3388 613 3442 diem
648 3385 1020 3457 pertinentes.

246 3495 378 3549 CAP.
410 3493 684 3547 CCXXIII.
718 3521 788 3530 —
828 3491 905 3543 De
952 3490 1207 3555 vasculis,
1256 3487 1452 3557 quibus
1501 3492 1761 3555 mysteria
1788 3506 1950 3547 sacra

907 3560 1169 3623 conﬁciun
1179 3566 1283 3613 tur.

316 3654 436 3723 (Em
480 3653 666 3706 concil.
728 3650 950 3704 Tribur.
1004 3652 1093 3702 cui
1143 3650 1400 3715 interfuit
1450 3662 1549 3699 rea:
1608 3648 1944 3719 Arnolphus,

240 3759 368 3811 cap.
405 3742 480 3813 9.)
522 3742 663 3794 Vasa
725 3738 938 3809 quibus
994 3742 1352 3791 sacrosancta
1397 3735 1780 3789 conficiuntur
1823 3756 1944 3810 my-

240 3829 436 3893 steria,
483 3829 681 3882 calices
714 3831 853 3881 sunt
885 3830 941 3879 et
984 3831 1227 3895 patente.
1266 3827 1343 3879 De
1384 3823 1594 3895 quibus
1618 3824 1944 3882 Bonifacius

241 3923 458 3988 martyr
521 3922 576 3971 et
659 3917 965 3986 episcopus
1026 3914 1437 3982 interrogatus,
1507 3913 1553 3965 si
1617 3912 1814 3967 liceret
1884 3917 1940 3970 in

241 4006 482 4059 vasculis
542 4005 745 4076 ligneis
809 4007 1169 4057 sacramenta
1222 4003 1525 4067 conficere,
1592 4002 1936 4071 respondit:

238 4093 537 4157 Quondam
571 4092 890 4145 sacerdotes
932 4090 1092 4143 aurei
1141 4090 1345 4159 ligneis
1391 4090 1660 4143 calicibus
1692 4090 1939 4145 uteban-

234 4187 335 4236 tur
367 4199 377 4235 :
414 4199 565 4236 nunc
613 4186 843 4235 econtra
878 4179 1057 4249 lignei
1106 4180 1428 4232 sacerdotes
1477 4178 1663 4231 aureis
1698 4183 1941 4234 utuntur

235 4271 525 4325 calicibus.
576 4269 925 4340 Zepherinus
954 4269 1089 4327 XVI.
1134 4269 1426 4321 Romanus
1471 4267 1792 4337 episcopus,
1827 4284 1935 4337 pa-

237 4359 390 4412 tenis
420 4359 611 4412 vitreis
647 4358 847 4410 missas
882 4356 1169 4409 celebrare
1198 4355 1505 4408 constituit.
1542 4356 1699 4407 Tunc
1728 4355 1934 4411 deinde

241 4448 508 4502 Urbanus
564 4446 819 4501 decimus
876 4449 1107 4498 octavus
1162 4460 1313 4514 papa
1380 4444 1572 4497 omnia
1619 4444 1939 4500 ministeria

237 4552 398 4589 sacra
445 4536 575 4589 fecit
626 4538 915 4605 argentea.
952 4535 1015 4586 In
1046 4534 1155 4586 hoc
1198 4533 1377 4600 enim,
1420 4532 1563 4586 sicut
1608 4537 1663 4585 et
1694 4532 1752 4586 in
1799 4535 1937 4588 reli-

238 4624 371 4696 quis
437 4624 681 4679 cultibus
744 4623 928 4692 magis
982 4626 1039 4675 et
1104 4622 1288 4691 magis
1348 4638 1453 4691 per
1516 4622 1937 4677 incrementum

238 4718 567 4782 temporum
641 4712 811 4765 decus
895 4710 1175 4763 succrevit
1254 4710 1650 4763 Ecclesiarum.
1722 4712 1937 4765 Nostris

240 4801 395 4856 enim
455 4799 676 4863 diebus,
734 4799 832 4869 qui
895 4798 1037 4851 servi
1099 4797 1525 4867 patrisfamilias
1583 4815 1801 4865 sumus,
1864 4817 1936 4853 ne

238 4892 412 4945 decus
461 4889 659 4943 matris
711 4887 970 4941 Ecclesiae
1026 4887 1425 4952 imminuatur,
1477 4887 1572 4940 sed
1603 4888 1783 4956 magis
1833 4905 1935 4942 cu-

239 4979 495 5032 muletur
561 4982 616 5030 et
684 4975 1083 5047 ampliﬁcetur,
1159 4974 1465 5027 statuimus
1538 4978 1603 5028 ut
1671 4975 1936 5045 deinceps

239 5068 433 5121 nullus
484 5066 742 5119 sacerdos
774 5080 997 5118 sacrum
1046 5062 1378 5132 mysterium
1411 5064 1666 5133 corporis
1713 5069 1769 5117 et
1800 5082 1938 5118 san-

240 5156 434 5227 guinis
461 5158 593 5210 Jesu
632 5154 840 5208 Christi
876 5153 1105 5208 Domini
1136 5151 1314 5204 nostri
1348 5151 1403 5203 in
1444 5152 1651 5220 ligneis
1697 5154 1935 5207 vasculis

240 5246 361 5299 ullo
393 5245 562 5298 modo
610 5244 889 5297 coniicere
922 5244 1255 5314 prmsumat,
1296 5256 1367 5294 ne
1411 5240 1563 5295 unde
1605 5242 1815 5311 placari
1845 5244 1935 5297 de-

238 5335 357 5399 bet,
390 5334 521 5388 inde
552 5334 828 5387 irascatur
859 5334 1025 5386 Deus.

241 5442 371 5496 CAP.
434 5440 693 5494 CCXXIV.
748 5468 807 5478 —
875 5442 947 5492 De
994 5438 1216 5491 ecclesia
1269 5452 1304 5488 a
1364 5436 1726 5504 compluribus
1773 5438 1935 5492 coha-

843 5510 1062 5563 redibus
1097 5508 1329 5561 obsessa.

320 5601 429 5669 (Ea:
487 5599 664 5653 eodem
740 5600 926 5653 concil.
984 5601 1073 5654 cui
1131 5597 1386 5664 interfuit
1438 5612 1539 5649 recc
1596 5598 1930 5667 Arnolphus,

2063 3104 2385 3169 incensum,
2418 3101 2478 3153 in
2528 3105 2771 3153 mortem
2803 3098 3069 3153 videlicet
3120 3096 3518 3167 Redemptoris
3548 3098 3747 3161 nostri,

2062 3196 2327 3261 ponatur,
2365 3189 2736 3244 decrevimus.

2062 3282 2189 3336 CAP.
2252 3280 2568 3335 CCXXVII].
2626 3309 2693 3317 —
2746 3279 2813 3331 Ut
2863 3278 3070 3345 quoties
3124 3275 3405 3329 basilicam
3462 3274 3535 3327 ad
3591 3290 3755 3342 quam

2133 3355 2246 3404 itur
2288 3353 2580 3420 praesentia
2626 3365 2774 3402 novae
2803 3348 2968 3415 plebis
3020 3348 3323 3415 impleverit
3371 3349 3522 3399 toties
3572 3350 3750 3400 sacri-

2130 3425 2314 3489 ﬁcium
2343 3422 2666 3487 subsequens
2697 3420 2976 3487 offeratur.

2133 3488 2237 3560 (Ea:
2277 3495 2433 3560 epist.
2484 3494 2674 3545 Leonis
2713 3505 2874 3558 papa
2918 3488 2990 3540 ad
3021 3490 3335 3541 Dioscorum
3380 3488 3747 3541 Alexandrin.

2058 3584 2364 3648 episcopum
2408 3582 2597 3645 missa,
2643 3594 2763 3647 cap.
2797 3580 2876 3644 2.)
2914 3577 2981 3629 Ut
3010 3581 3201 3629 autem
3236 3577 3294 3629 in
3342 3576 3606 3631 omnibus
3649 3578 3751 3630 ob-

2059 3668 2342 3721 servantia
2393 3673 2589 3720 nostra
2647 3665 2964 3727 concordet,
3013 3664 3150 3717 illud
3211 3681 3441 3735 quoque
3489 3665 3751 3717 volumus

2057 3756 2347 3821 custodiri,
2410 3761 2472 3807 ut
2529 3771 2659 3808 cum
2714 3752 3024 3806 solemnior
3078 3753 3355 3805 festivitas
3403 3761 3748 3806 conventum

2055 3846 2258 3915 populi
2307 3842 2719 3897 numerosioris
2762 3840 3047 3903 indixerit,
3104 3846 3157 3894 et
3188 3842 3255 3895 ad
3303 3841 3560 3893 eamdem
3593 3846 3749 3894 tanta

2055 3934 2315 3987 ﬁdelium
2365 3932 2677 3986 multitudo
2708 3929 3059 3994 convenerit,
3098 3946 3269 4000 quam
3300 3930 3552 3999 recipere
3596 3929 3746 3983 basi-

2053 4022 2158 4075 lica
2200 4037 2315 4075 una
2360 4037 2475 4074 non
2526 4020 2721 4089 possit,
2778 4018 3041 4072 sacrificii
3100 4019 3309 4072 oblatio
3354 4018 3749 4072 indubitanter

2051 4111 2310 4175 iteretur,
2357 4126 2430 4163 ne
2481 4110 2570 4164 his
2622 4114 2843 4162 tantum
2886 4108 3146 4162 admissis
3192 4108 3261 4161 ad
3306 4108 3453 4161 hanc
3493 4106 3743 4160 devotio-

2050 4216 2205 4264 nem,
2241 4198 2339 4269 qui
2391 4200 2547 4269 prius
2580 4198 2935 4262 advenerint,
2988 4197 3294 4251 videantur
3348 4197 3407 4249 hi
3451 4195 3550 4265 qui
3598 4200 3749 4264 post-

1964 4301 2010 4355 1)
2051 4288 2283 4342 modum
2318 4288 2698 4341 contluxerint
2740 4303 2856 4339 non
2890 4286 3126 4354 recepti,
3174 4302 3303 4338 cum
3348 4286 3583 4354 plenum
3626 4283 3745 4353 pie-

2048 4378 2179 4430 tatis
2210 4381 2381 4446 atque
2415 4376 2651 4430 rationis
2686 4377 2776 4440 sit,
2812 4381 2873 4429 ut
2904 4374 3128 4447 quoties
3160 4374 3450 4426 basilicam
3480 4373 3549 4426 ad
3575 4388 3747 4441 quam

2048 4464 2165 4518 itur
2196 4466 2503 4534 praesentia
2552 4481 2714 4518 nova:
2762 4464 2949 4533 plebis
2981 4462 3329 4531 impleverit,
3378 4462 3546 4515 toties
3579 4461 3748 4515 sacri-

2046 4554 2241 4607 ﬁcium
2290 4555 2644 4624 subsequens
2699 4552 2995 4607 offeratur.
3051 4553 3288 4605 Necesse
3344 4556 3428 4605 est
3469 4549 3644 4613 enim,
3689 4554 3749 4603 ut

2048 4643 2309 4713 quaedam
2378 4642 2575 4714 populi
2651 4657 2780 4712 pars
2844 4658 2947 4695 sua
2995 4641 3297 4695 devotione
3366 4640 3641 4708 privetur,
3701 4640 3749 4692 si

2045 4731 2218 4785 unius
2284 4734 2507 4785 tantum
2595 4730 2782 4783 missa:
2869 4746 3029 4784 more
3094 4732 3333 4787 servato,
3403 4726 3745 4780 sacriﬁcium

2047 4820 2251 4874 offerre
2298 4836 2414 4873 non
2470 4818 2711 4890 possint,
2760 4817 2868 4870 nisi
2926 4817 3112 4888 prima
3159 4816 3273 4870 diei
3326 4820 3488 4885 parte
3538 4831 3743 4869 conve-

2044 4908 2252 4962 nerint.

2046 4998 2172 5052 CAP.
2229 4996 2488 5052 CCXXIX.
2542 5027 2609 5035 —
2646 4998 2712 5049 Ut
2758 4996 2942 5048 nullus
2987 4993 3267 5063 presbyter
3318 4992 3534 5045 titulum
3581 5006 3744 5061 super

2258 5076 2265 5083 '
2472 5069 2688 5121 titulum
2710 5080 2974 5134 usurpare
2999 5067 3309 5131 praesumat.

2118 5158 2228 5219 (Ea:
2270 5156 2457 5207 concil.
2518 5152 2842 5222 Nannelen.)
2892 5154 2959 5206 Ut
2999 5150 3045 5204 si
3089 5149 3331 5219 quilibet
3379 5148 3737 5220 presbytero-

2046 5260 2171 5298 rum
2210 5243 2508 5297 defunctus
2539 5242 2730 5309 fuerit,
2764 5241 2982 5294 vicinus
3034 5238 3329 5308 presbyter
3358 5238 3508 5307 apud
3542 5238 3735 5292 senio-

2044 5348 2167 5386 rem
2216 5332 2544 5385 saecularem
2596 5331 2753 5383 nulla
2798 5327 3147 5396 precatione,
3196 5327 3280 5378 vel
3333 5326 3526 5391 aliquo
3566 5326 3733 5380 xeuio

2044 5418 2340 5474 ecclesiam
2387 5419 2545 5472 illam
2579 5418 2850 5483 obtineat,
2900 5415 3033 5485 quia
3079 5415 3277 5468 titulus
3331 5432 3434 5485 per
3483 5433 3540 5469 se
3570 5432 3734 5469 cons-

2045 5512 2201 5562 stans
2237 5512 2404 5560 antea
2452 5508 2679 5572 exstitit,
2719 5506 2813 5559 sed
2863 5519 3049 5574 neque
3099 5504 3376 5574 capellam
3427 5505 3547 5558 sine
3597 5520 3732 5556 con-

2044 5598 2196 5651 sultu
2225 5596 2498 5666 episcopi.
2530 5596 2690 5659 Quod
2734 5594 2781 5648 si
2808 5594 3023 5659 fecerit,
3057 5592 3351 5647 deﬁnitam
3391 5590 3731 5647 sententiam
