3976 6194
238 1662 244 1670 ,
341 1616 410 1670 ab
449 1615 560 1670 alio
589 1615 885 1686 episcopo,
918 1621 1018 1668 aut
1060 1615 1390 1685 presbytero
1421 1616 1799 1684 suppleantur
1827 1615 2035 1668 missa-

323 269 434 358 723
1398 303 1806 359 BURCHARDI
1842 277 2373 358 WORMACIENSIS
2409 300 2721 358 EPISCOPI
2736 340 2751 356 .
3672 316 3756 367 “ait

326 428 437 484 sibi
480 428 761 501 prolatam
793 428 1087 500 suscipiat,
1133 428 1297 482 sicuti
1338 428 1407 482 de
1453 428 1722 498 episcopo
1753 428 2027 483 canonica
2057 430 2102 483 Α
2139 427 2500 499 profuturam
2558 430 3004 496 nostrorumque
3056 425 3358 481 criminum
3411 428 3758 500 indulgentiam

329 519 580 574 decrevit
607 518 939 580 auctoritas,
990 523 1052 572 ut
1103 518 1150 571 si
1180 533 1283 588 per
1325 517 1701 571 ambitionem
1747 519 2027 588 majorem
2136 515 2558 586 deposcendum
2609 518 2738 569 est:
2774 514 2938 584 cujus
2979 514 3062 568 rei
3096 514 3156 568 in
3199 515 3484 586 Evangelia
3526 519 3630 588 ipse
3671 523 3762 576 Do-

330 608 614 662 civitatem
646 607 974 678 appetierit,
1009 611 1065 661 et
1093 607 1251 660 illam
1284 607 1487 677 perdat
1517 623 1691 676 quam
1735 607 1937 674 tenuit,
1972 612 2029 661 et
2137 605 2330 659 minus
2399 604 2563 658 nobis
2624 602 2781 658 dedit
2837 604 3184 673 exemplum.
3244 603 3349 658 Sed
3398 610 3449 658 et
3499 607 3766 678 Stephanus

329 697 489 751 illam
554 711 920 766 nequaquam
984 695 1257 762 obtineat,
1316 710 1489 765 quam
1552 710 1828 765 usurpare
1897 700 2028 749 ten-
2136 700 2375 764 martyr,
2435 699 2490 746 et
2542 693 2835 763 apostolus
2894 693 3102 745 Paulus
3154 691 3350 746 eadem
3406 694 3604 763 fecisse,
3654 697 3768 753 liber

330 785 491 840 tavit.
2136 787 2308 837 Actus
2361 783 2756 852 apostolorum
2819 780 2974 834 testis
3030 784 3138 847 est,
3196 796 3263 834 ex
3329 783 3522 852 quibus
3569 787 3769 857 intelligi

332 893 461 948 CAP.
515 891 744 946 ccxxx.
801 920 870 929 ___
932 891 997 943 Ut
1047 892 1327 960 episcopus
1373 894 1470 943 aut
1527 890 1826 958 presbyte,’
1875 896 2028 960 post-
2137 871 2323 936 datur,
2388 875 2650 960 oportere
2714 869 3100 960 Christianum
3164 869 3453 960 humiliter
3501 872 3554 924 in
3598 877 3770 930 terram

404 979 568 1032 quam
606 964 827 1015 missam
877 962 1156 1029 inceperit,
1202 957 1252 1015 et
1304 957 1598 1015 orationem
1651 957 1895 1028 diluerit,—
1921 964 2032 1015 nisi
2136 958 2447 1030 prosterni,
2501 974 2573 1011 ne
2616 957 2766 1012 forte
2797 959 2877 1009 il.i
2912 957 3180 1011 dicatur:
3211 958 3322 1011 Cur
3363 960 3632 1028 superbiat
3653 967 3772 1016 terra

399 1036 587 1104 passio
618 1034 819 1104 aliqua,
854 1034 1218 1104 intervenerit,
1271 1039 1566 1099 antequam
1604 1034 1874 1104 inceptum
1919 1036 2030 1086 mi—
2139 1053 2191 1101 et
2219 1047 2405 1100 ciuis?

405 1103 692 1158 nisterium
747 1103 1075 1171 adimpleat,
1125 1103 1194 1157 ab
1257 1105 1459 1158 altario
1509 1105 1608 1156 Dei
1662 1103 1810 1156 nullo
1875 1105 2031 1158 modo

405 1175 675 1229 discedere
703 1174 923 1227 audeat.

2162 1139 2268 1191 IAP.
2342 1135 2642 1190 CCXXXVI.
2710 1164 2783 1173 —
2849 1134 3006 1200 Quod
3053 1149 3162 1188 non
3217 1135 3375 1188 liceat
3419 1139 3623 1190 mortuis
3656 1152 3774 1191 oscu-

408 1263 519 1330 (Ea:
557 1262 701 1318 decr.
750 1264 1042 1316 Zachariae
1070 1277 1249 1330 papae,
1300 1277 1420 1331 cap.
1457 1261 1565 1331 14.)
1617 1263 1687 1316 Ut
1730 1262 2032 1332 episcOpus

336 1355 434 1405 aut
475 1351 792 1422 presbyter,
845 1351 982 1404 dum
1039 1351 1331 1420 ingressus
1382 1350 1555 1404 fuerit
1601 1351 1672 1404 ad
1728 1351 2031 1404 missarum

337 1439 613 1492 solemnia
664 1439 1025 1504 celebranda,
1074 1438 1184 1492 nisi
1231 1439 1419 1507 passio
1469 1439 1662 1509 aliqua
1708 1438 2033 1492 intervene-

337 1527 431 1594 rit,
469 1528 627 1581 nullo
671 1527 840 1581 modo
889 1528 1100 1581 audeat
1145 1526 1278 1580 data
1334 1527 1593 1580 oratione
1640 1527 1930 1591 recedere,
1971 1530 2036 1580 ut

2852 1225 2961 1277 lum
2990 1223 3142 1278 dare.

2213 1313 2321 1384 (Ea:
2373 1314 2561 1367 concil.
2621 1311 2921 1380 Agathen.,
2962 1328 3083 1380 cap.
3122 1311 3193 1380 3.)
3245 1312 3370 1365 Non
3420 1312 3543 1366 licet
3584 1314 3778 1368 mortuis

2143 1402 2404 1456 osculum
2453 1401 2610 1467 dare,
2657 1416 2763 1454 nec
2817 1400 3009 1470 palliis
3059 1416 3187 1470 qua:
3247 1400 3304 1453 in
3339 1400 3599 1454 sacriﬁcio
3647 1418 3776 1471 super

2143 1489 2321 1542 altare
2351 1493 2665 1558 ponuntur,
2716 1503 2960 1557 corpora
3016 1503 3216 1542 eorum
3249 1487 3550 1554 involvere,
3601 1489 3674 1541 vel
3710 1505 3781 1540 su-

2143 1594 2247 1648 per
2278 1578 2551 1630 feretrum
2582 1592 2818 1645 ponere.

2266 1666 2392 1720 CAP.
2424 1665 2753 1719 CCXXXVII.
2787 1693 2857 1704 —
2890 1663 2992 1719 Ubi
3015 1664 3203 1730 ﬁdeles
3231 1665 3450 1734 sepeliri
3479 1665 3697 1719 debeant.

2216 1753 2333 1821 (Ea:
2364 1754 2552 1806 concil.
2599 1753 2924 1818 Triburien.,
2956 1754 3044 1806 cui
3073 1754 3330 1818 interfuit
3375 1768 3470 1805 rea:
3500 1754 3783 1822 Arnolphus,

2141 1857 2261 1911 cap.
2313 1843 2421 1908 15.)
2471 1841 2663 1894 Restat
2699 1846 2936 1910 propter
2977 1840 3310 1906 instantem,
3366 1857 3492 1911 quae
3536 1847 3660 1894 tunc
3695 1857 3788 1894 ma-

2141 1930 2298 1983 xima
2344 1929 2609 1996 occurrit,
2658 1929 3056 1983 necessitatem
3102 1929 3436 2000 ubicunque
3475 1930 3690 1983 facultas
3725 1947 3785 1983 re-

2141 2033 2271 2072 rum
2311 2021 2367 2071 et
2395 2017 2795 2087 opportunitas
2821 2023 3148 2087 temporum
3181 2024 3452 2088 suppetat
3483 2019 3785 2088 sepulturam

340 1721 469 1758 rum
501 1703 796 1765 solemnia,
833 1703 926 1757 sed
954 1703 1052 1773 qui
1079 1703 1308 1756 initium
1339 1703 1526 1772 ponit,
1557 1705 1822 1773 suppleat
1852 1718 2034 1773 usque
2066 1705 2107 1759 Β

343 1792 414 1846 ad
463 1793 658 1845 ﬁnem.
723 1791 864 1855 Quia
915 1792 1188 1861 scriptum
1243 1796 1328 1844 est
1368 1807 1381 1844 :
1428 1791 1538 1855 Qui
1589 1791 2035 1861 perseveraverit

343 1897 525 1951 usque
572 1880 632 1934 in
664 1880 858 1946 ﬁnem,
896 1880 985 1934 hic
1025 1879 1209 1934 salvus
1258 1879 1385 1934 erit.
1438 1880 1496 1934 Si
1527 1881 1655 1951 quis
1704 1897 1838 1935 vero
1883 1897 2032 1951 prm-

342 1969 650 2038 sumpserit
715 1974 922 2038 praster
977 1969 1129 2039 quod
1189 1968 1486 2038 posuimus
1543 1985 1732 2039 agere,
1793 1985 1828 2022 a
1877 1985 2034 2022 sacro

344 2072 581 2125 corpore
614 2061 671 2108 et
718 2055 998 2126 sanguine
1032 2055 1261 2108 Domini
1306 2055 1485 2108 nostri
1532 2057 1664 2110 Jesu
1718 2057 1930 2110 Christi
1963 2056 2038 2108 sit
2141 2055 3769 2126 _"_":"_f’:"‘_‘_"_‘_‘;”“_°_

718 2105 995 2126 "To—m'
1536 2105 1664 2110 ””“
1725 2105 1929 2110 ’““”’“
1964 2105 2036 2108 “’
2143 2105 2512 2160 morientium
2560 2106 2712 2175 apud
2754 2105 3078 2172 ecclesiam,
3111 2105 3209 2159 ubi
3259 2107 3425 2159 sedes
3455 2111 3537 2159 est
3563 2107 3786 2177 episcopi,

655 2182 668 2196 .
2158 2195 2220 2212 ,,I
2263 2193 2413 2212 1,-,A2
2491 2193 2544 2212 οξ
2603 2199 2782 2212 _,_A.__
2842 2195 3215 2212 1___,_-,,A__.
3256 2194 3350 2212 ΖΑΒ.
3406 2195 3446 2212 ..⁸
3518 2195 3529 2212 I
3617 2195 3652 2212 ,3
3704 2194 3765 2212 ..Ἄ

345 2193 781 2286 dictum.
840 2262 909 2270 ——
955 2234 1020 2286 σε
1077 2234 1258 2286 nauus
1318 2235 1602 2304 episcopus
1647 2235 1731 2288 υει
1757 2235 2038 2303 presbyter
2143 2193 2449 2304 ῗῗὲῗὲτθῖῗι
2474 2193 2822 2304 Ei...‘i‘3f‘i'£
2841 2194 3787 2304 ’1‘3ffif’f’ii’l‘3'3‘ifii.‘.‘1?§‘“ﬁ‘3i‘

949 2280 2034 2372 80ὶὲἦῇξᾶ
2143 2287 2318 2335 tatem
2354 2285 2451 2334 aut
2472 2281 2825 2350 adjacentem
2866 2281 3108 2350 alicujus
3145 2281 3644 2353 inopportunitatis
3683 2280 3793 2335 difﬁ-

414 2379 511 2427 aut
557 2376 732 2427 velato
779 2376 954 2442 capite
1009 2375 1208 2428 altario
1258 2377 1355 2427 Dei
1406 2378 1664 2430 assistere
1720 2369 2033 2444 presumat,
2143 2371 2414 2423 cultatem
2465 2369 2824 2438 impossibile
2866 2369 3152 2434 videatur,
3189 2375 3489 2440 exspectet
3515 2387 3638 2423 eum
3675 2374 3793 2423 terra

417 2464 525 2532 (Ea:
555 2463 698 2516 decr.
751 2462 1008 2530 ejusdem,
1059 2478 1178 2531 cap.
1217 2463 1324 2533 13.)
1378 2464 1446 2516 Ut
1488 2464 1681 2517 nullus
1712 2465 2032 2535 episcopus,
2145 2458 2452 2528 sepultura:
2499 2452 2781 2528 suasquo
2826 2459 3233 2512 canonicorum
3282 2464 3386 2513 aut
3436 2459 3798 2512 monachorum

346 2551 664 2620 presbyter,
718 2556 816 2603 aut
862 2550 1136 2604 diaconus
1167 2551 1238 2604 ad
1287 2551 1694 2605 celebrandum
1733 2553 2038 2607 missarum
2147 2547 2263 2600 sive
2302 2545 2835 2626 sanctimonialium
2880 2549 3252 2618 congregatio
3285 2555 3485 2601 sancta
3529 2546 3800 2600 communi-

348 2638 626 2692 solemnia
665 2643 975 2707 praesumat
1019 2655 1147 2693 cum
1178 2639 1379 2694 baculo
1427 2639 1686 2708 introire,
1729 2647 1828 2695 aut
1855 2643 2038 2696 velato
2146 2641 2234 2688 ter
2289 2623 2481 2704 degat,
2540 2640 2606 2688 ut
2663 2651 2865 2689 eorum
2919 2636 3275 2689 orationibus
3329 2637 3513 2707 judici
3551 2653 3645 2690 suo
3687 2651 3804 2689 com-

348 2728 531 2798 capite
579 2727 781 2780 altario
830 2728 932 2781 Dei
978 2729 1262 2794 assistere,
1317 2730 1593 2799 quoniam
1641 2734 1697 2783 et
1742 2732 2039 2800 apostolus
2150 2724 2455 2777 mendﬂius
2547 2728 2826 2788 occurrat,
2901 2729 2954 2778 θί
3034 2724 3441 2778 ι’θωίδδὶοηθω
3517 2725 3804 2778 delictorum

349 2817 558 2870 Paulus
607 2816 874 2885 prohibet
918 2817 1070 2870 viros
1118 2817 1303 2870 velato
1334 2817 1520 2888 capite
1567 2833 1731 2871 orare
1761 2818 1820 2871 in
1853 2819 2038 2872 Eccle-
2149 2828 2322 2882 quam
2362 2813 2582 2866 meritis
2626 2829 2743 2866 non
2774 2813 3016 2880 obtinet,
3061 2813 3294 2871 illorum
3346 2813 3805 2868 intercessionibus

349 2905 452 2969 sia,
506 2910 563 2958 et
604 2905 652 2958 si
690 2908 905 2959 temere
955 2905 1406 2975 praesumpserit,
1461 2906 1867 2961 communione
1921 2908 2037 2978 pri-
2149 2900 2450 2972 percipiat.
2534 2900 2692 2964 000d
2753 2901 2801 2954 Si
2874 2905 2931 2954 et
2989 2901 3098 2955 hoc
3150 2901 3420 2971 ineptum
3491 2907 3547 2956 et
3615 2900 3807 2955 difﬁdit,

347 2997 530 3046 vetur.
2077 2989 2117 3044 C
2154 2987 2488 3052 mstimetur,
2552 2987 2650 3042 ubi
2703 2988 2984 3042 decimam
3031 2989 3399 3059 persolvebat
3456 2989 3629 3056 vivus,
3675 3004 3808 3058 sepe-

351 3082 479 3134 CAP.
532 3079 813 3134 CCXXXII.
875 3109 944 3120 —
1005 3082 1079 3134 Ne
1137 3095 1372 3149 corpora
1435 3087 1745 3136 sanctorum
1807 3084 2047 3149 transfc-
2154 3076 2326 3130 liatur
2355 3082 2642 3130 mortuus.

824 3155 1022 3203 rantur
1050 3151 1116 3204 de
1148 3153 1255 3205 loco
1286 3151 1360 3204 ad
1383 3153 1569 3205 locum.

2162 3165 2280 3220 CAP.
2334 3164 2707 3220 CCXXXVIII.
2757 3195 2825 3204 ——
2875 3167 2942 3220 Ut
2995 3165 3295 3221 sacerdotes
3347 3167 3424 3220 ad
3480 3172 3674 3237 tempus
3714 3180 3811 3219 ora-

423 3238 529 3304 (Ea:
556 3238 743 3291 concil.
775 3239 1043 3304 Mogunt.,
1093 3253 1211 3306 cap.
1265 3241 1376 3303 51.)
1435 3239 1711 3309 Deinceps
1743 3255 1874 3294 vero
1919 3256 2045 3294 cor-
2430 3254 2666 3307 tionibus
2693 3259 2901 3320 vacent,
2931 3261 3220 3323 antequam
3250 3258 3579 3324 sacriﬁcent,

352 3341 493 3395 pora
539 3329 863 3378 sanctorum
894 3326 963 3380 de
995 3325 1118 3378 loco
1162 3326 1233 3380 ad
1277 3328 1465 3380 locum
1496 3328 1690 3381 nullus
1739 3329 2041 3384 transferre

2227 3344 2336 3408 (Ea:
2365 3341 2561 3396 decret.
2620 3343 2918 3396 Innocentii
2969 3356 3145 3410 papae,
3179 3356 3301 3410 cap.
3348 3343 3464 3412 ⁶26.)
3517 3343 3652 3398 Nam
3697 3343 3814 3395 Pau-

353 3419 684 3483 priesumat,
731 3413 854 3468 sine
892 3415 1128 3468 consilio
1177 3414 1470 3486 principis,
1511 3417 1595 3470 vel
1645 3417 2041 3488 episcoporum

2162 3430 2242 3483 lus
2311 3429 2382 3483 ad
2439 3429 2763 3484 Corinthios
2830 3429 3027 3483 scribit
3099 3429 3333 3484 dicens:
3392 3431 3675 3486 Abstinete
3741 3443 3814 3480 vos

355 3507 678 3572 “memque
709 3502 913 3572 SYDOdi
944 3502 1194 3557 Ῑίοθηίίθ·
2155 3517 2225 3572 ad
2269 3521 2498 3586 tempus
2547 3523 2612 3571 ut
2639 3516 2850 3571 vacetis
2894 3517 3160 3584 orationi,
3207 3524 3266 3572 et
3312 3518 3425 3573 hoc
3456 3520 3648 3590 utique
3691 3516 3819 3571 laicis

357 3590 483 3645 CAP.
543 3590 854 3646 CCXXXIII.
923 3621 991 3630 —
1059 3591 1168 3715 (iui
1205 3593 1429 3716 tmortui
1490 3593 1550 3646 in
1614 3593 1834 3646 ecclesia
1897 3608 2041 3663 sepe-

1105 3677 1200 3715 zan
1229 3677 1313 3716 ur.

2162 3605 2450 3676 pracepit,
2517 3606 2698 3659 multo
2787 3605 2972 3676 magis
3047 3606 3467 3673 sacerdotibus,
3527 3607 3720 3676 quibus
3775 3611 3818 3657 et

2162 3693 2358 3716 ηηλς
2397 3699 2445 3716 ,ι
2493 3694 2845 3716 ,μέρη-λε
2881 3694 3012 3716 ιη--
3055 3694 3298 3716 ,ιιΩ-ξ--...
3345 3700 3461 3716 __._
3514 3711 3719 3716 ____-_
3745 3693 3794 3716 λ-

2157 3693 2362 3748 orandi
2393 3699 2448 3747 et
2490 3694 2850 3748 sacriﬁcandi
2875 3694 3015 3765 juge
3049 3694 3303 3749 ofﬁcium
3337 3700 3464 3750 est:
3511 3711 3720 3766 semper
3741 3693 3816 3747 de-

2155 3783 2373 3837 bebunt
2421 3782 2491 3836 ab
2547 3782 2882 3853 hujusmodi
2935 3783 3222 3837 consortio
3279 3783 3588 3838 abstinere.
3646 3783 3740 3848 Qui
3784 3781 3819 3832 si

2155 3870 2578 3926 contaminatus
2655 3871 2830 3924 fuerit
2903 3871 3120 3925 carnali
3181 3873 3663 3944 concupiscentia,
3728 3886 3818 3941 quo

2153 3960 2373 4030 pudore
2431 3960 2519 4013 vel
2575 3960 2892 4013 sacrificare
2938 3960 3179 4014 forsitan
3229 3962 3558 4032 usurpabit,
3607 3965 3698 4015 aut
3729 3975 3819 4030 qua

2154 4046 2523 4115 conscientia,
2573 4063 2758 4116 quove
2816 4047 3020 4100 merito
3069 4048 3324 4101 exaudiri
3376 4065 3437 4102 se
3470 4049 3665 4114 credit,
3714 4061 3818 4100 cum

2155 4135 2372 4189 dictum
2443 4135 2554 4188 sit:
2633 4135 2839 4190 Omnia
2892 4135 3108 4189 munda
3166 4136 3398 4190 mundis
3471 4135 3820 4208 coinquinatis

2155 4228 2346 4277 autem
2380 4229 2436 4276 et
2465 4223 2795 4278 inﬁdelibus
2825 4224 2970 4278 nihil
2998 4225 3320 4278 mundum?

2155 4313 2288 4367 CAP.
2335 4311 2634 4367 CCXXXIX.
2687 4343 2760 4352 —
2812 4315 2885 4366 De
2942 4313 3098 4367 laicis
3146 4316 3242 4381 qui
3294 4318 3557 4386 proprias
3611 4313 3820 4368 ecclesias

2894 4401 3110 4455 habent.

425 3749 534 3820 (Ea:
558 3716 758 3814 eodem,
789 3764 906 3818 cap.
965 3748 1077 3817 52.)
1126 3716 1327 3803 Nullus
1375 3754 1636 3804 mortuus
1666 3749 1816 3805 infra
1863 3752 2048 3807 eccle-

352 3837 496 3891 siam
525 3837 854 3907 sepeliatur,
887 3837 998 3891 nisi
1027 3837 1300 3909 episcopi,
1334 3843 1433 3892 aut
1461 3838 1712 3906 abbates,
1759 3845 1860 3894 aut
1885 3840 2047 3911 digni

349 3926 686 3996 presbyteri,
723 3926 809 3979 vel
845 3926 1043 3981 ﬁdeles
1075 3927 1227 3980 laici.

351 4016 476 4071 CAP.
520 4015 818 4070 CCXXXIV.
880 4044 949 4055 —
1011 4015 1168 4080 Quod
1222 4030 1398 4069 omnes
1455 4015 1637 4083 ﬁdeles
1701 4018 1761 4069 in
1826 4018 2046 4072 ecclesia

719 4087 861 4139 nihil
896 4101 1053 4152 agere
1085 4085 1332 4152 debeant,
1358 4087 1468 4138 nisi
1499 4101 1671 4140 orare.

422 4176 526 4243 (Ea:
564 4175 753 4228 concil.
805 4177 1094 4240 Turonen.,
1128 4188 1250 4240 cap.
1297 4172 1409 4242 38.)
1457 4171 1787 4227 Sacerdotes
1836 4175 2045 4230 debent

349 4263 547 4316 ﬁdeles
595 4261 926 4326 admonere,
982 4267 1045 4314 ut
1093 4260 1323 4330 quando
1369 4260 1438 4314 ad
1489 4261 1783 4316 ecclesiam
1830 4264 2113 4318 conve-D

351 4350 540 4409 niunt,
576 4349 697 4402 sine
728 4348 962 4417 strepitu
1001 4364 1063 4402 ac
1093 4348 1345 4402 tnmultu
1372 4363 1497 4402 eam
1531 4348 1950 4419 ingrediantur,
1984 4353 2044 4406 in

349 4453 465 4508 qua
521 4437 692 4490 etiam
747 4436 1006 4506 quandiu
1051 4436 1111 4490 in
1169 4436 1446 4490 orationis
1499 4453 1669 4491 causa
1724 4445 2040 4509 morantur,

364 4489 409 4508 ι.
763 4489 782 4506 ι
918 4489 923 4490 κ
1104 4489 1107 4490 ν
1724 4489 2040 4509 -----τ-----,
2537 4491 2544 4500 .
2856 4492 2896 4515 ,.
3499 4494 3509 4503 .
3636 4491 3645 4500 .

350 4539 717 4595 nequaquam
765 4524 966 4578 inanes
999 4525 1152 4578 inter
1181 4540 1238 4578 se
1283 4524 1580 4594 proferant
1627 4527 2043 4583 confabulatio-
2153 4489 2332 4595 Lam
2381 4490 2583 4595 _conc:l:
2637 4491 2912 4595 Ba???"
2977 4493 3240 4595 pente
3295 4491 3568 4595 ιαίῗθυπθ

2151 4582 2284 4646 tore,
2340 4593 2459 4648 cap.
2511 4581 2586 4644 5.)
2637 4578 2696 4633 Si
2747 4578 2874 4631 laici
2924 4579 3172 4648 capellas
3216 4579 3484 4648 proprias
3529 4575 3819 4632 habuerint,

2150 4681 2184 4718 a
2238 4665 2460 4719 ratione
2515 4671 2572 4718 et
2630 4665 2971 4719 auctoritate
3023 4665 3275 4718 alienum
3333 4665 3586 4719 habetur
3634 4671 3694 4717 ut
3733 4658 3823 4730 ipsi

2152 4753 2402 4807 decimas
2431 4753 2734 4822 accipiant,
2768 4758 2825 4807 et
2864 4752 2995 4806 inde
3023 4770 3192 4807 canes
3222 4759 3321 4807 aut
3350 4753 3681 4823 genitiarias
3711 4763 3822 4802 suas

2149 4847 2406 4912 pascant,
2490 4843 2587 4896 sed
2661 4841 2855 4911 potius
2919 4842 3241 4912 presbyteri
3319 4842 3687 4896 ecclesiarum
3746 4852 3824 4891 eas

349 4630 472 4680 nes,
506 4614 603 4668 sed
635 4619 892 4684 tempore
942 4630 1057 4684 quo
1089 4613 1396 4668 missarum
1444 4615 1723 4670 solemnia
1752 4618 2045 4672 celebran-

349 4709 463 4770 tur,
499 4719 612 4756 non
643 4703 829 4756 solum
854 4703 924 4756 ab
951 4701 1150 4756 otiosis
1177 4707 1232 4756 et
1262 4701 1561 4756 inutilibus
1587 4704 1789 4770 verbis,
1824 4721 2045 4760 verum-

347 4792 524 4848 etiam
567 4797 624 4846 et
654 4808 686 4844 a
716 4790 1051 4862 perniciosis
1099 4790 1545 4862 cogitationibus
1583 4792 1838 4848 funditus
1868 4794 2040 4849 absti-

345 4881 809 5026 ἓίἳῗ
866 4997 937 5008 -
992 4968 1148 5033 Quod
1212 4968 1405 5022 αευεηα
1460 4969 1742 5023 clementia
1795 4971 1924 5038 βατίς
1983 4971 2043 5023 επ
2150 4931 2452 5038 seriae
2513 4935 2581 5038 ei
2618 4929 3823 5038 ίξλίῗῖξῑῖῖεθιξιῖείξοηῖιξξξέοιξεὶεξῖιξῗίξξ

2150 5020 2479 5088 luminaria,
2529 5024 2586 5073 et
2641 5018 2934 5089 hospitum
2967 5035 3030 5072 ac
3079 5035 3402 5109 pauperum
3466 5017 3823 5089 receptionem

415 5111 868 5166 solemnitatibus.
1831 5108 1838 5109 “
2149 5109 2473 5172 exhibeant,
2523 5111 2580 5160 et
2611 5123 2714 5178 pro
2761 5112 2950 5160 sancta
3006 5108 3273 5175 Ecclesia,
3327 5123 3391 5161 ac
3429 5123 3538 5176 pro
3568 5112 3709 5160 statu
3754 5118 3822 5155 re-

417 5200 534 5265 (Ea:
565 5200 770 5266 eodem,
803 5216 922 5268 cap.
950 5198 1061 5269 37.)
1097 5196 1405 5252 Sciendum
1456 5202 1540 5251 est
1586 5197 1739 5267 quod
1790 5199 2040 5268 exceptis
2149 5197 2248 5267 gni
2279 5197 2380 5251 Dei
2411 5195 2865 5250 misericordiam
2895 5196 3147 5250 studiose
3179 5197 3517 5267 implorent.

346 5286 546 5342 diebus
604 5287 937 5353 Dominicis,
999 5293 1056 5341 et
1120 5286 1233 5340 illis
1271 5284 1758 5360 _solemnitatibus
1831 5287 2041 5357 quibus
2371 5286 2508 5358 CAR.
2531 5284 2716 5340 CCXL.
2748 5313 2815 5323 —-
2848 5288 2922 5338 De
2953 5287 3189 5340 ecclesiis
3218 5286 3623 5339 monachorum.

345 5380 541 5430 sancta
600 5380 656 5429 et
724 5376 1063 5430 universalis
1147 5373 1388 5429 Ecclesia
1452 5373 1522 5427 ob
1582 5375 2039 5430 recordationem
2220 5373 2337 5446 (Ea:
2380 5375 2569 5429 concil.
2623 5374 2772 5442 apud
2820 5375 3216 5442 Con/luentiam
3259 5376 3346 5428 cui
3399 5373 3655 5440 interfuit
3697 5369 3818 5424 Hen-

346 5463 656 5520 Dominicm
711 5463 1143 5518 resurrectionis
1209 5464 1354 5517 solet
1411 5462 1613 5516 stando
1665 5479 1850 5531 orare,
1911 5464 2040 5518 ﬁxis
2145 5465 2311 5527 risus,
2345 5468 2394 5517 et
2437 5462 2684 5529 Carolus,
2728 5477 2900 5530 reges,
2948 5479 3068 5532 cap.
3102 5465 3182 5532 6.)
3217 5464 3327 5517 Hoc
3383 5477 3616 5533 quoque
3662 5463 3817 5511 statu-

344 5555 401 5609 in
461 5558 673 5610 terram
741 5553 983 5624 genibus
1050 5551 1384 5624 suppliciter
1447 5551 1810 5606 clementiam
1875 5552 2039 5606 nobis
2146 5557 2271 5607 tum
2319 5556 2405 5606 est
2449 5557 2734 5624 quatenus
2795 5551 3044 5607 ecclesize
3102 5566 3586 5623 quorumcunque
3643 5559 3816 5602 mona-
