3976 6194
138 362 251 412 725

1125 359 1600 416 DECRETORUM
1643 361 1828 417 LIBRI
1864 361 1971 416 XX.
2008 388 2077 400 -ο
2118 359 2328 415 LIBER
2367 359 2685 416 TERTIUS.

3543 366 3647 421 726

136 483 387 536 chorum
436 481 497 535 in
542 479 784 552 singulis
822 480 1109 550 parochiis
1156 482 1279 537 sita:
1319 484 1739 554 episcoporum,
1777 489 1842 538 ut
1868 486 1915 537 Α
1953 485 2058 551 tus,
2080 498 2249 551 reges,
2282 498 2403 552 cap.
2437 486 2513 549 8.)
2543 484 2601 536 Si
2631 483 2761 555 quis
2790 500 2923 538 vero
2956 484 3133 539 laicus
3167 486 3254 539 vel
3277 486 3517 541 clericus
3544 504 3647 542 seu

137 571 327 637 decet,
384 570 657 623 divinitus
704 570 1024 623 subdantur
1068 571 1362 640 regimini,
1408 574 1605 642 eisque
1647 573 1840 626 debita

138 659 420 730 obsequia
469 660 529 712 in
580 658 911 712 exercendis
953 659 1346 713 ecclesiasticae
1390 677 1540 714 cura:
1589 660 1838 730 negotiis

135 748 383 802 sollicite
423 746 747 808 exhibeant,
782 747 890 816 ipsi
920 749 1305 816 proculdubio
1334 749 1601 803 monachi
1628 750 1839 820 episco-

134 837 223 908 pis
250 836 372 890 suis
401 837 459 889 in
491 836 756 889 omnibus
789 836 1079 890 obediant.

135 927 264 979 CAP.
337 925 555 980 CCXLI.
606 954 674 965 —
718 928 793 978 De
828 926 940 978 ittis
988 928 1086 994 qui
1139 926 1268 979 dum
1324 942 1434 980 suae
1481 928 1836 995 proprietatis

204 998 324 1049 loca
380 996 587 1049 alicubi
660 995 791 1048 dare
844 998 1148 1063 voluerint,
1228 998 1489 1052 decimam
1566 1012 1837 1065 nusquam

206 1067 428 1121 tradere
452 1082 507 1121 se
532 1081 688 1136 posse
717 1073 1055 1133 cognoscant.

206 1158 222 1226 (
248 1159 337 1211 Ea:
369 1156 549 1210 eodem
582 1157 804 1210 concilio
834 1159 922 1210 cui
942 1159 1196 1224 interfuit
1229 1159 1511 1222 Henricus,
1560 1160 1611 1209 et
1668 1157 1834 1212 Caro-

1950 572 2252 643 utriusque
2284 587 2448 625 sexus
2502 588 2747 643 persona
2793 573 3163 644 proprietatis
3215 591 3332 628 sure
3384 576 3527 642 loca,
3558 577 3644 630 vel

1949 676 2041 714 res
2066 660 2277 715 alicubi
2333 661 2544 714 donare
2587 662 2953 732 delegaverit,
3010 662 3460 717 decimationum
3513 681 3644 734 pro-

1948 754 2183 803 ventum
2230 749 2409 820 priori
2470 751 2731 804 Ecclesiaa
2809 751 3063 820 legitime
3150 753 3441 822 signatum
3512 754 3647 809 inde

1948 838 2279 892 abstrahere
2360 839 2581 893 nullam
2673 840 2881 893 habeat
2933 846 3296 910 potestatem.
3356 842 3522 906 Quod
3594 844 3641 896 si

1949 926 2131 980 facere
2162 927 2485 994 tentaverit,
2518 928 2646 982 talis
2676 928 2906 982 traditio
2929 928 3091 983 irrita
3117 946 3351 1000 prorsus
3378 932 3639 996 ducatur,

1946 1018 2004 1067 et
2058 1015 2179 1084 ipse
2220 1015 2292 1069 ad
2368 1017 2833 1071 emendationem
2888 1017 3265 1071 ecclesiastica
3312 1024 3642 1073 coerceatur

1947 1119 2205 1158 censura.

1546 1260 1721 1299 FINIS
1767 1260 1944 1301 LIBRI
1984 1261 2230 1301 TERTII.

991 1468 1285 1540 INDEX
1341 1468 2028 1542 CAPITULORUM
2082 1469 2334 1542 LIBRI
2398 1468 2781 1555 QUARTI.

140 1622 183 1676 Ι.
214 1621 365 1686 Quid
395 1620 470 1675 sit
500 1620 837 1692 baptismus.

140 1712 210 1767 II.
280 1712 347 1766 Ut
399 1716 611 1781 praeter
651 1710 862 1764 Pascha
930 1714 984 1764 et
1040 1712 1415 1765 Pentecosten
1479 1710 1590 1765 nisi
1652 1714 1834 1765 morte

204 1799 686 1871 periclitantibus,
714 1799 1031 1870 baptismus
1062 1816 1175 1853 non
1207 1800 1327 1854 ﬁat.

140 1890 237 1944 III.
310 1890 433 1954 Quo
482 1896 743 1958 tempore
802 1888 1092 1959 baptisma
1159 1889 1567 1943 celebrandum
1618 1888 1709 1949 sit,
1770 1894 1834 1944 ut

209 1978 314 2049 qui
374 1978 739 2048 baptizantur
795 1993 911 2031 non
980 1976 1258 2044 inﬁdeles,
1318 1978 1417 2031 sed
1493 1977 1691 2032 ﬁdeles
1740 1977 1830 2032 in-

204 2066 531 2120 veniantur.

138 2156 226 2210 IV.
265 2157 339 2210 De
370 2154 595 2209 duobus
616 2154 971 2224 temporibus
998 2152 1373 2224 baptismatis.

138 2243 195 2295 V.
233 2243 376 2297 Item
410 2258 525 2313 quo
556 2248 815 2313 tempore
847 2242 1167 2312 baptismus
1198 2242 1325 2296 ﬁeri
1356 2242 1577 2297 debeat.

137 2331 234 2385 VI.
276 2332 351 2385 De
383 2332 585 2384 eadem
616 2347 695 2385 re.

141 2420 261 2475 VII.
290 2420 369 2473 De
401 2420 602 2474 eadem
635 2435 717 2474 re.

147 2509 280 2564 VIII.
318 2510 389 2563 Ut
428 2508 630 2578 viginti
683 2508 804 2562 dies
846 2512 979 2561 ante
1022 2507 1371 2578 baptismum
1418 2509 1490 2563 ad
1536 2508 1830 2580 purgatio-

207 2614 342 2651 nem
382 2597 682 2651 exorcismi
714 2596 1113 2651 catechumeni
1141 2596 1394 2650 veniant.

144 2686 225 2740 IX.
274 2687 439 2751 Quod
484 2702 685 2740 omnes
743 2686 814 2739 ad
874 2685 1221 2754 baptismum
1289 2685 1583 2739 venientes
1631 2685 1833 2756 quinta

206 2774 350 2829 feria
407 2774 640 2845 majoris
713 2775 1089 2829 hebdomadas
1164 2773 1341 2829 ﬁdem
1408 2775 1677 2846 episcopo
1744 2775 1832 2829 vel

210 2864 542 2934 presbytero
574 2864 809 2918 reddere
840 2864 1102 2918 debeant.

142 2953 197 3005 Χ.
230 2953 300 3007 Ut
323 2967 525 3005 omnes
546 2951 872 3022 baptizandi
903 2952 1063 3021 prius
1094 2950 1209 3005 sint
1239 2950 1615 3006 exorcizandi.

142 3040 222 3095 XI.
283 3041 354 3094 Ut
404 3040 733 3109 baptizandi
790 3040 1026 3094 nomine
1083 3040 1216 3094 dato
1274 3056 1309 3093 a
1364 3056 1532 3094 carne
1589 3044 1645 3094 et
1698 3041 1831 3094 vino

210 3144 268 3182 se
299 3128 648 3189 abstineant.

145 3218 249 3272 XII.
314 3218 475 3281 Quod
554 3217 830 3287 neophyti
899 3233 932 3270 a
1000 3216 1343 3270 lautioribus
1402 3217 1543 3271 cibis
1598 3217 1833 3288 aliquod

212 3310 440 3375 tempus
470 3310 527 3359 et
553 3323 583 3358 a
613 3304 953 3375 conjugibus
983 3322 1040 3358 se
1072 3305 1357 3358 abstinere
1388 3304 1651 3359 debeant.

146 3396 279 3451 XIII.
321 3396 391 3450 Ut
419 3395 604 3449 omnis
635 3396 933 3466 presbyter
960 3411 1059 3449 vas
1089 3394 1425 3464 baptismale
1465 3394 1688 3449 habeat.

76 3520 79 3523 ν
148 3485 268 3539 XIV.
313 3485 384 3538 Ut
433 3486 625 3539 nullus
672 3485 977 3555 paesbyter
1016 3483 1125 3536 nisi
1158 3484 1219 3536 in
1268 3484 1591 3537 civitatibus
1647 3484 1832 3554 bapti-

214 3589 343 3627 zare
364 3578 694 3643 praesumat,
723 3577 954 3643 excepta
974 3588 1144 3626 causa
1173 3571 1546 3625 inﬁrmitatis.

148 3662 244 3714 XV.
280 3661 539 3725 Qualiter
585 3662 637 3714 ei
686 3662 785 3731 qui
833 3660 1019 3715 ﬁdelis
1050 3661 1292 3715 existere
1335 3660 1599 3729 voluerit,
1647 3659 1834 3731 bapti-

215 3766 405 3803 smum
437 3749 509 3802 sit
531 3749 925 3803 tribuendum.

149 3838 268 3892 XVI.
308 3839 385 3891 De
433 3838 781 3907 martyribus
831 3838 931 3908 qui
984 3838 1105 3891 sine
1164 3836 1447 3907 baptismo
1496 3836 1835 3908 martyrium

215 3930 606 3994 susceperunt.

150 4013 298 4067 XVII.
350 4014 512 4077 Quod
555 4013 977 4067 catechumenis
1033 4016 1449 4066 sacramentum
1514 4013 1575 4066 in
1623 4013 1835 4066 Pascha

213 4102 335 4156 dari
362 4118 473 4155 non
500 4102 723 4156 debeat.

149 4190 328 4244 XVIII.
364 4191 442 4244 De
471 4189 894 4243 catechumenis
928 4206 959 4242 a
989 4188 1319 4259 baptisterio
1359 4189 1740 4242 removendis.

148 4278 274 4333 XIX.
318 4280 394 4332 De
428 4278 849 4331 catechumenis
877 4278 1245 4347 segregandis
1278 4282 1333 4331 et
1361 4276 1760 4331 informandis.

148 4368 241 4420 XX.
278 4368 356 4420 De
383 4367 809 4420 catechumenis
843 4366 1228 4435 peccantibus.

148 4456 272 4510 XXI.
311 4457 387 4509 De
436 4454 547 4508 illis
601 4456 695 4525 qui
753 4470 939 4524 nuper
993 4458 1125 4507 sunt
1166 4453 1460 4523 baptizati,
1505 4452 1661 4523 quod
1704 4469 1834 4523 pro-

221 4543 441 4597 moveri
468 4560 581 4597 non
613 4544 876 4597 debeant.

150 4633 294 4686 XXII.
362 4634 438 4686 De
500 4631 850 4703 presbyteris
907 4631 955 4685 si
1012 4631 1071 4684 in
1146 4630 1423 4684 Trinitate
1475 4630 1639 4701 juxta
1693 4646 1834 4700 prae-

219 4725 449 4790 ceptum
483 4720 713 4773 Domini
742 4736 860 4773 non
892 4718 1322 4790 baptizaverint.

152 4810 278 4865 XIII.
313 4810 390 4863 De
422 4810 618 4863 eadem
650 4825 729 4863 re.

152 4900 325 4953 XXIV.
387 4898 548 4962 Quod
614 4898 673 4951 in
719 4896 1006 4967 baptismo
1062 4900 1120 4950 et
1164 4896 1225 4949 in
1282 4893 1743 4960 conﬁrmatione,
1794 4894 1842 4948 si

222 5002 450 5040 necesse
490 4984 682 5052 fuerit,
710 5002 857 5039 unus
884 4984 1147 5055 patrinus
1168 4983 1350 5053 possit
1386 4999 1529 5037 esse.

152 5077 296 5129 XXV.
360 5076 429 5129 Ut
491 5090 637 5128 unus
674 5073 957 5144 patrinus,
998 5074 1087 5127 vel
1140 5072 1371 5142 patrina
1409 5071 1481 5125 ad
1528 5070 1842 5141 suscipien-

224 5165 361 5219 dum
392 5164 671 5217 infantem
700 5163 989 5216 accedant.

154 5253 324 5307 XXVI.
362 5253 429 5307 Ut
476 5252 573 5305 ille
626 5251 725 5321 qui
769 5266 882 5304 non
921 5254 1005 5304 est
1058 5248 1430 5303 conﬁrmatus
1469 5265 1502 5303 a
1556 5248 1842 5318 baptismo

228 5342 445 5394 nullum
476 5339 733 5409 recipiat.

154 5429 365 5484 XXVII.
402 5430 471 5483 Ut
492 5429 683 5482 nullus
712 5428 810 5481 ﬁat
839 5426 1101 5497 patrinus
1127 5426 1237 5479 nisi
1269 5428 1423 5479 recte
1452 5425 1665 5479 credat.

152 5518 383 5572 XXVIII.
488 5518 556 5571 Ut
620 5516 940 5586 presbyteri
1003 5532 1035 5569 a
1108 5514 1350 5584 patrinis
1420 5514 1722 5584 requirant
1798 5513 1845 5566 si

227 5606 554 5675 symbolum
586 5610 839 5660 teneant.

1866 1816 2084 1887 ΒΧΧΧ.

1940 1622 2129 1677 XXIX.
2166 1625 2243 1677 De
2278 1623 2535 1693 symbolo
2570 1628 2695 1677 octo
2725 1624 2847 1679 dies
2887 1630 3021 1679 ante
3062 1624 3276 1678 Pascha
3318 1625 3545 1695 publice
3578 1625 3637 1679 in

2017 1711 2286 1767 omnibus
2318 1712 2579 1765 Ecclesiis
2611 1712 2925 1766 recitando.

2184 1819 2261 1873 De
2319 1817 2588 1888 gentibus
2644 1817 2910 1885 inﬁrmis,
2971 1817 3018 1871 si
3075 1817 3427 1887 baptismum
3487 1817 3637 1873 desi-

2016 1905 2238 1959 derant.

1940 1994 2120 2050 XXXI.
2146 1995 2223 2049 De
2257 1993 2494 2065 gravida
2515 1993 2875 2064 baptizanda.

1940 2083 2139 2137 XXXII.
2171 2083 2248 2137 De
2274 2083 2529 2153 parvulis
2558 2082 2803 2136 inﬁrmis
2832 2082 3203 2151 baptizandis.

1939 2171 2159 2225 XXXIII.
2195 2172 2269 2224 De
2300 2171 2410 2224 illis
2438 2170 2538 2240 qui
2569 2171 2629 2224 in
2659 2170 2999 2238 aegritudine
3031 2170 3413 2239 baptizantur.

1940 2259 2156 2313 XXXIV.
2264 2259 2339 2312 De
2393 2258 2506 2311 illis
2572 2258 2671 2329 qui
2746 2258 3009 2329 parvulos
3082 2265 3340 2313 recentes
3419 2265 3633 2330 negant

2012 2362 2132 2401 esse
2164 2346 2560 2416 baptizandos.

1940 2454 2126 2508 XXXV.
2165 2454 2243 2506 De
2265 2452 2510 2507 inﬁrmis
2535 2452 2912 2522 baptizandis.

1941 2542 2155 2597 XXXVI.
2208 2543 2285 2595 De
2334 2542 2745 2611 aegrotantibus
2794 2541 2841 2594 si
2888 2541 3236 2612 baptismum
3284 2541 3628 2611 desiderant,

2013 2635 2067 2684 et
2092 2634 2222 2699 post
2255 2629 2674 2685 obmutescunt.

1941 2719 2177 2771 XXXVII.
2213 2719 2287 2771 De
2320 2718 2558 2771 mortuis
2589 2734 2701 2771 non
2734 2717 3111 2787 baptizandis.

1941 2806 2206 2860 XXXVIII.
2244 2806 2321 2858 De
2373 2804 2560 2859 subito
2605 2806 3058 2867 obtumescente,
3118 2804 3164 2858 si
3214 2809 3387 2859 testes
3417 2804 3631 2859 habue-

2014 2894 2090 2947 rit
2120 2894 2485 2963 baptizando.

1940 2982 2169 3038 XXXIX.
2224 2983 2299 3036 De
2343 2982 2431 3036 his
2478 2983 2579 3052 qui
2641 2982 2793 3052 apud
2840 2982 3139 3037 haereticos
3177 2982 3540 3053 baptizantur
3571 2982 3633 3035 in

2014 3070 2246 3124 nomine
2279 3076 2485 3123 sanctae
2510 3069 2823 3125 Trinitatis.

1940 3177 2050 3231 XL.
2089 3178 2164 3231 De
2195 3177 2393 3231 eadem
2426 3194 2505 3230 re.

1941 3266 2081 3320 XLI.
2122 3268 2189 3321 Ut
2235 3266 2555 3336 baptismus
2600 3265 2660 3319 in
2706 3265 2979 3319 Triuitate
3024 3268 3317 3336 susceptus
3365 3280 3481 3318 non
3527 3263 3634 3317 ite-

2013 3360 2188 3408 retur.

1941 3445 2163 3499 XXLII.
2198 3446 2276 3497 De
2304 3444 2416 3496 illis
2450 3444 2551 3513 qui
2590 3443 2851 3497 nesciunt
2882 3460 2995 3513 qua
3025 3444 3138 3497 ﬁde
3171 3442 3441 3511 baptizati
3498 3442 3631 3497 sint.

1940 3532 2141 3587 XLIII.
2176 3533 2255 3585 De
2288 3533 2620 3602 presbytero
2651 3532 2748 3602 qui
2776 3531 3210 3601 grammaticam
3241 3530 3558 3601 ignorabat.

2014 3625 2070 3673 et
2084 3625 2276 3673 tamen
2305 3620 2364 3673 in
2383 3620 2655 3674 Trinitate
2676 3621 3019 3690 baptizabat.

1943 3709 2128 3763 XLIV.
2184 3709 2261 3761 De
2312 3708 2423 3761 illis
2492 3708 2593 3778 qui
2650 3708 2901 3778 aliquam
2958 3708 3171 3762 habent
3215 3708 3633 3762 dubitationem

2014 3796 2371 3868 baptismatis
2393 3800 2453 3849 ut
2482 3796 2922 3866 rebaptizentur.

1942 3905 2099 3958 XLV.
2157 3904 2235 3956 De
2289 3902 2605 3956 infantibus
2674 3904 2720 3957 si
2784 3908 2967 3957 certos
3026 3907 3194 3956 testes
3252 3903 3462 3957 habere
3521 3918 3636 3955 non

2014 3996 2273 4062 possunt,
2306 4007 2399 4045 eos
2430 4007 2545 4044 non
2573 4007 2694 4044 esse
2725 3991 3061 4061 baptizatos.

1944 4081 2126 4135 XLVI.
2231 4082 2307 4133 De
2363 4080 2710 4150 presbyteris
2763 4096 2865 4149 per
2916 4095 3162 4149 quorum
3222 4077 3635 4150 negligentiam

2016 4168 2138 4221 sine
2170 4168 2513 4237 baptismate
2545 4167 2753 4238 aliquis
2774 4172 3032 4221 mortuus
3052 4167 3242 4221 fuerit.

1943 4258 2153 4312 XLVII.
2226 4258 2294 4310 Ut
2350 4255 2540 4310 nullus
2588 4256 2883 4326 presbyter
2934 4256 2990 4309 in
3056 4255 3288 4326 propria
3346 4254 3638 4325 provincia

2017 4344 2185 4398 alicui
2216 4343 2445 4397 inﬁrmo
2476 4344 2825 4413 baptismum
2853 4344 3135 4413 denegare
3165 4347 3490 4414 praesumat.

1947 4434 2178 4487 XLVIII.
2214 4434 2291 4486 De
2323 4432 2437 4485 illis
2467 4433 2567 4502 qui
2588 4434 2775 4486 denuo
2806 4433 3081 4502 baptizati
3113 4438 3263 4487 sunt.

1950 4523 2128 4577 XLIX.
2189 4524 2265 4576 De
2304 4523 2428 4589 hoc,
2462 4522 2509 4576 si
2562 4522 2831 4592 parvulus
2875 4528 3159 4589 aegrotans
3207 4523 3275 4577 ad
3325 4521 3642 4593 quemlibet

2020 4611 2419 4681 presbyterum
2439 4611 2710 4681 baptismi
2733 4611 2917 4681 gratia
2946 4612 3214 4665 defertur.

1950 4720 2010 4773 L.
2039 4719 2117 4772 De
2148 4717 2261 4771 illis
2285 4718 2385 4787 qui
2414 4717 2501 4771 bis
2530 4718 2617 4771 vel
2648 4723 2735 4770 ter
2763 4717 3037 4786 baptizati
3068 4722 3221 4771 sunt.

1953 4808 2036 4861 LI.
2073 4807 2151 4860 De
2180 4807 2292 4860 illis
2322 4805 2421 4875 qui
2454 4805 2539 4858 bis
2570 4806 2903 4874 ignorantes
2932 4806 3203 4875 baptizati
3229 4808 3380 4858 sunt.

1953 4896 2064 4949 LII.
2102 4896 2179 4948 De
2226 4894 2598 4963 parvulorum
2647 4893 2944 4947 animabus
2988 4894 3088 4964 qui
3139 4893 3259 4946 sine
3306 4889 3643 4960 baptismate

2024 4982 2365 5037 moriuntur.

1954 5072 2086 5126 LIII.
2123 5072 2199 5123 De
2234 5069 2642 5139 energumenis
2672 5070 2992 5139 baptizatis.

1952 5160 2082 5214 LIV.
2120 5160 2194 5212 De
2227 5158 2630 5227 energumenis
2662 5163 2717 5212 et
2739 5157 3165 5211 catechumenis
3190 5153 3570 5225 baptizandis.

1953 5248 2058 5301 LV.
2096 5249 2172 5300 De
2200 5247 2582 5316 rebaptizatis.

1955 5337 2086 5390 LVI.
2152 5336 2226 5388 De
2278 5336 2613 5405 presbytero
2670 5335 2770 5405 qui
2832 5337 2982 5387 recte
3047 5332 3397 5402 baptizatum
3458 5331 3647 5385 denuo

2024 5422 2417 5493 baptizaverit,
2453 5428 2507 5476 et
2539 5439 2653 5476 non
2682 5426 2830 5476 recte
2870 5421 3222 5491 baptizatum
3250 5421 3322 5475 ab
3370 5418 3649 5475 haereticis

2028 5527 2144 5565 non
2177 5512 2567 5581 baptizaverit.

1960 5600 2115 5655 LVII.
2150 5602 2219 5655 Ut
2249 5600 2471 5655 diaconi
2510 5615 2670 5653 suam
2698 5615 3028 5655 mensuram
3059 5599 3399 5654 custodiant.
