3976 6194
395 346 498 398 727

1476 345 1878 402 BURCHARDI
1918 347 2450 404 \VORMACIENSIS
2487 345 2819 402 EPISCOPI.
3744 359 3827 410 728

393 466 581 522 LVIII.
649 468 728 521 De
770 467 1116 536 inordinate,
1177 468 1224 522 si
1274 468 1434 538 quasi
1471 467 1772 523 ordinatus
1808 469 2097 542 baptizare
2127 475 2171 524 A
2211 471 2395 526 LXXX.
2461 471 2539 524 De
2584 470 2892 524 chrismate
2923 470 3080 541 quod
3151 485 3373 541 semper
3435 471 3533 525 sub
3579 489 3691 528 sera
3733 492 3828 532 esse

466 555 924 626 praesumpserit.

395 643 533 699 LIX.
570 644 641 698 Ut
665 643 988 714 presbyteri
1020 644 1300 715 populum
1334 645 1704 710 admoneant,
1737 662 1868 700 suos
1892 646 2087 700 infan-

465 732 616 788 tulos
645 732 718 786 ad
749 733 1247 786 confirmationem
1276 733 1542 804 episcopo
1574 739 1943 804 praesentem.

394 821 497 877 LX.
532 823 600 876 Ut
645 837 843 876 omnes
889 821 1156 891 perfectae
1201 821 1384 876 aetatis
1430 823 1615 892 jejuni
1662 823 1735 877 ad
1784 822 2090 877 conﬁrma-

464 910 677 964 tionem
709 909 960 964 veniant.
1728 948 1734 953 .

397 998 535 1053 LXI.
592 999 670 1051 De
742 996 962 1050 duobus
1011 998 1400 1065 sacramentis,
1456 997 1515 1052 id
1561 1003 1664 1062 est,
1706 998 1991 1069 baptismo
2035 1004 2093 1053 et

466 1100 670 1139 manus
700 1084 1086 1155 impositione.

395 1175 550 1230 LXII.
583 1174 653 1228 Ut
673 1189 870 1227 omnes
893 1173 1202 1228 Christiani
1255 1174 1326 1228 ad
1377 1174 1876 1230 conﬁrmationem
1926 1175 2090 1230 festi-

444 1268 626 1317 -nent.

395 1351 582 1406 LXIII.
617 1350 760 1404 Item
792 1349 862 1403 de
894 1365 1097 1403 manus
1117 1349 1512 1432 impositione.

395 1440 576 1495 LXIV.
615 1440 756 1493 Item
788 1438 857 1491 de
889 1437 1353 1492 conﬁrmatione.

396 1529 551 1583 LXV.
583 1527 747 1592 Quod
778 1542 975 1579 omnes
1015 1527 1214 1580 iideles
1257 1531 1488 1600 accepto
1541 1526 1886 1597 baptismate
1932 1525 2089 1579 chri-

466 1630 590 1668 sma
618 1615 844 1669 cmleste
871 1614 1164 1684 percipere
1191 1615 1454 1669 debeant.

397 1703 576 1757 LXVI.
627 1703 698 1756 Ut
736 1718 933 1756 omnes
993 1702 1176 1756 renati
1239 1702 1398 1757 fonte
1447 1703 1824 1773 baptismatis,
1875 1702 2090 1757 donum

469 1791 648 1845 sancti
674 1791 918 1860 Spiritus
947 1807 1051 1861 per
1099 1808 1304 1846 manus
1359 1792 1785 1863 impositionem
1833 1791 2089 1862 accipere

471 1880 738 1934 debeant.

400 1968 606 2023 LXVII.
655 1969 725 2022 Ut
775 1967 1028 2038 episcopi
1074 1984 1194 2022 non
1240 1967 1349 2021 nisi
1387 1967 1575 2038 jejuni
1621 1967 2092 2023 confirmationes

471 2057 698 2125 faciant,
733 2063 964 2128 excepta
993 2073 1160 2111 causa
1189 2056 1556 2112 inﬁrmitatis.

401 2146 635 2202 LXVIII.
672 2147 742 2200 Ut
785 2145 1066 2216 episcopis
1094 2146 1154 2199 in
1179 2162 1403 2215 campo,
1448 2145 1494 2200 si
1535 2161 1763 2200 necesse
1811 2145 1904 2212 sit,
1927 2145 2094 2200 liceat

472 2225 812 2288 conﬁrmare
844 2251 856 2287 :
915 2234 1121 2287 melius
1161 2239 1245 2288 est
1296 2239 1486 2288 autem
1537 2233 1599 2288 in
1629 2233 1864 2288 ecclesia
1905 2239 2006 2288 aut
2033 2233 2093 2288 in

473 2323 619 2376 atrio
652 2321 924 2376 ecclesiae.

404 2410 592 2465 LXIX.
646 2411 715 2464 Ut
764 2426 799 2462 a
855 2409 988 2464 solis
1053 2409 1333 2480 episcopis
1411 2409 1682 2480 baptizati
1724 2409 1858 2476 sint,
1907 2409 2095 2464 consi-

476 2497 712 2568 gnandL

408 2587 567 2641 LXX.
627 2587 697 2640 Ut
737 2585 1055 2655 presbyteri
1125 2586 1441 2656 baptizatos
1487 2586 1548 2640 in
1615 2585 1900 2640 frontibus
1947 2585 2098 2641 chri-

477 2678 656 2728 smate
689 2674 917 2745 signare
943 2690 1060 2728 non
1093 2675 1360 2729 audeant.

408 2763 583 2818 LXXI.
650 2763 728 2816 De
781 2762 1127 2832 presbyteris
1195 2764 1295 2832 qui
1345 2777 1448 2833 pro
1516 2761 1856 2832 baptismate
1913 2762 2099 2832 pretia

475 2850 796 2921 requirunt.

409 2937 608 2992 LXXII.
649 2939 726 2992 De
780 2938 1125 3008 presbyteris
1171 2939 1274 3010 qui
1323 2939 1500 2993 veteri
1549 2938 1856 2993 chrismate
1911 2937 2094 3010 bapti-

479 3044 606 3082 zare
637 3033 1018 3099 prmsumunt.

409 3118 630 3172 LXXIII.
695 3119 764 3172 Ut
812 3118 1109 3189 presbyter
1162 3118 1222 3172 in
1277 3134 1376 3172 sua
1426 3117 1592 3187 plebe
1647 3117 1769 3171 sine
1797 3117 2100 3172 chrismate

479 3205 561 3259 ire
591 3222 710 3260 non
739 3207 960 3260 debeat.

409 3293 624 3348 LXXIV.
674 3296 749 3348 De
813 3293 1146 3365 presbytero
1213 3293 1312 3364 qui
1372 3309 1431 3346 se
1491 3291 1934 3363 deprehenderit
1989 3308 2102 3346 non

481 3398 605 3436 esse
625 3382 999 3452 baptizatum.

410 3471 601 3526 LXXV.
638 3473 713 3525 De
743 3471 1112 3541 presbyteris,
1146 3469 1438 3540 quomodo
1463 3469 1520 3522 in
1552 3484 1712 3524 omna
1761 3469 1990 3524 Domini
2033 3470 2104 3526 de

481 3558 806 3625 chrismate,
858 3559 927 3612 de
977 3559 1100 3612 oleo
1132 3558 1500 3624 sanctiﬁcato,
1551 3558 1620 3612 de
1668 3559 1794 3613 oleo
1839 3558 2104 3614 inﬁrmo-

481 3662 611 3700 rum
641 3647 826 3700 facere
857 3646 1122 3700 debeant.

418 3735 642 3790 LXXVI.
682 3735 762 3788 De
791 3735 990 3788 eadem
1023 3750 1103 3788 re.

413 3823 652 3878 LXXVII.
690 3824 768 3876 De
803 3823 1000 3875 eadem
1032 3838 1113 3876 re.

415 3912 727 3966 LXXXVIII.
761 3912 838 3965 De
865 3911 1062 3965 eadem
1095 3927 1173 3964 re.

414 4000 626 4054 LXXIX.

483 4092 663 4142 smate
692 4088 762 4142 ad
801 4087 1056 4141 civitates
1076 4087 1271 4140 venire
1299 4087 1504 4140 solent.

735 4001 809 4053 De
863 3999 1212 4070 presbyteris
1271 3998 1368 4069 qui
1422 4014 1526 4068 pro
1587 3997 1915 4068 accipiendo
1965 3997 2112 4051 chri-

2271 559 2494 612 debeat.

2199 648 2409 702 LXXXI.
2446 648 2523 700 De
2570 646 2801 714 Iudaeis,
2851 647 3144 717 quomodo
3196 652 3325 701 ante
3367 648 3689 718 baptismum
3722 667 3828 705 exa-

2270 735 2476 789 minari
2511 735 2772 788 debeant.

2201 823 2438 876 LXXXII.
2477 824 2555 876 De
2583 822 2814 878 Judmis.

2269 911 2472 966 debeat
2502 911 2734 964 inferre.

2201 997 2466 1052 LXXXIII.
2504 1000 2574 1052 Ut
2599 999 2927 1053 Iudaeorum
2958 999 3065 1053 iilii
3095 998 3365 1067 baptizati
3394 997 3463 1052 ab
3510 1015 3692 1052 eorum
3727 1015 3831 1053 con-

2270 1087 2446 1140 sortio
2477 1086 2733 1157 separari
2763 1087 3026 1141 debeant.

2198 1173 2454 1228 LXXXIV.
2497 1175 2563 1228 Ut
2612 1175 2770 1228 nulla
2813 1174 3141 1228 communio
3184 1174 3255 1228 sit
3303 1174 3552 1229 Hebraeis
3590 1175 3653 1228 ad
3697 1175 3829 1229 ﬁdem

2271 1262 2652 1317 Christianam
2682 1263 2973 1316 translatis
3026 1278 3156 1316 cum
3211 1263 3340 1316 aliis
3399 1263 3646 1316 nondum
3693 1263 3831 1333 bapti-

2272 1350 2433 1403 zatis.

2202 1438 2439 1493 LXXXV.
2481 1439 2559 1491 De
2588 1438 2800 1492 Judzeis
2826 1439 2921 1508 qui
2943 1443 3432 1508 apostataverunt.

2201 1526 2459 1580 LXXXVI.
2498 1527 2575 1580 De
2603 1527 2930 1581 Iudaeorum
2959 1526 3154 1580 servis.
3922 1559 3923 1590 ;

2200 1615 2485 1669 LXXXVII.
2539 1615 2612 1668 De
2686 1613 2987 1684 mancipiis
3025 1614 3359 1668 Iudaeorum
3411 1629 3536 1683 quae
3591 1613 3656 1667 ad
3696 1612 3830 1684 bapti-

2273 1719 2463 1756 smum
2493 1703 2851 1773 confugiunt.

2125 1751 2164 1804 Β
2204 1751 2802 1847 mutilas;
2818 1751 3140 1862 -mancipiis
3181 1791 3535 1857 Iudaeorum,
3584 1793 3670 1844 aut
3709 1790 3826 1845 Chri-

2269 1880 2487 1946 stianis,
2521 1885 2620 1935 aut
2650 1880 2721 1935 ad
2777 1880 2950 1935 ﬁdem
2995 1879 3383 1936 Christianam
3435 1879 3621 1932 venire
3659 1879 3826 1932 deside-

2267 1969 2547 2023 rantibus.
3423 1987 3426 1990 ’

2203 2058 2457 2112 LXXXIX.
2492 2058 2568 2111 De
2603 2057 2717 2111 illis
2747 2057 2848 2128 qui
2894 2056 2963 2110 de
3005 2057 3211 2111 haeresi
3262 2057 3334 2110 ad
3363 2057 3534 2111 ﬁdem
3563 2055 3730 2108 venire
3754 2054 3824 2107 de-

2271 2147 2546 2202 siderant.

2199 2236 2300 2290 XC.
2339 2237 2415 2288 De
2446 2234 2678 2301 Iudaeis,
2711 2234 2759 2288 si
2811 2234 3201 2289 Christianum
3239 2233 3593 2304 mancipium
3645 2233 3827 2286 circnm-

2272 2323 2537 2378 ciderint.

2200 2412 2330 2467 XCI.

2273 2501 2442 2570 perit.

2203 2588 2356 2643 XCII.
2394 2590 2471 2642 De
2520 2587 2634 2642 illis
2687 2587 2988 2659 baptizatis
3044 2588 3144 2658 qui
3176 2604 3281 2658 pro
3334 2587 3583 2658 periculo
3625 2584 3787 2640 mortis
3814 2601 3835 2635 a

2277 2676 2606 2730 diaconibus
2637 2677 2910 2747 baptizati
2941 2677 3172 2730 fuerint.

2205 2765 2389 2821 XCIII.
2429 2767 2505 2818 De
2535 2764 2648 2818 illis
2679 2765 2779 2836 qui
2825 2765 3188 2836 presbyteros
3229 2769 3446 2835 cogunt
3490 2762 3728 2818 denarios
3765 2776 3839 2832 pro

2278 2855 2540 2907 balsamo
2573 2854 2727 2907 dare.

2211 2943 2384 2997 XCIV.
2421 2943 2498 2995 De
2529 2940 2853 2995 chrismatis
2883 2957 3097 3011 panno.

2135 3029 2174 3084 C
2211 3032 2360 3086 XCV.
2393 3030 2556 3094 Quod
2596 3030 2992 3084 catechumeni
3036 3045 3166 3084 cum
3209 3029 3512 3101 baptizatis
3562 3026 3840 3082 manducare

2283 3135 2400 3172 non
2429 3118 2692 3172 debeant.

2207 3207 2380 3262 XCVI.
2416 3207 2494 3260 De
2529 3205 2805 3260 scrutinio
2837 3205 3118 3259 faciendo.

2208 3296 2409 3350 XCVII.
2443 3295 2521 3348 De
2551 3295 2871 3348 ministerio
2901 3293 3279 3364 baptismatis.

2209 3384 2435 3438 XCVIII.
2467 3383 2632 3448 Quod
2662 3382 2925 3453 bigamus
2957 3386 3206 3450 vocetur,
3240 3382 3345 3453 qui
3379 3386 3508 3435 ante
3555 3377 3838 3447 baptismum

2285 3487 2544 3532 uxorem,
2568 3475 2625 3524 et
2651 3471 2822 3524 aliam
2855 3475 2986 3540 post
3015 3470 3369 3540 baptismum
3401 3467 3615 3524 habuit.

2211 3561 2380 3616 XCIX.
2422 3561 2497 3614 De
2528 3559 2811 3629 episcopis
2840 3564 2896 3612 et
2930 3558 3275 3630 presbyteris
3317 3563 3376 3611 et
3425 3554 3730 3612 diaconibus
3779 3565 3839 3602 re-

2282 3648 2604 3719 baptizatis.

2215 3738 2271 3792 C.
2327 3737 2405 3790 De
2436 3752 2503 3790 eo
2557 3735 2655 3806 qui
2696 3751 2800 3806 per
2846 3733 3234 3805 ignorantiam
3265 3733 3567 3788 ordinatur
3591 3734 3836 3798 antequam

2284 3823 2626 3894 baptizatur.

2216 3911 2302 3966 CI.
2341 3912 2417 3965 De
2442 3910 2556 3965 illis
2585 3911 2685 3982 qui
2713 3910 2965 3982 igratiam
3017 3909 3197 3963 sancti
3239 3909 3489 3980 Spiritus
3535 3906 3750 3960 vendere
3779 3917 3839 3954 co-

2217 4004 2450 4052 nantur.

2598 4097 2605 4104 ’
2679 4087 2880 4141 Indicis
2910 4086 3271 4156 capitulorum
3301 4087 3447 4154 ﬁnis.

1657 4338 2656 4462 BURCHARDI

1402 4532 1810 4588 ECCLESIE
1864 4532 2494 4588 WORMACIENSIS
2553 4532 2928 4587 EPISCOPI

587 4713 1940 4861 DECRETORUM
2051 4715 2637 4859 LIBER
2743 4711 3693 4889 QUARTUS.

1061 4956 1161 5020 DE
1209 4954 1751 5022 SACRAMENTO
1798 4954 2346 5021 BAPTISMATIS
2402 4955 2506 5020 ET
2555 4955 3261 5023 CONFIRMATIONIS.

888 5218 1375 5274 ARGUMENTUM
1412 5218 1618 5274 LIBRI.

483 5305 648 5361 Libro
694 5306 804 5361 hoc
851 5307 920 5362 de
959 5307 1244 5379 baptismo
1301 5312 1357 5360 et
1407 5307 1864 5370 conﬁrmatione,
1921 5306 2106 5376 deque

410 5392 482 5448 iis
511 5410 640 5465 qua:
659 5397 808 5449 circa
835 5397 958 5450 haec
989 5395 1344 5450 observanda
1375 5399 1526 5462 sunt,
1557 5398 1852 5450 tractatur.

800 5483 929 5537 CAP.
963 5485 1003 5538 Ι.
1033 5513 1102 5524 -
1128 5484 1270 5550 Quid
1292 5486 1364 5538 sit
1387 5485 1708 5553 baptismus.

482 5573 593 5642 (Em
617 5571 760 5627 decr.
795 5571 1019 5626 Fabian.
1052 5588 1228 5642 papae,
1263 5589 1383 5642 cap.
1415 5571 1493 5643 5.)
1535 5571 1858 5642 Baptismus
1887 5572 2099 5638 Graece,

2217 5219 2413 5273 Latine
2462 5221 2649 5274 tinctio
2709 5218 3137 5290 interpretatur.
3209 5219 3373 5284 Quod
3432 5215 3627 5272 idcirco
3682 5201 3834 5262 tinctio

2214 5307 2441 5373 dicitur,
2474 5307 2609 5377 quia
2645 5307 2724 5362 ibi
2755 5309 2926 5362 homo
2958 5307 3164 5378 spiritu
3196 5307 3392 5377 gratiae
3439 5305 3496 5358 in
3540 5298 3721 5356 melius
3743 5305 3832 5346 mu-

2212 5401 2384 5462 tatur,
2414 5401 2470 5450 et
2500 5397 2668 5466 longe
2699 5396 2856 5450 aliud
2895 5411 3068 5465 quam
3099 5401 3221 5450 erat
3267 5395 3520 5456 efﬁcitur,
3577 5383 3832 5472 baptizatus

2210 5482 2270 5537 in
2302 5483 2534 5538 nomine
2567 5483 2770 5549 Patris,
2799 5489 2855 5538 et
2886 5484 3033 5550 Filii,
3066 5490 3122 5538 et
3150 5483 3391 5554 Spiritus
3419 5478 3604 5534 sancti.
3639 5473 3768 5528 Sicut
3789 5479 3829 5516 In

2209 5571 2391 5627 tribus
2419 5572 2659 5628 testibus
2689 5578 2801 5627 stat
2830 5588 3001 5628 omne
3030 5573 3289 5639 verbum,
3329 5572 3406 5626 ita
3435 5569 3535 5624 hoc
3561 5568 3827 5618 sacramen-

2852 826 2908 875 ut
2938 823 3133 876 nullus
3163 823 3242 877 eis
3293 823 3402 876 vim
3432 823 3502 877 ad
3537 825 3829 880 credendum
3921 823 3923 882 Ψ

2427 2412 2570 2476 Quid
2628 2416 2856 2466 sanctus
2913 2411 3217 2482 Gregorius
3282 2411 3354 2465 de
3425 2409 3624 2465 Judmis
3670 2426 3829 2480 praece-
3922 2425 3923 2482 ξ
