4028 6190
165 335 289 386 729

168 561 336 611 rum,
371 544 425 597 id
459 545 569 605 est,
608 540 819 607 Patris,
855 546 913 595 et
946 542 1088 607 Filii,
1120 547 1171 595 et
1198 536 1461 611 Spiritus
1495 538 1704 594 sancti.

286 652 417 705 CAP.
454 650 525 703 II.
556 680 627 689 —
670 650 739 701 Ut
770 653 972 716 printer
1001 650 1202 702 Pascha
1231 653 1277 702 et
1314 645 1679 702 Pentecostcn
1705 647 1818 699 nisi

410 726 587 775 morte
610 720 1062 789 periclitantibus
1095 720 1395 789 baptismus
1431 733 1537 772 non
1566 722 1690 787 ﬁat.

250 830 362 895 (Ea:
392 829 557 896 epist.
608 828 777 880 Leon.
808 841 992 894 papae,
1026 841 1149 893 cap.
1188 825 1290 893 ll.)
1328 823 1492 877 Unde
1545 823 1686 894 quia
1736 824 1919 877 mani-

168 916 488 970 festissime
521 920 712 984 patet,
763 913 1128 983 baptizandis
1172 912 1233 965 in
1262 912 1511 966 Ecclesia
1557 910 1757 966 electis
1800 913 1922 967 haec

170 1006 293 1059 duo
341 1009 639 1073 tempora,
705 1002 759 1056 id
824 1007 910 1054 est
958 1000 1176 1054 Pascha
1232 1005 1287 1054 et
1334 1002 1737 1064 Pentecosten,
1798 1018 1919 1057 esse

172 1093 461 1163 legitima,
506 1091 887 1145 dilectionem
942 1094 1196 1144 vestram
1246 1106 1567 1158 monemus,
1622 1096 1686 1144 ut
1731 1093 1920 1147 nullos

169 1183 319 1235 alios
358 1181 481 1235 dies
531 1181 671 1233 huic
703 1179 1086 1232 observantia:
1136 1179 1443 1232 misceatis.
1499 1180 1645 1243 Quia
1694 1180 1738 1232 si
1787 1187 1920 1235 sunt

171 1271 291 1323 alia
348 1284 584 1339 quoque
648 1268 800 1320 festa
856 1267 1067 1335 quibus
1126 1268 1314 1319 multa
1364 1268 1421 1319 iu
1484 1267 1766 1321 honorem
1818 1269 1917 1322 Dei

175 1358 508 1411 reverentia
565 1356 876 1421 debeatur,
928 1354 1268 1424 principalis
1322 1360 1519 1408 tamen
1578 1361 1635 1409 et
1682 1358 1917 1411 maximi

172 1443 526 1499 sacramenti
578 1443 961 1496 custodienda
1009 1442 1175 1495 nobis
1227 1447 1314 1495 est
1369 1443 1608 1513 mystica
1656 1449 1711 1497 et
1753 1446 1919 1498 ratio-

171 1534 387 1588 nabilis
440 1530 826 1601 exemplatio,
882 1544 1020 1582 non‘
1046 1530 1368 1584 interdicta
1421 1531 1648 1585 licentia
1704 1549 1819 1603 qua
1856 1534 1914 1587 in

170 1622 467 1692 baptismo
503 1619 820 1673 tribuenda
856 1618 1111 1688 quolibet
1144 1624 1421 1689 tempore
1464 1620 1915 1687 periclitantibus

173 1712 540 1765 subvenitur.
598 1710 685 1761 Ita
731 1708 883 1761 enim
939 1707 1007 1759 ad
1036 1707 1139 1760 has
1196 1710 1349 1762 duas
1400 1707 1730 1763 festivitates
1777 1728 1913 1764 con-
1948 1738 1985 1791 Β

175 1816 358 1853 nexas
388 1798 627 1852 sibimet
684 1802 854 1866 atque
884 1801 1181 1865 cognatas,
1230 1796 1625 1851 incolumium
1678 1804 1733 1852 et
1759 1798 1914 1868 pacis

175 1889 487 1941 securitate
546 1886 886 1956 degentium
938 1885 1115 1937 libera
1170 1891 1306 1938 vota
1367 1883 1701 1952 deferimus,
1752 1892 1812 1939 ut
1855 1887 1915 1940 in

178 1977 389 2031 mortis
435 1976 726 2047 periculo,
762 1975 819 2026 in
868 1973 1182 2027 obsidionis
1229 1972 1595 2039 discrimine,
1637 1975 1697 2027 in
1729 1992 1916 2045 perse-

179 2066 431 2120 cutionis
471 2064 786 2134 angustiis,
830 2062 888 2115 in
941 2063 1154 2116 timore
1188 2060 1502 2129 naufragii,
1556 2063 1712 2115 nullo
1766 2068 1913 2116 tem-

181 2170 328 2225 pore
362 2155 469 2207 hoc
502 2169 661 2206 verae
697 2152 899 2205 salutis
930 2152 1221 2220 singulare
1253 2148 1599 2220 praesidium
1647 2150 1913 2222 cuiquam

182 2242 566 2311 denegemus.

181 2347 317 2402 CAP.
356 2348 452 2400 lll.
486 2377 557 2385 —
607 2346 723 2411 Quo
773 2350 1016 2413 tempore
1058 2344 1335 2413 baptisma
1392 2342 1778 2399 celebrandum
1821 2349 1911 2414 sit,

258 2424 309 2470 et
338 2424 397 2470 ut
446 2419 544 2485 qui
579 2418 944 2485 baptizantur
974 2431 1079 2468 non
1123 2416 1369 2483 inﬁdeles
1411 2414 1508 2467 sed
1541 2415 1737 2481 ﬁdeles
1774 2418 1918 2471 inve-

257 2492 507 2542 niantur.

258 2597 370 2659 (Ea:
400 2595 544 2648 decr.
587 2595 827 2649 Victoris
856 2607 1033 2660 papae,
1073 2592 1351 2657 fratribus
1378 2606 1490 2660 per
1517 2590 1915 2645 Alexandriam

183 2685 522 2749 constitutis,
595 2697 722 2750 cap.
793 2680 871 2749 2.)
934 2679 994 2731 In
1051 2680 1310 2747 paschali
1360 2694 1507 2732 vero
1564 2682 1823 2748 tempore
1862 2687 1918 2734 et

183 2773 527 2826 Pentecoste
587 2769 879 2838 baptisma
936 2766 1339 2821 celebrandum
1404 2770 1498 2819 est
1548 2768 1912 2833 catholicum,

184 2860 287 2913 sed
338 2865 530 2913 tamen
565 2858 613 2911 si
654 2871 884 2910 necesse
936 2854 1125 2919 fuerit,
1179 2862 1277 2908 aut
1330 2853 1547 2909 mortis
1595 2856 1913 2924 periculum

186 2947 501 3017 ingruerit,
552 2946 796 3016 gentiles
824 2944 893 2996 ad
937 2942 1108 2996 ﬁdem
1151 2944 1463 2997 venientes
1506 2957 1736 3012 quoquo
1766 2944 1910 3008 loco,

186 3037 279 3088 vel
316 3038 632 3098 momento,
685 3032 1013 3101 ubicunque
1061 3032 1333 3095 evenerit,
1392 3028 1515 3082 sive
1546 3029 1605 3082 in
1650 3030 1912 3096 flumine,
1945 3019 1985 3073 C

190 3122 314 3175 sive
369 3122 430 3175 in
476 3121 645 3186 mari,
698 3120 813 3172 sive
865 3118 924 3171 in
980 3118 1232 3171 fontibus
1288 3123 1524 3172 tantum
1578 3119 1915 3173 Christiana:

190 3211 560 3264 confessione
606 3207 958 3262 credulitatis
1005 3206 1309 3261 clariﬁcata
1362 3206 1753 3276 baptizantur.
1800 3208 1914 3278 Ipsi

193 3314 457 3370 quoque,
504 3297 661 3368 quod
711 3298 767 3349 in
816 3296 1100 3366 baptismo
1154 3296 1403 3364 polliciti
1450 3300 1601 3360 sunt,
1658 3312 1914 3350 summo-

196 3404 341 3457 pere
389 3392 474 3439 est
500 3385 930 3450 attendendum,
964 3399 1036 3437 ne
1068 3383 1330 3437 infideles
1380 3384 1477 3436 sed
1522 3383 1721 3437 fideles
1762 3387 1914 3439 inve-

197 3476 462 3529 niantur.
494 3475 607 3544 Ipsi
636 3490 770 3527 vero
817 3474 915 3542 qui
948 3472 1302 3525 inﬁdelitatis
1335 3478 1473 3526 nota
1506 3480 1911 3542 asperguntur,

196 3564 452 3617 infames
496 3561 845 3622 efficiuntur,
896 3565 1066 3630 atque
1115 3560 1269 3613 inter
1314 3559 1517 3613 ﬁdeles
1557 3560 1798 3617 minime
1829 3579 1915 3616 re-

198 3657 507 3721 putantur.

337 3756 467 3810 CAP.
502 3757 587 3809 IV.
620 3784 688 3796 —
715 3758 786 3812 De
811 3755 1016 3809 duobus
1053 3756 1376 3823 temporibus
1411 3754 1780 3824 baptismatis.

280 3864 389 3931 (Ea:
418 3863 560 3916 decr.
615 3863 819 3918 Gelasii
856 3877 1039 3931 papae,
1092 3876 1213 3929 cap.
1252 3863 1363 3927 10.)
1416 3860 1752 3930 Baptizandi
1804 3864 1912 3919 sibi

202 3952 500 4023 quispiam
533 3951 744 4021 passim
796 3965 1139 4021 quocunque
1170 3955 1433 4019 tempore
1467 3950 1685 4004 nullam
1718 3954 1914 4007 credat

203 4043 398 4096 inesse
437 4040 725 4105 ﬁduciam,
757 4044 968 4110 praeter
996 4038 1265 4092 Paschale
1297 4039 1509 4092 festum
1542 4044 1598 4094 et
1642 4041 1912 4097 Penteco-

203 4136 327 4183 stes
391 4127 713 4181 venerabile
784 4130 1247 4192 sacramentum,
1330 4132 1561 4197 excepto
1636 4128 1913 4185 duntaxat

204 4216 531 4288 gravissimi
585 4216 876 4286 languoris
924 4214 1181 4277 incursu,
1224 4214 1285 4267 in
1333 4231 1447 4285 quo
1479 4217 1791 4273 verendum
1826 4224 1913 4273 est

205 4322 308 4369 ne,
342 4304 527 4357 morbi
554 4309 839 4357 crescente
889 4302 1165 4373 periculo,
1196 4302 1320 4356 sine
1368 4304 1622 4358 remedio
1670 4306 1905 4361 salutari
1940 4302 1981 4354 Ι)

203 4392 471 4450 fortassis
502 4398 785 4462 aegrotans
818 4391 994 4446 exitio
1023 4396 1349 4461 praeventus
1374 4393 1656 4446 abscedat.

206 4503 346 4556 CAP.
378 4500 436 4553 V.
475 4528 539 4540 —
588 4499 729 4553 Item
779 4515 883 4569 quo
914 4504 1147 4566 tempore
1194 4498 1496 4567 baptismus
1536 4502 1658 4568 ﬁeri
1700 4501 1906 4557 debeat.

286 4607 397 4673 (Ecc
444 4606 586 4659 decr.
644 4606 824 4673 Syrici
873 4620 1054 4674 papae,
1087 4619 1207 4673 cap.
1257 4605 1337 4670 2.)
1397 4605 1663 4675 Sequitur
1696 4608 1765 4660 de
1817 4608 1908 4662 di-

206 4695 394 4748 versis
438 4693 929 4763 baptizandorum,
963 4698 1135 4762 prout
1168 4692 1475 4764 unicuique
1518 4694 1745 4749 libitum
1780 4695 1909 4749 fue-

206 4784 309 4847 rit,
383 4781 776 4851 improhabilis
850 4786 906 4834 et
966 4782 1325 4835 emendanda
1380 4782 1655 4847 confusio,
1707 4799 1838 4853 quae
1878 4800 1909 4838 a

207 4871 427 4926 nostris
482 4871 1004 4936 consacerdotibus,
1084 4870 1239 4940 quod
1310 4871 1582 4924 commoti
1644 4871 1904 4940 dicimus,

204 4975 333 5014 non
362 4959 582 5013 ratione
608 4959 963 5013 auctoritatis
1011 4958 1273 5027 alicujus,
1309 4960 1403 5011 Sed
1436 4960 1555 5012 sola
1585 4961 1905 5017 temeritate

204 5048 600 5119 praesumitur,
654 5053 715 5101 ut
762 5048 973 5117 passim
1028 5062 1093 5100 ac
1135 5046 1312 5100 libere
1357 5047 1629 5100 natalitiis
1673 5047 1903 5115 Christi,

205 5152 315 5190 seu
344 5135 735 5207 apparitionis,
768 5150 992 5189 necnon
1023 5140 1079 5188 et
1108 5136 1528 5203 apostolorum,
1561 5151 1657 5188 seu
1689 5140 1904 5205 marty-

1152 326 1657 385 DECRETORUM
1703 326 1888 382 LIBRI
1930 330 2039 384 XX.
2076 358 2143 367 —
2186 328 2395 382 LIBER
2427 330 2778 393 QUARTUS.

168 462 305 510 tum
337 453 649 508 conﬁrmat
695 451 985 505 ternarius
1030 467 1295 506 numerus
1328 451 1658 505 nominum
1704 448 1926 503 divino-
1954 455 1999 506 A

204 5241 341 5281 rum
402 5223 801 5279 festivitatibus
870 5224 1213 5291 innumerae,
1295 5230 1357 5277 ut
1412 5224 1635 5291 asseris,
1708 5224 1904 5293 plebes

205 5313 480 5381 baptismi
534 5312 865 5382 mysterium
934 5316 1379 5381 consequantur,
1448 5329 1577 5366 cum
1629 5314 1737 5366 hoc
1795 5312 1903 5366 sibi

205 5402 577 5474 privilegium
627 5406 683 5454 et
723 5401 873 5471 apud
906 5417 1027 5467 nos,
1075 5407 1131 5453 et
1177 5402 1326 5471 apud
1377 5418 1574 5455 omnes
1610 5403 1898 5465 Ecclesias,

206 5489 577 5545 Dominicum
625 5488 948 5558 specialiter
984 5503 1114 5541 cum
1162 5489 1494 5543 Pentecoste
1542 5506 1643 5542 suo
1692 5490 1904 5544 Pascha

206 5576 500 5633 defendat.

3647 351 3751 404 730

2509 455 2642 509 CAP.
2681 460 2767 514 Vl.
2805 492 2870 500 —
2902 466 2975 516 De
2995 465 3178 519 eadem
3206 482 3281 521 re.

2106 538 2213 607 (Em
2254 539 2444 592 concil.
2503 546 2662 611 apud
2694 549 3108 620 Compendium,
3166 570 3285 622 cap.
3338 558 3415 625 3.)
3472 559 3537 611 Ut
3587 564 3743 612 extra

2034 629 2245 680 statuta
2276 630 2548 695 tempora
2596 650 2907 699 canonum,
2950 639 3001 691 id
3037 646 3121 692 est
3154 642 3212 694 in
3261 644 3474 698 Pascha
3505 651 3560 698 et
3607 648 3747 700 Pen-

2033 719 2267 780 tecoste,
2314 714 2609 784 baptisma
2659 740 2775 777 non
2825 728 3183 782 celebretur:
3219 732 3354 799 quia
3386 734 3527 787 sacri
3578 751 3747 789 cano-
3812 795 3827 809 ,

2030 820 2134 857 nes
2166 803 2276 856 hoc
2308 805 2494 858 modis
2542 814 2835 876 omnibus,
2884 814 2989 866 nisi
3021 816 3249 885 aliquod
3300 819 3618 887 periculum
3653 822 3742 873 in—
3813 803 3823 819 ἡ

2031 892 2258 955 stiterit,
2296 891 2415 944 ﬁeri
2464 901 2801 968 prohibent,
2846 902 2903 953 in
2952 908 3169 956 tantum
3206 911 3269 957 ut
3312 908 3481 960 etiam
3514 925 3609 961 eos
3642 910 3743 979 qui

2029 981 2144 1034 alio
2194 985 2454 1050 tempore
2508 985 2891 1057 baptizantur,
2942 1006 2972 1041 a
3018 992 3292 1061 gradibus
3350 996 3741 1049 ecclesiasticis

2029 1070 2376 1135 abstineant,
2410 1086 2517 1125 nec
2552 1076 2618 1127 ad
2654 1078 2867 1129 clerum
2898 1080 3293 1133 admittantur.

2482 1179 2611 1234 CAP.
2652 1182 2762 1235 Vll.
2798 1212 2863 1222 —
2900 1184 2981 1236 De
3002 1185 3185 1237 eadem
3216 1202 3289 1238 re.

2103 1267 2215 1334 (Ex
2254 1266 2443 1319 concil.
2505 1270 2796 1335 Wormac.,
2861 1287 2982 1339 cap.
3041 1272 3146 1341 l0.)
3202 1274 3553 1329 Sacrosancti
3605 1278 3739 1348 bap-

2027 1351 2186 1406 tismi
2232 1364 2675 1422 sacramentum,
2725 1375 2840 1410 non
2873 1360 2980 1412 nisi
3030 1360 3087 1413 in
3124 1363 3377 1415 Paschali
3409 1364 3733 1431 festivitate,

2028 1445 2085 1494 et
2115 1442 2449 1496 Pentecoste
2484 1446 2880 1515 unusquisque
2916 1448 3167 1501 ﬁdelium
3198 1452 3417 1504 noverit
3447 1468 3566 1505 esse
3592 1470 3736 1522 prae-

2025 1527 2283 1583 bendum
2322 1545 2335 1583 :
2370 1533 2623 1601 exceptis
2673 1534 2760 1586 his
2813 1535 3021 1603 quibus
3076 1538 3278 1590 mortis
3325 1540 3579 1607 periculo
3639 1558 3733 1594 ur-

2026 1625 2218 1688 gente,
2253 1635 2321 1672 ne
2355 1619 2416 1671 in
2448 1626 2729 1673 aeternum
2764 1630 3017 1691 pereant,
3054 1626 3259 1678 talibus
3291 1632 3517 1695 oportet
3547 1645 3730 1683 reme-

2026 1706 2138 1760 diis
2171 1708 2503 1761 subvenire.

2028 1813 2158 1868 CAP.
2193 1815 2338 1867 VIII.
2364 1843 2442 1891 _—
2478 1816 2545 1880 Ut
2574 1817 2774 1891 viginti
2820 1817 2935 1870 dies
2965 1822 3090 1891 ante
3130 1818 3457 1889 baptismum
3487 1822 3561 1875 ad
3602 1838 3734 1891 pur-

2253 1888 2525 1951 gationem
2558 1889 2849 1939 exorcismi
2876 1888 3243 1942 catechumeni
3266 1894 3505 1945 veniant.

2100 1973 2204 2041 (Ea:
2236 1974 2423 2027 concil.
2470 1975 2769 2040 Braggar.,
2801 1991 2917 2043 cap.
2949 1977 3025 2045 3.)
3073 1979 3185 2030 Hoc
3215 1979 3562 2033 omnimodis
3593 1998 3730 2051 prse-

2025 2060 2271 2131 cipimus
2328 2065 2384 2113 et
2449 2061 2674 2130 antiqui
2742 2079 2989 2115 canones
3054 2066 3410 2136 praecipiunt,
3480 2074 3543 2121 ut
3598 2075 3729 2123 ante

2026 2148 2381 2218 baptismum
2432 2148 2635 2218 viginti
2685 2150 2807 2203 dies
2855 2151 2922 2203 ad
2978 2154 3380 2222 purgationem
3425 2157 3726 2210 exorcismi

2024 2237 2421 2291 catechumeni
2488 2237 2755 2305 veniant,
2824 2244 2880 2291 et
2942 2239 3001 2292 in
3069 2241 3180 2293 illis
3245 2242 3451 2308 viginti
3523 2244 3727 2299 diebus

2018 2325 2185 2396 juxta
2230 2324 2573 2379 canonicum
2624 2334 2995 2397 praaceptum,
3032 2334 3087 2382 et
3124 2329 3457 2383 erudiantur
3504 2336 3558 2385 et
3587 2348 3723 2387 con-
3798 2378 3811 2389 .

2023 2417 2337 2467 secrentur.

2025 2520 2153 2573 CAP.
2220 2521 2305 2573 IX.
2373 2548 2436 2559 —-
2480 2522 2638 2585 Quod
2697 2536 2875 2575 omnes
2935 2522 3009 2574 ad
3073 2523 3401 2591 baptismum
3455 2528 3723 2583 venientes

2097 2592 2292 2665 quinta
2332 2592 2476 2656 feria
2507 2595 2733 2665 majoris
2766 2592 3130 2665 hebdomade,
3162 2593 3326 2662 ﬁdem
3356 2598 3599 2665 episcopo
3644 2601 3724 2652 vel

2092 2660 2407 2729 presbytero
2438 2662 2665 2715 reddere
2694 2663 2939 2716 debeant.

2098 2751 2201 2818 (Ea:
2233 2750 2418 2803 concil.
2466 2751 2799 2817 Laodicensi,
2834 2767 2953 2820 cap.
2990 2750 3099 2820 46.)
3133 2752 3291 2816 Quod
3327 2758 3585 2823 oporteat
3625 2772 3722 2811 eos

2026 2837 2126 2905 qui
2173 2838 2242 2891 ad
2295 2837 2575 2907 baptisma
2620 2839 2856 2892 veniunt
2907 2839 3077 2892 fidem
3130 2841 3365 2905 discere,
3415 2846 3471 2895 et
3521 2843 3720 2913 quinta

2024 2920 2169 2976 feria
2220 2923 2556 2993 septimanae
2613 2926 2844 2995 majoris
2901 2925 3171 2996 episcopo
3227 2933 3326 2980 aut
3374 2930 3720 2999 presbyteris

2023 3011 2285 3065 reddere.

2026 3119 2152 3173 CAP.
2208 3121 2267 3174 X.
2325 3148 2395 3161 —
2445 3122 2511 3175 Ut
2569 3136 2746 3176 omnes
2786 3122 3108 3246 bapéiaandi
3152 3125 3307 3190 prius
3344 3124 3454 3176 sint
3511 3127 3719 3179 exorci-

2780 3209 2881 3246 zan
2928 3210 2965 3245 ι.
3032 3218 3037 3225 ·

2780 3209 2965 3246 zanaz.
3032 3218 3037 3225 ·

2095 3276 2202 3347 (Ea:
2224 3278 2366 3331 decr.
2402 3279 2615 3333 Caelest.
2647 3296 2779 3349 pap.
2820 3282 3131 3333 Galliarum
3162 3283 3324 3349 episc.
3357 3283 3557 3347 missis,
3593 3299 3715 3352 cap.

2030 3367 2137 3434 1?.)
2186 3366 2324 3418 Illud
2359 3367 2545 3431 etiam,
2584 3369 2734 3438 quod
2778 3369 2924 3421 circa
2957 3369 3329 3437 haptizandos
3360 3369 3419 3422 in
3455 3370 3717 3425 universo

2023 3452 2237 3505 mundo
2273 3459 2466 3506 sancta
2514 3456 2756 3509 Ecclesia
2806 3456 3171 3509 uniformiter
3218 3458 3354 3528 agit,
3389 3474 3502 3509 non
3539 3459 3719 3513 otioso

2022 3542 2723 3612 contemplamurintuitu,
2739 3560 2867 3597 cum
2889 3544 3002 3596 sive
3016 3545 3258 3612 parvuli,
3278 3545 3390 3597 sive
3405 3544 3631 3617 [adulti]
3648 3548 3718 3600 ad

2022 3629 2473 3699 regenerationis
2505 3631 2741 3684 veniunt
2774 3636 3217 3697 sacramentum,
3256 3649 3370 3685 non
3400 3633 3561 3701 prius
3590 3635 3717 3689 fon-

2020 3720 2137 3770 tem
2170 3717 2299 3771 vitaz
2330 3717 2554 3783 adeant,
2591 3734 2763 3787 quam
2792 3724 2847 3771 et
2880 3718 3347 3772 exufflationibus
3378 3720 3717 3775 clericorum

2023 3806 2257 3875 spiritus
2310 3807 2377 3859 ab
2428 3808 2509 3860 eis
2566 3807 2901 3861 immundus
2950 3807 3233 3875 abigatur,
3290 3815 3353 3862 ut
3399 3814 3533 3862 tunc
3589 3827 3717 3864 vere

2022 3900 2295 3964 appareat
2343 3895 2631 3965 quomodo
2681 3898 2947 3965 princeps
2992 3895 3162 3964 hujus
3206 3898 3410 3951 mundi
3460 3899 3718 3952 mittatur

2020 3982 2190 4036 foras.

2022 4089 2148 4143 CAP.
2183 4090 2268 4143 Xl.
2315 4092 2381 4143 Ut
2426 4089 2747 4159 baptizandi
2798 4092 3011 4143 nomine
3067 4091 3196 4145 dato
3227 4108 3261 4145 a
3308 4108 3466 4146 carne
3510 4097 3560 4146 et
3590 4095 3717 4148 vino

2657 4176 2712 4215 se
2746 4162 3073 4215 abstineant.

2087 4248 2199 4315 (Ea;
2237 4250 2424 4302 concil.
2480 4250 2764 4316 Carthag.,
2810 4266 2930 4318 cap.
2965 4249 3076 4319 85.)
3126 4250 3455 4320 Baptizandi
3503 4267 3715 4305 nomen

2020 4353 2189 4391 suum
2220 4337 2356 4391 dent
2388 4337 2493 4391 sub
2536 4338 2882 4391 abstinentia
2913 4338 3029 4391 vini
3067 4349 3122 4391 et
3164 4341 3444 4405 carnium,
3481 4356 3541 4393 ac
3589 4357 3715 4394 ma-

2019 4441 2129 4479 nus
2156 4424 2518 4495 impositione
2547 4425 2746 4479 crebro
2779 4426 3105 4480 examinent
3131 4427 3499 4497 baptismum.

2021 4531 2147 4586 CAP.
2182 4532 2292 4585 XII.
2324 4561 2392 4569 —
2427 4532 2579 4602 Quod
2604 4532 2865 4601 neophyti
2912 4548 2947 4584 a
2979 4533 3303 4586 lautioribus
3328 4534 3462 4587 cibis
3492 4535 3716 4603 aliquod

2198 4608 2424 4671 tempus,
2459 4608 2508 4657 et
2540 4619 2574 4656 a
2609 4604 2879 4670 conjugiis
2910 4617 2963 4655 se
2994 4603 3263 4657 abstinere
3289 4604 3531 4659 debeant.

2094 4692 2210 4757 (Ea:
2239 4692 2438 4757 eodem,
2469 4707 2590 4761 cap.
2625 4691 2738 4760 87.)
2778 4691 3057 4760 Neophyti
3086 4692 3420 4762 aliquandiu
3451 4710 3483 4745 a
3515 4676 3719 4747 lautio:

2016 4780 2176 4836 ribus
2221 4780 2425 4851 epulis,
2484 4785 2539 4833 et
2594 4779 2947 4849 spectaculis,
2995 4781 3079 4833 vel
3129 4781 3472 4851 conjugibus
3530 4784 3713 4837 absti-

2018 4874 2209 4924 neant.

2017 4976 2143 5031 CAP.
2178 4975 2313 5030 XIII.
2362 5004 2430 5015 —
2468 4977 2533 5029 Ut
2578 4976 2748 5028 omnis
2792 4975 3076 5043 presbyter
3109 4991 3205 5029 vas
3256 4975 3578 5043 baptismale
3616 4979 3711 5031 ha-

2799 5047 2936 5100 beat.

2089 5137 2193 5197 (Ea:
2226 5136 2393 5188 concit
2440 5134 2719 5199 Meldens.,
2748 5150 2868 5203 cap.
2924 5135 2999 5204 7.)
3029 5135 3226 5189 Omnis
3273 5134 3569 5203 presbyter
3611 5138 3710 5207 qui

2014 5222 2231 5277 fontem
2274 5222 2569 5291 lapideum
2614 5223 2823 5276 habere
2853 5222 3191 5291 nequiverit,
3227 5238 3322 5273 vas
3366 5224 3708 5278 conveniens

2014 5312 2085 5365 ad
2116 5311 2223 5364 hoc
2248 5311 2609 5364 solummodo
2644 5310 2971 5378 baptizandi
3005 5310 3254 5364 officium
3288 5311 3513 5378 habeat,
3552 5316 3706 5383 quod

2014 5406 2169 5453 extra
2204 5400 2495 5453 ecclesiam
2530 5415 2641 5452 non
2694 5399 3044 5467 deportetur.
3096 5399 3369 5453 Similiter
3394 5402 3463 5455 ad
3503 5418 3707 5472 corpo-

2014 5491 2128 5542 rale
2158 5488 2486 5549 lavandum,
2519 5492 2575 5539 et
2621 5486 2689 5539 ad
2735 5486 2913 5554 pallas
2944 5488 3137 5539 altaris
3168 5491 3400 5557 propria
3444 5507 3574 5544 vasa
3605 5491 3707 5543 ha-

2011 5577 2273 5641 beantur,
2308 5576 2367 5629 in
2398 5574 2606 5645 quibus
2636 5573 2779 5627 nihil
2810 5574 2962 5627 aliud
2995 5575 3112 5627 ﬁat.
