4028 6190
399 338 498 391 ’731

521 531 801 600 baptizare
821 538 1140 602 praesumat,
1171 538 1395 602 excepta
1423 549 1587 588 causa
1615 538 1971 604 inﬁrmitatis.

471 616 587 687 (Ea:
618 618 818 685 eodem,
842 634 961 688 cap.
985 619 1101 687 48.)
1123 621 1298 674 Nemo
1322 621 1784 690 presbyterorum
1812 621 2099 691 baptizare

396 711 726 776 praesumat,
761 707 871 760 nisi
904 709 962 762 in
995 707 1316 761 civitatibus
1362 715 1532 779 atque
1565 709 1920 779 temporibus
1958 726 2096 764 con-

395 792 629 859 stitutis,
678 793 789 847 nisi
839 811 1009 848 causa
1055 796 1434 865 aegritudinis,
1467 799 1554 852 vel
1601 807 1768 852 certe:
1801 799 2099 854 necessita-

391 881 483 946 tis,
517 884 573 933 et
621 881 741 934 loca
774 881 873 935 illa
918 882 1321 937 auctoritatem
1361 887 1417 937 et
1445 884 1744 955 privilegia
1785 885 1976 939 debita.
2005 902 2098 940 re-

392 967 631 1022 tineant.

396 1057 525 1110 CAP.
556 1057 662 1110 XV.
714 1086 786 1098 —
833 1060 1082 1123 Qualiter
1111 1062 1160 1113 ei
1202 1062 1300 1128 qui
1339 1061 1514 1128 ﬁdelis
1567 1063 1795 1116 existere
1840 1064 2089 1130 voluerit,

842 1130 1168 1198 baptismum
1197 1135 1271 1185 sit
1293 1132 1656 1186 tribuendum.

465 1213 574 1284 (Ea:
605 1215 748 1270 decr.
786 1218 1077 1272 Clementis
1122 1234 1299 1287 papa,
1341 1221 1544 1273 cunctis
1592 1219 1840 1288 ﬁdelibus
1886 1222 2086 1288 missis,

388 1317 510 1371 cap.
546 1305 659 1370 62.)
693 1305 749 1359 Si
780 1306 909 1376 quis
939 1322 1076 1377 ergo
1107 1307 1291 1360 ﬁdelis
1323 1307 1566 1362 voluerit
1600 1308 1867 1374 existere,
1902 1313 1959 1362 et
1987 1310 2086 1363 de-

391 1390 604 1445 siderat
656 1392 953 1462 baptizari,
1004 1400 1206 1448 exutus
1238 1395 1523 1466 prioribus
1569 1396 1732 1449 malis
1763 1395 1832 1450 de
1863 1396 2087 1467 reliquo

389 1495 497 1548 pro
527 1480 692 1534 bonis
718 1481 936 1536 actibus
961 1483 1142 1536 haeres
1163 1483 1450 1537 bonorum
1473 1485 1788 1538 caelestium
1816 1501 1884 1538 ex
1913 1485 2088 1556 gestis

390 1569 638 1638 propriis
686 1570 804 1624 ﬁat.
852 1572 1098 1625 Accedat
1141 1572 1212 1625 ad
1253 1573 1605 1627 sacerdotem
1655 1589 1843 1640 suum,
1878 1580 1934 1628 et
1975 1575 2085 1644 ipsi

390 1655 487 1708 det
514 1672 726 1710 nomen
755 1674 944 1725 suum,
978 1665 1148 1730 atque
1180 1659 1249 1713 ab
1282 1676 1348 1714 eo
1377 1661 1572 1715 audiat
1619 1663 1888 1731 mysteria
1921 1663 2084 1733 regni

389 1743 684 1798 caelorum.
731 1746 974 1815 Jejuniis
1028 1748 1423 1818 frequentibus
1480 1766 1714 1819 operam
1758 1751 2078 1820 impendat,
2114 1745 2155 1800 Β

389 1845 452 1884 ac
481 1833 852 1903 semetipsum
884 1835 945 1888 in
967 1837 1234 1890 omnibus
1254 1837 1475 1907 probet,
1505 1845 1567 1891 ut
1587 1844 1702 1900 tres
1725 1841 2081 1910 mensesjam

388 1923 860 1989 consummando,
893 1923 949 1977 in
982 1925 1072 1979 die
1102 1925 1242 1978 festo
1273 1926 1452 1996 possit
1487 1926 1783 1996 baptizari.
1832 1929 2085 1999 Baptize-

384 2011 481 2060 tur
511 2011 904 2082 unusquisque
952 2012 1014 2066 in
1044 2015 1206 2083 aquis
1235 2015 1603 2085 perennibus,
1656 2017 1888 2071 nomine
1917 2018 2081 2072 trime

386 2095 758 2152 beatitudinis
787 2099 1052 2154 invocato
1085 2117 1258 2171 super
1289 2119 1367 2170 se,
1399 2108 1709 2174 perunctus
1739 2105 1926 2174 primo
1957 2107 2080 2160 oleo

386 2200 493 2254 per
542 2187 856 2241 orationem
909 2190 1281 2257 sanctiﬁcato,
1326 2197 1391 2245 ut
1417 2192 1497 2246 ita
1545 2193 1778 2247 demum
1825 2211 1929 2264 per
1961 2196 2082 2250 haec

384 2281 764 2342 consecratus,
798 2278 975 2347 possit
1003 2281 1299 2350 percipere
1328 2281 1519 2335 locum
1544 2297 1674 2335 cum
1707 2282 1932 2336 sanctis.

275 2385 280 2388 '
384 2379 512 2434 CAP.
558 2380 689 2434 XVI.
723 2412 792 2422 —
843 2385 917 2437 De
961 2386 1298 2453 martyribus
1349 2389 1447 2454 qui
1474 2389 1590 2440 sine
1629 2388 1896 2457 baptismo
1924 2405 2077 2444 mar-

942 2458 1145 2523 tyrium
1163 2463 1524 2525 susceperunt.
1725 2513 1732 2518 ,

457 2537 574 2609 (Ea:
627 2540 788 2595 dictis
842 2544 1101 2613 August.)
1161 2545 1646 2600 Catechumenum
1697 2547 1956 2618 quamvis
2016 2547 2079 2603 in

381 2625 544 2681 bonis
587 2629 857 2697 operibus
901 2631 1252 2700 defunctum,
1286 2633 1462 2686 vitam
1509 2634 1720 2688 habere
1751 2651 1868 2688 non
1901 2634 2079 2689 credi-

380 2731 530 2783 mus,
602 2723 836 2789 excepto
901 2720 1178 2776 duntaxat
1236 2721 1347 2776 nisi
1405 2722 1664 2793 martyrii
1723 2729 2079 2779 sacramenta

381 2805 802 2876 compleantur.
857 2809 1179 2880 Baptizatus
1227 2810 1535 2865 conﬁtetur
1564 2811 1739 2866 ﬁdem
1785 2829 1948 2867 suam
1988 2830 2077 2866 co-

379 2907 502 2946 ram
567 2896 878 2958 sacerdote,
941 2903 998 2951 et
1061 2897 1448 2969 interrogatus
1513 2901 1900 2971 respondebit.
1963 2903 2077 2956 Hoc

382 2980 537 3036 idem
569 2988 787 3054 martyr
827 3000 1018 3038 coram
1047 2992 1411 3056 persecutore
1460 2988 1613 3056 facit,
1661 2992 1763 3060 qui
1792 2997 1848 3044 et
1894 2991 2073 3044 conﬁ-
2106 3019 2148 3076 ρ

379 3073 531 3124 tetur
583 3071 778 3139 ﬁdem,
841 3076 898 3126 et
951 3073 1338 3145 interrogatus
1397 3079 1728 3147 respondet.
1793 3079 1891 3134 Ille
1949 3084 2079 3149 post

379 3159 798 3214 confessionem
848 3163 1171 3243 aspergitur
1215 3165 1509 3235 martyrio,
1537 3167 1625 3220 vel
1656 3183 1788 3220 vero
1819 3167 2075 3237 aspergi-

378 3251 475 3301 tur
503 3248 807 3317 sanguine,
842 3251 929 3302 vel
967 3250 1211 3321 tingitur
1253 3252 1404 3321 igne.
1453 3255 1552 3307 Ille
1584 3271 1788 3308 manus
1836 3256 2070 3326 imposi-

381 3335 534 3389 tione
564 3336 851 3404 pontiﬁcis
893 3339 1099 3409 accipit
1127 3341 1403 3411 Spiritum
1451 3348 1733 3396 sanctum.
1783 3343 1880 3397 Hic
1910 3343 2073 3398 habi-

377 3425 632 3478 taculum
665 3425 910 3481 efﬁcitur
941 3426 1180 3498 Spiritus
1207 3431 1386 3484 sancti
1411 3431 1547 3484 dum
1575 3447 1690 3484 non
1722 3436 1806 3484 est
1830 3432 1951 3501 ipse
1975 3433 2074 3503 qui

380 3511 658 3583 loquitur,
703 3514 798 3567 sed
831 3513 1066 3586 spiritus
1097 3517 1197 3588 qui
1245 3517 1305 3570 in
1337 3518 1435 3572 illo
1477 3519 1751 3589 loquitur.
1788 3519 1888 3572 Ille
1919 3536 2072 3573 com-

380 3601 633 3655 municat
695 3602 1059 3658 Eucharistiaz
1127 3604 1188 3658 in
1263 3608 1807 3661 commemoratione
1871 3608 2073 3663 mortis

380 3690 606 3744 Domini
636 3707 649 3744 :
687 3691 780 3744 hic
808 3692 917 3762 ipsi
949 3693 1170 3748 Christo
1200 3695 1594 3751 commoritur.
1629 3697 1729 3750 Ille
1768 3697 2074 3752 conﬁtetur

377 3795 434 3832 se
466 3779 665 3833 mundi
713 3780 930 3835 actibus
963 3783 1448 3851 renuntiaturum,
1484 3784 1575 3839 hic
1619 3784 1742 3854 ipse
1774 3787 2070 3842 renuntia-

375 3865 458 3920 vit
485 3867 632 3920 vitse.
684 3868 771 3921 Illi
803 3868 999 3924 omnia
1041 3877 1273 3940 peccata
1305 3872 1695 3935 remittuntur,
1732 3873 1828 3927 isti
1861 3874 2068 3929 exstin-

375 3971 448 4024 gu
458 3960 652 4009 untur.

377 4043 502 4098 CAP.
564 4044 719 4098 XVII.
782 4075 851 4084 —
900 4047 1054 4114 Quod
1115 4049 1504 4102 catechumenis
1561 4057 1955 4106 sacramentum
2011 4055 2070 4106 in

855 4118 1063 4170 Pascha
1091 4117 1221 4170 dari
1246 4133 1354 4171 non
1382 4118 1588 4174 debeat.

446 4203 555 4273 (Ea:
585 4206 774 4258 concil.
829 4206 1112 4272 Carthag.,
1159 4221 1279 4274 cap.
1314 4206 1386 4274 5.)
1421 4208 1560 4260 Item
1606 4208 1819 4278 placuit
1857 4215 1920 4264 ut
1966 4226 2070 4281 per

374 4290 823 4345 solemnissimos
855 4293 1152 4346 Paschales
1186 4295 1306 4348 dies
1335 4302 1759 4352 sacramentum
1803 4300 2066 4353 catecliu-
2099 4305 2142 4359 D

377 4380 560 4433 menis
589 4395 706 4432 non
754 4379 942 4445 detur,
975 4380 1036 4434 ni
1079 4382 1266 4436 solum
1297 4384 1450 4450 salis,
1503 4386 1637 4457 quia
1668 4387 1714 4439 si
1744 4387 1938 4442 ﬁdeles
1967 4405 2073 4458 per

375 4468 502 4522 illos
533 4468 653 4521 dies
685 4475 1106 4526 sacramentum
1135 4487 1249 4526 non
1281 4479 1530 4538 mutant,
1576 4491 1682 4529 nec
1710 4479 2070 4533 catechume-

375 4572 482 4610 nos
513 4561 742 4627 oportet
771 4564 1014 4614 mutare.

342 4645 502 4699 .CAP.
566 4645 752 4700 XVIII.
821 4647 904 4702 De
967 4650 1358 4774 catechunzienis
1425 4668 1460 4706 a
1518 4652 1834 4723 baptisteria
1899 4671 2070 4710 remo-

1117 4737 1214 4774 ven
1259 4738 1324 4774 is.

1117 4737 1324 4776 vendis.

445 4807 554 4872 (Ea:
591 4807 777 4860 concil.
838 4809 1127 4874 Arausic.,
1177 4826 1299 4878 cap.
1364 4811 1476 4880 l7.)
1539 4812 1624 4866 Ab
1669 4811 2070 4883 baptisterium

372 4895 766 4949 catechumeni
819 4911 1119 4968 nunquam
1186 4898 1526 4954 admittendi
1578 4905 1731 4968 sunt,
1791 4903 1901 4956 nisi
1959 4903 2071 4975 ipsi

370 4984 750 5054 baptizentur.

373 5073 501 5130 CAP.
536 5074 665 5128 XIX.
698 5102 766 5112 --
814 5076 894 5128 De
947 5076 1338 5199 catechumednis
1387 5077 1754 5147 segregandis,
1806 5084 1858 5134 et
1900 5083 2072 5148 infor-

1102 5163 1229 5199 man
1272 5163 1338 5199 ιε.

1102 5163 1319 5201 manazs
1326 5188 1338 5201 .

444 5230 563 5300 (Ea:
592 5232 792 5302 eodem,
820 5248 941 5302 cap.
980 5236 1088 5299 l8.)
1132 5238 1179 5288 Α
1208 5235 1466 5290 ﬁdelium
1497 5237 1893 5293 benedictione
1924 5244 2070 5295 cate-

374 5318 666 5387 chumeni,
711 5322 883 5377 etiam
915 5322 1068 5376 inter
1115 5323 1460 5378 domesticos
1500 5327 1754 5396 ordines,
1799 5328 1860 5382 in
1893 5346 2073 5401 quan-

374 5411 497 5461 tum
528 5410 712 5464 caveri
762 5415 973 5481 potest,
1004 5412 1345 5482 segregandi
1392 5413 1862 5488 informandique
1913 5423 2066 5485 sunt,

372 5501 439 5550 ut
469 5513 528 5550 se
571 5504 627 5552 et
672 5499 983 5569 signandos
1032 5501 1120 5554 vel
1165 5500 1583 5558 benedicendos
1621 5505 1888 5560 semotim
1927 5506 2068 5561 oﬂ‘e-

377 5592 524 5641 rant.

1481 339 1889 396 BURCHARDI
1925 337 2461 397 WOBMACIENSIS
2498 338 2837 396 EPISCOPI.

399 459 529 514 CAP.
579 461 714 515 XIV.
755 491 825 501 --
877 463 944 516 Ut
988 462 1170 516 nullus
1213 462 1496 531 presbyter
1525 465 1638 517 nisi
1681 467 1741 517 in
1784 465 2095 519 civitatibus
2124 466 2172 518 Α

3791 357 3885 408 73?.

2414 466 2543 519 CAP.
2577 466 2679 520 XX.
2712 493 2784 504 —
2810 464 2891 518 De
2917 465 3310 523 catechumenis
3334 472 3698 538 peccantibus.

2282 554 2390 623 (Ea:
2419 555 2609 608 concil.
2659 555 2981 621 Neoczsar.,
3031 571 3152 625 cap.
3211 558 3286 628 6.)
3338 559 3802 630 Catechumenus,
3845 568 3882 620 si

2206 641 2564 713 ingrediatur
2611 643 2929 708 ecclesiam,
2983 645 3132 698 etin
3163 646 3364 700 ordine
3413 664 3640 712 eorum,
3689 652 3780 721 qui
3805 653 3880 706 in-

2206 734 2528 797 struuntur,
2588 730 2828 796 assistat,
2883 731 2978 785 hic
3030 737 3225 786 autem
3283 735 3676 804 deprehensus
3731 740 3878 795 fuerit

2203 834 2464 888 peccans,
2515 817 2803 888 siquidem
2845 835 2998 890 genu
3031 820 3226 886 ﬂectit,
3279 825 3496 889 audiat,
3549 831 3612 879 ut
3653 843 3760 880 non
3803 830 3878 883 de-

2201 907 2429 978 linquat
2472 907 2739 962 ulterius.
2793 907 2851 963 Si
2879 925 3014 964 vero
3046 916 3103 964 et
3149 911 3390 966 audiens
3444 917 3772 985 peccaverit,
3801 935 3874 973 ex-

2201 997 2470 1066 pellatur.

2201 1085 2329 1139 Csp.
2361 1086 2487 1140 XXI.
2527 1113 2596 1126 —
2637 1085 2721 1139 De
2768 1086 2883 1140 illis
2922 1089 3021 1163 qui
3048 1094 3380 1163 nupersunt
3417 1089 3709 1161 baptizati,
3753 1094 3874 1163 quod

2695 1160 3000 1224 promoveri
3021 1174 3126 1213 non
3155 1160 3401 1214 debeant.

2273 1243 2384 1313 (Ea:
2431 1247 2619 1299 conc-il.
2674 1246 2986 1314 Laodiensi,
3034 1264 3153 1316 cap.
3208 1249 3285 1318 3.)
3319 1250 3397 1304 De
3429 1248 3524 1303 his
3576 1251 3674 1321 qui
3715 1268 3870 1324 nuper

2198 1337 2330 1386 sunt
2371 1333 2681 1387 illuminati
2727 1334 3090 1404 baptismate,
3143 1337 3300 1407 quod
3331 1354 3426 1391 eos
3473 1339 3535 1392 in
3567 1342 3866 1396 sacerdotali

2198 1435 2316 1474 non
2345 1422 2650 1475 conveniat
2677 1422 2876 1476 ordine
2909 1425 3264 1494 promoveri.

2196 1528 2325 1582 CAP.
2358 1529 2517 1582 XXII.
2567 1558 2637 1568 —
2674 1530 2752 1582 De
2795 1531 3144 1598 presbyteris,
3196 1535 3248 1604 si
3296 1535 3353 1586 in
3413 1535 3682 1588 Trinitate
3722 1537 3862 1604 juxta

2465 1607 2794 1669 praeceptum
2827 1603 3038 1654 Domini
3065 1617 3170 1655 non
3203 1603 3626 1671 baptizaverint.

2267 1686 2372 1756 (Ea:
2405 1702 2605 1742 canone
2649 1689 2962 1759 apostolor.)
3011 1689 3224 1760 Siquis
3270 1691 3583 1762 episcopus
3625 1699 3718 1747 aut
3758 1711 3857 1764 pre-

2196 1774 2388 1844 sbyter
2425 1775 2588 1844 juxta
2617 1783 2970 1846 praeceptum
3021 1779 3248 1832 Domini
3280 1795 3395 1832 non
3430 1781 3788 1849 baptizaverit
3811 1781 3857 1834 in

2193 1861 2432 1917 nomine
2465 1864 2669 1931 Patris,
2714 1869 2769 1917 et
2799 1864 2944 1931 Filii,
2976 1869 3032 1918 et
3060 1865 3307 1935 Spiritus
3337 1867 3546 1934 sancti,
3578 1868 3672 1922 sed
3699 1868 3752 1922 in
3775 1870 3854 1923 tri-

2192 1951 2300 2005 bus
2341 1951 2463 2005 sine
2495 1951 2659 2006 initio
2709 1952 3031 2023 principiis,
3063 1961 3162 2008 aut
3190 1954 3252 2008 in
3283 1956 3476 2011 tribus
3523 1956 3673 2025 ﬁliis,
3704 1964 3786 2012 aut
3811 1959 3856 2011 in

2190 2039 2374 2094 tribus
2400 2041 2724 2110 paracletis,
2762 2042 3080 2112 abjiciatur.

2610 2129 2737 2185 CAP.
2771 2131 2952 2186 XXIII.
2985 2162 3052 2171 —
3078 2131 3161 2186 De
3189 2133 3374 2187 eadem
3399 2149 3480 2188 re.

2266 2217 2386 2288 (Ea:
2415 2217 2641 2289 eodem.)
2679 2219 2735 2274 Si
2783 2220 2910 2290 quis
2955 2221 3258 2291 episcopus
3300 2227 3399 2276 aut
3431 2224 3738 2295 presbyter,
3765 2241 3852 2278 non

2191 2305 2404 2360 trinam
2456 2308 2804 2361 mersionem
2835 2309 3008 2362 unius
3041 2311 3296 2380 mysterii
3346 2312 3734 2380 celebraverit,
3776 2314 3853 2365 sed

2194 2396 2373 2448 semel
2426 2396 2635 2465 mergit
2681 2396 2739 2450 in
2789 2397 3151 2466 baptismate,
3208 2399 3363 2470 quod
3398 2401 3530 2455 dari
3576 2401 3780 2455 videtur
3808 2401 3855 2454 in

2193 2489 2376 2538 morte
2408 2485 2660 2549 Domini,
2693 2486 3031 2555 deponatur.
3063 2488 3184 2540 Non
3211 2488 3367 2542 enim
3404 2490 3552 2544 dixit
3583 2491 3849 2544 DomiuUS:

2192 2573 2254 2625 In
2284 2577 2468 2626 morte
2517 2589 2644 2626 mea
2673 2573 2979 2643 baptizate,
3012 2576 3109 2629 sed
3139 2592 3152 2629 :
3191 2577 3405 2630 Euntes
3457 2578 3651 2632 docete
3688 2592 3854 2631 omnes

2189 2665 2410 2730 gentes,
2444 2661 2798 2732 baptizantes
2829 2680 2924 2717 eos
2953 2664 3014 2717 in
3045 2665 3280 2720 nomine
3329 2667 3536 2734 Patris,
3572 2673 3626 2722 et
3655 2666 3784 2732 Filii,
3810 2671 3856 2719 et

2188 2749 2434 2821 Spiritus
2463 2750 2659 2804 sancti.

2187 2857 2317 2912 CAP.
2349 2858 2528 2912 XXIV.
2560 2889 2628 2896 —
2661 2857 2811 2923 Quod
2838 2861 2897 2912 in
2943 2859 3233 2928 baptismo,
3275 2866 3326 2915 et
3364 2863 3428 2916 in
3468 2863 3850 2930 conﬁrmatione,

2375 2930 2426 2983 si
2453 2943 2659 2983 necesse
2689 2932 2878 2995 fuerit,
2911 2946 3049 2985 unus
3074 2935 3330 2999 patrinus
3358 2937 3540 3001 possit
3568 2949 3690 2987 esse.

2259 3016 2363 3086 (Ea:
2411 3017 2554 3070 decr.
2592 3018 2754 3084 Ygini
2799 3033 2977 3086 papa,
3026 3035 3147 3088 cap.
3204 3023 3311 3086 10.)
3354 3022 3422 3074 In
3457 3021 3846 3084 catechumeno,

2188 3109 2245 3159 et
2272 3105 2332 3158 in
2357 3105 2662 3176 baptismo,
2701 3111 2757 3160 et
2782 3106 2842 3160 in
2872 3108 3304 3164 conﬁrmatione
3327 3125 3482 3164 unus
3511 3115 3671 3181 pater
3695 3111 3850 3179 potest

2186 3194 2334 3260 ﬁeri,
2380 3195 2428 3248 si
2458 3193 2760 3248 necessitas
2797 3195 2991 3265 cogit:
3030 3213 3146 3250 non
3188 3203 3277 3251 est
3310 3204 3508 3252 tamen
3539 3196 3848 3251 consuetudo

2185 3280 2464 3349 Romana,
2497 3283 2592 3336 sed
2623 3298 2729 3352 per
2758 3283 2986 3354 singula
3013 3285 3227 3355 singuli
3256 3287 3599 3357 suscipiunt.

2185 3387 2320 3443 CAP.
2358 3390 2506 3443 XXV.
2539 3419 2608 3429 —
2642 3392 2708 3444 Ut
2749 3407 2888 3462 unus
2923 3394 3200 3460 patrinus,
3259 3395 3343 3447 vel
3385 3397 3617 3462 patrina
3655 3392 3844 3448 adsus-

2591 3461 2896 3529 cipiendum
2923 3465 3190 3529 infantem
3219 3461 3470 3519 accedat.

2256 3546 2364 3617 (Ea:
2419 3548 2560 3603 decr.
2615 3551 2804 3604 Leonis
2854 3566 3017 3620 papa
3064 3552 3215 3620 apud
3275 3553 3332 3608 S.
3384 3550 3743 3622 Medardum.)
3792 3550 3843 3603 Ut

2181 3650 2302 3689 non
2348 3636 2541 3706 plures
2584 3637 2654 3690 ad
2689 3639 3116 3708 suscipiendum
3165 3641 3235 3694 de
3266 3641 3554 3712 baptismo
3598 3642 3840 3696 infantem

2181 3724 2470 3789 accedant,
2503 3740 2675 3796 quam
2721 3742 2892 3793 unus,
2933 3727 3049 3781 sive
3077 3728 3181 3788 vir,
3215 3729 3332 3783 sive
3374 3730 3605 3784 mulier.
3654 3731 3711 3783 In
3735 3742 3840 3780 con-

2180 3812 2601 3867 ﬁrmationibus
2624 3830 2852 3884 quoque
2881 3815 3127 3885 idipsum
3157 3817 3277 3871 ﬁat.

2182 3900 2308 3954 CAP.
2339 3902 2514 3975 XXVI.
2548 3931 2616 3940 —-
2650 3905 2717 3956 Ut
2742 3904 2850 3960 .ille
2878 3906 2974 3972 qui
3001 3920 3107 3958 non
3141 3912 3222 3959 est
3267 3906 3600 3975 baptizatus,
3640 3907 3717 3959 vel
3741 3919 3836 3958 con-

2462 3972 2731 4042 ﬁrmatus,
2762 3991 2796 4027 a
2815 3975 3076 4043 baptismo
3096 3978 3305 4030 nullum
3333 3972 3590 4047 recipiat.

2253 4058 2374 4129 (Ea:
2415 4061 2604 4114 concil.
2639 4063 2910 4130 Mogunt.,
2964 4079 3085 4133 cap.
3132 4064 3208 4132 2.)
3257 4067 3320 4120 In
3366 4066 3648 4135 baptismo
3689 4063 3765 4116 vel
3791 4061 3833 4113 in

2178 4145 2483 4201 chrismate
2513 4165 2629 4203 non
2676 4155 2862 4218 potest
2889 4151 3068 4205 alium
3099 4153 3384 4223 suscipere
3415 4155 3479 4207 in
3521 4153 3698 4208 ﬁlium
3740 4150 3834 4219 ipse

2179 4235 2279 4305 qui
2304 4252 2418 4290 non
2447 4242 2531 4290 est
2558 4237 2900 4307 baptizatus,
2931 4240 3020 4294 vel
3052 4241 3445 4299 conﬁrmatus.

2182 4323 2307 4377 CAP.
2362 4324 2564 4381 XXVII.
2619 4354 2681 4366 -—
2745 4329 2812 4380 Ut
2855 4328 3346 4452 nullusdapatrinus
3396 4331 3532 4398 ﬂat,
3580 4330 3686 4383 nisi
3725 4330 3834 4380 recte

2923 4414 3008 4452 ore
3113 4440 3125 4452 .

2923 4414 3125 4453 credat.

2249 4480 2364 4550 (Ea:
2409 4485 2593 4538 concil.
2652 4486 2968 4551 Parisiensi,
3024 4502 3142 4556 cap.
3193 4487 3270 4558 2.)
3307 4489 3374 4542 Ut
3429 4504 3598 4542 nemo
3628 4504 3660 4540 a
3701 4497 3829 4538 sacro

2177 4569 2331 4624 fonte
2378 4572 2631 4642 aliquem
2679 4574 2969 4644 suscipiat,
3003 4575 3113 4629 nisi
3143 4576 3475 4631 Orationem
3525 4574 3828 4631 dominicam

2179 4663 2235 4712 et
2279 4658 2612 4729 Symbolum
2659 4662 2824 4732 juxta
2869 4679 3029 4717 suam
3087 4663 3346 4736 linguam
3397 4672 3455 4720 et
3514 4665 3827 4720 intellectum

2177 4751 2386 4816 teneat,
2423 4754 2478 4802 et
2522 4765 2713 4803 coram
2765 4752 3096 4822 presbytero
3140 4753 3422 4820 decantet,
3465 4762 3520 4809 et
3564 4759 3625 4808 ut
3652 4747 3825 4804 intelli-

2178 4841 2318 4907 gant
2346 4853 2544 4892 omnes
2563 4845 2816 4909 pactum,
2853 4841 3008 4911 quod
3040 4858 3166 4896 cum
3202 4845 3315 4897 Deo
3345 4847 3706 4914 pepegerunt.

2177 4925 2306 4981 Car.
2358 4927 2586 4983 XXVIII.
2634 4958 2705 4968 —
2752 4931 2817 4983 Ut
2867 4932 3170 4999 presbyteri
3216 4948 3252 4985 a
3292 4935 3534 5001 patrinis
3579 4929 3824 4999 requirant

2693 5001 2744 5053 si
2774 5001 3085 5068 Symbolum
3117 5007 3350 5057 teneant.

2250 5083 2368 5154 (Ea:
2400 5086 2586 5140 concil.
2648 5088 3035 5144 Wormaciens.
3088 5105 3158 5155 IV,
3218 5106 3338 5159 cap.
3392 5091 3461 5160 1,)
3513 5085 3823 5144 Annuntient

2176 5173 2516 5244 presbyteri,
2547 5180 2612 5229 ut
2656 5192 2845 5245 neque
2897 5177 3021 5245 viri,
3075 5193 3261 5249 neque
3290 5179 3538 5234 foeminte
3583 5178 3648 5232 de
3693 5187 3819 5228 sacro

2178 5260 2336 5316 fonte
2383 5261 2609 5331 ﬁliolos,
2644 5266 2731 5319 vel
2783 5264 2987 5320 ﬁliolas
3039 5265 3331 5336 suscipiat,
3381 5266 3492 5319 nisi
3538 5257 3820 5337 memoriter

2179 5351 2509 5421 Symbolum
2541 5358 2595 5408 et
2625 5354 2954 5410 Orationem
2988 5355 3333 5409 dominicam
3364 5355 3654 5408 tenuerint.

2179 5439 2307 5493 CAP.
2340 5441 2512 5496 XXIX.
2545 5469 2616 5482 —
2645 5445 2719 5497 De
2760 5444 2998 5512 symbolo
3037 5449 3149 5498 octo
3193 5444 3306 5498 dies
3349 5448 3471 5496 ante
3499 5442 3696 5495 Pascha
3737 5449 3815 5504 pu-

2499 5512 2631 5567 blice
2661 5517 2720 5568 in
2742 5515 2988 5569 omnibus
3016 5515 3250 5569 ecclesiis
3275 5512 3563 5569 recitando.

2249 5598 2358 5669 (Ea:
2394 5600 2582 5654 concil.
2614 5601 2886 5669 Agathen.
2919 5617 3040 5672 cap.
3077 5601 3154 5670 1.)
3185 5601 3516 5673 Symbolum
3543 5599 3698 5656 etiam
3723 5592 3813 5664 pla-
