3976 6194
100 320 179 370 733
1034 307 1509 365 DECRETORUM
1550 308 1735 363 LIBRI
1773 309 1878 365 XX.
1916 339 1986 349 —
2025 310 2232 365 LIBER
2271 307 2609 373 QUARTUS.

99 436 193 489 cuit
216 434 282 488 ab
310 432 580 487 omnibus
611 430 862 486 ecclesiis
896 447 1010 485 una
1041 431 1151 499 die,
1200 431 1255 485 id
1309 436 1410 495 est,
1464 435 1590 485 octo
1641 431 1761 484 dies
1799 432 1846 485 Α

100 529 207 578 ante
245 522 597 577 Dominicam
630 521 1144 589 iresurrectionem,
1177 520 1403 590 publice
1434 520 1494 574 in
1539 520 1775 575 ecclesia

100 612 534 683 competentibus
564 610 732 664 tradi.

102 723 203 776 CAP.
254 719 397 774 XXX.
431 746 498 757 —-
549 720 621 772 De
676 715 969 785 gentilibus
1025 714 1282 782 inﬁmis,
1336 717 1388 769 si
1446 715 1774 784 baptismum

758 787 1088 841 desiderant.

160 879 271 947 (Ea:
299 877 479 932 eodem
523 877 768 943 concilio,
818 891 939 944 cap.
987 876 1063 944 3.)
1113 873 1385 943 Gentiles,
1431 872 1477 926 si
1522 873 1582 926 in
1611 872 1769 927 inﬁr-

107 969 281 1021 mitate
312 965 757 1020 desideraverint
792 964 898 1018 sibi
928 980 1164 1017 manum
1194 962 1440 1033 imponi,
1469 963 1515 1016 si
1562 963 1777 1017 fuerint

108 1073 163 1110 ex
189 1055 379 1126 aliqua
408 1059 570 1124 parte
596 1053 839 1106 honesta
868 1053 1001 1119 vita,
1034 1052 1250 1122 placuit
1279 1052 1362 1106 eis
1394 1068 1630 1106 manum
1660 1052 1772 1107 im-

105 1144 237 1214 poni,
271 1150 329 1197 et
356 1143 482 1196 ﬁeri
512 1142 884 1195 Christianos.

331 1232 458 1286 CAP.
485 1232 653 1284 XXXI.
683 1259 756 1270 —
789 1233 858 1284 De
889 1229 1127 1295 gravida
1158 1229 1511 1297 baptizanda.

161 1322 272 1385 (Ea:
323 1321 511 1374 concil.
561 1321 884 1385 Neocaesar.,
927 1334 1044 1387 cap.
1073 1318 1149 1387 6.)
1199 1316 1496 1372 Gravidam
1550 1321 1776 1386 oportet

103 1409 378 1479 baptizari,
411 1408 641 1478 quando
681 1407 943 1461 voluerit.
1000 1406 1151 1460 Nihil
1183 1406 1334 1459 enim
1385 1406 1444 1459 in
1493 1406 1600 1459 hoc
1648 1421 1776 1476 quae

104 1499 231 1569 parit
260 1498 515 1551 nascenti
549 1496 953 1561 communicat,
990 1500 1292 1565 propterea
1319 1495 1471 1566 quod
1503 1496 1774 1548 uniuscu-

101 1588 281 1656 jusque
303 1584 663 1654 propositum
687 1585 746 1636 in
774 1584 1131 1637 confessione
1152 1585 1492 1637 declaratur.

161 1676 277 1727 CAP.
306 1674 502 1726 XXXII.
536 1702 592 1710 -—
634 1675 705 1725 De
721 1672 973 1740 parvulis
1005 1672 1237 1739 inﬁrmis
1269 1670 1639 1739 baptizandis.

163 1764 265 1829 (Eae
312 1763 502 1814 concil.
563 1761 1007 1828 Habergerunda,
1066 1776 1186 1829 cap.
1258 1759 1333 1829 5.)
1390 1761 1465 1813 De
1522 1759 1775 1830 parvulis

104 1867 231 1911 vero,
266 1850 578 1920 quinuper
630 1855 891 1902 materno
953 1854 1114 1902 utero
1170 1848 1329 1902 inditi
1375 1854 1527 1917 sunt,
1562 1848 1777 1918 placuit

109 1937 373 2001 constitui,
420 1943 485 1990 ut
533 1938 578 1990 si
625 1937 860 2003 intirmi,
909 1942 971 1991 ut
1023 1937 1250 2001 assolet,
1299 1937 1534 2002 fuerint,
1587 1943 1643 1991 et
1690 1937 1778 1989 lac

111 2032 407 2080 maternum
439 2042 555 2078 non
586 2030 880 2095 appetunt,
911 2025 1081 2078 etiam
1131 2026 1329 2079 eadem
1362 2025 1452 2079 die
1496 2041 1609 2096 qua
1657 2026 1778 2079 nati

110 2120 237 2181 sunt,
271 2116 315 2167 si
348 2115 526 2169 oblati
555 2115 789 2179 fuerint,
821 2114 1204 2183 baptizentur.

110 2205 215 2257 Car.
244 2205 465 2257 XXXIII.
505 2233 561 2242 ο·-
588 2206 662 2257 De
689 2204 801 2256 illis
835 2206 931 2270 qui
954 2206 1009 2256 in
1047 2203 1371 2268 aegritudine
1409 2203 1774 2271 baptizentur.

166 2292 271 2357 (Ea:
316 2293 502 2345 concil.
544 2294 863 2359 Neocaesar.,
914 2308 1036 2360 cap.
1088 2295 1197 2357 l2.)
1240 2291 1295 2345 Si
1344 2291 1470 2362 quis
1518 2307 1654 2361 ergo
1717 2295 1779 2345 in

108 2381 423 2449 aegritudine
453 2380 627 2433 fuerit
654 2380 990 2451 baptizatus,
1020 2380 1316 2449 presbyter
1360 2380 1616 2433 ordinari
1662 2396 1779 2434 non

108 2469 297 2522 debet:
333 2485 449 2523 non
497 2469 650 2523 enim
699 2470 839 2523 ﬁdes
884 2469 1040 2522 illius
1091 2474 1145 2521 et
1193 2470 1534 2534 voluntaria,
1590 2470 1683 2523 sed
1713 2486 1779 2523 ex

109 2559 420 2611 necessitate
462 2558 773 2625 descendit,
833 2558 939 2610 nisi
998 2558 1143 2611 forte
1188 2562 1386 2627 postea
1428 2558 1607 2627 ipsius
1659 2563 1780 2611 stu—

107 2646 268 2713 dium,
300 2652 357 2700 et
384 2648 527 2700 fides
550 2647 720 2717 hujus
749 2646 1059 2716 probabilis
1084 2646 1330 2715 videtur,
1358 2652 1456 2700 aut
1479 2647 1779 2700 hominum

112 2736 297 2787 raritas
323 2734 497 2805 cogit.

110 2840 219 2894 Car.
256 2840 472 2895 XXXIV.
505 2871 574 2881 —
602 2844 675 2895 De
713 2842 823 2895 illis
873 2843 971 2909 qni
1015 2841 1273 2909 parvulos
1304 2845 1535 2896 recentes
1582 2848 1782 2909 negant

688 2928 798 2966 esse
832 2912 1209 2981 baptizandos.

171 3001 271 3065 (Ea:
322 3002 511 3055 concil.
562 3002 849 3067 Africano,
904 3016 1022 3070 cap.
1077 3002 1187 3069 66.)
1248 3002 1388 3054 Item
1429 3001 1665 3071 placuit,
1718 3008 1783 3055 ut
1813 2987 1853 3040 (λ

110 3089 418 3159 quicunque
499 3090 765 3159 parvulos
826 3095 1083 3142 recentes
1161 3088 1232 3142 ab
1303 3089 1478 3143 uteris
1534 3095 1783 3144 matrum

110 3177 462 3246 baptizandos
488 3183 676 3248 negat,
713 3183 813 3231 aut
842 3177 975 3231 dicit
1007 3178 1065 3231 in
1098 3177 1487 3231 remissionem
1547 3179 1782 3249 quidem

110 3272 455 3335 peccatorum
506 3283 604 3320 eos
654 3284 771 3321 non
821 3267 1099 3337 baptizari
1146 3267 1245 3320 sed
1290 3266 1437 3320 nihil
1488 3284 1550 3320 ex
1600 3268 1783 3322 Adam

112 3355 316 3409 trahere
369 3356 667 3425 originalis
746 3356 962 3425 peccati
1032 3357 1183 3426 quod
1228 3357 1448 3409 lavacro
1480 3372 1778 3425 regenera-

112 3442 270 3496 tionis
300 3443 574 3514 expietur,
610 3445 759 3498 unde
791 3444 863 3498 sit
891 3460 1268 3515 consequens,
1306 3450 1365 3498 ut
1392 3445 1451 3497 in
1479 3445 1559 3498 eis
1602 3445 1785 3499 forma

106 3529 451 3600 baptismatis
494 3531 555 3584 in
612 3532 1010 3585 remissionem
1077 3538 1442 3602 peccatorum
1491 3549 1607 3586 non
1652 3550 1785 3587 vera

108 3619 192 3671 sed
222 3620 355 3673 falsa
388 3619 827 3689 intelligendum
861 3625 946 3673 est
977 3621 1129 3690 quod
1164 3620 1243 3674 ait
1272 3620 1582 3690 Apostolus
1614 3637 1628 3674 :
1681 3623 1786 3674 Per

109 3723 273 3763 unum
325 3709 620 3762 hominem
665 3715 961 3777 peccatum
1011 3709 1243 3762 intravit
1292 3709 1351 3762 in
1392 3710 1692 3776 mundum,
1732 3714 1787 3764 et

110 3812 205 3864 per
233 3803 526 3865 peccatum
560 3812 732 3861 mors,
773 3801 825 3849 et
857 3797 936 3850 ita
986 3797 1047 3849 in
1105 3812 1305 3850 omnes
1337 3796 1599 3850 homines
1655 3813 1785 3867 per-

114 3884 338 3948 transiit,
372 3884 432 3936 in
463 3900 576 3953 quo
607 3900 805 3937 omnes
830 3890 1227 3953 peccaverunt,
1263 3884 1371 3937 nisi
1414 3885 1785 3955 quemadmo-

115 3970 238 4024 dum
268 3972 512 4025 Ecclesia
542 3972 822 4026 catholica
852 3973 1062 4043 ubique
1091 3972 1295 4026 diffusa
1344 3989 1572 4043 semper
1619 3974 1787 4028 intel-

115 4058 253 4113 lexit.
289 4062 527 4131 Propter
556 4062 701 4115 hanc
731 4062 887 4115 enim
922 4062 1182 4131 regulam
1226 4062 1382 4127 ﬁdei,
1433 4062 1603 4115 etiam
1655 4080 1788 4132 par-

113 4148 237 4213 vuli,
259 4150 357 4219 qui
383 4149 524 4202 nihil
552 4156 916 4218 peccatorum
958 4150 1017 4203 in
1061 4150 1260 4219 seipsis
1305 4150 1491 4204 adhuc
1518 4152 1788 4205 commit-

3466 308 3573 362 734

2018 433 2144 487 CAP.
2172 432 2418 485 XXXVII.
2452 459 2521 469 —
2554 431 2633 483 De
2652 431 2879 483 mortuis
2904 444 3011 482 non
3039 427 3405 496 baptizandis.

1954 523 2061 585 (Ea:
2110 522 2297 573 concil.
2362 520 2619 584 Carthag.
2680 534 2800 587 cap.
2857 519 2928 585 6.)
2986 517 3313 571 Cavendum
3362 522 3447 569 est
3503 532 3574 569 ne

1881 616 2138 662 mortuos
2193 608 2366 661 etiam
2413 607 2690 677 baptizari
2755 622 2918 675 posse
2977 606 3219 659 fratrum
3272 603 3574 657 inﬁrmitas

1881 698 2092 759 credat.
2153 697 2362 768 quibus
2442 712 2543 750 nec
2621 695 3032 749 Eucharistiam
3093 695 3226 748 dare
3304 694 3573 748 animad-

1880 790 2080 841 vertat.

1883 875 2010 929 CAP.
2070 875 2344 928 XXXVIII.
2377 904 2445 913 —-
2500 877 2575 928 De
2620 873 2797 927 subito
2852 872 3259 935 obmutescente,
3304 872 3354 923 si
3421 877 3575 925 testes

2398 945 2670 1005 habuerit,
2704 943 3053 1011 baptizando.

1954 1036 2072 1101 (Ea:
2115 1035 2303 1089 concil.
2359 1035 2638 1098 Arausic.,
2709 1048 2828 1100 cap.
2885 1035 2995 1100 11.)
3055 1030 3251 1084 Subito
3310 1029 3571 1082 obmute-

1882 1138 2068 1189 scens,
2101 1125 2272 1192 prout
2305 1126 2583 1174 statutum
2615 1125 2719 1183 est,
2772 1118 3049 1188 baptizari
3080 1123 3135 1171 et
3174 1117 3572 1188 paenitentiam

1882 1211 2137 1280 accipere
2192 1214 2399 1279 potest,
2463 1208 2508 1261 si
2573 1207 2878 1260 voluntatis
2950 1206 3257 1275 praeteritae
3315 1206 3572 1258 testimo-

1884 1300 2043 1353 nium
2077 1298 2323 1352 aliorum
2365 1298 2551 1351 verbis
2604 1296 2795 1361 habet,
2842 1300 2940 1349 aut
2995 1298 3306 1364 praesentes
3353 1292 3411 1345 in
3469 1309 3572 1346 suo

1882 1394 2254 1514 ἓῖιξῖιδίΧΧΙΧ.
2287 1487 2354 1495 —
2386 1459 2459 1510 De
2485 1456 2571 1510 his
2625 1457 2721 1523 qui
2762 1454 2912 1522 apud
2959 1455 3229 1507 haereticos
3288 1453 3572 1521 baptizan-

2238 1534 2328 1581 tur
2354 1530 2408 1580 in
2433 1530 2647 1581 nomine
2671 1532 2870 1580 sancta:
2903 1527 3213 1579 Trinitatis.

1955 1620 2073 1684 (Ea:
2098 1618 2284 1670 concil.
2347 1617 2687 1682 Rothomag.,
2745 1630 2866 1681 cap.
2921 1612 2999 1677 3.)
3053 1610 3343 1681 Baptisma
3393 1625 3573 1663 unum

1815 1712 1854 1765 Β
1888 1711 1991 1771 est,
2054 1705 2150 1758 sed
2218 1705 2277 1758 in
2326 1704 2569 1757 Ecclesia
2612 1702 2907 1769 catholica,
2963 1700 3123 1770 cujus
3166 1715 3267 1751 nos
3315 1698 3579 1751 membra

1885 1794 2066 1848 effecti
2100 1810 2318 1861 sumus,
2344 1793 2581 1846 ubiuna
2611 1792 2750 1844 tides
2780 1796 2883 1855 est,
2922 1789 3019 1842 ubi
3060 1788 3123 1841 in
3188 1786 3422 1840 nomine
3470 1787 3575 1839 Pa-

1884 1883 2009 1950 tris,
2036 1886 2091 1935 et
2148 1882 2294 1944 Filii,
2325 1886 2380 1934 et
2426 1880 2670 1950 Spiritus
2720 1879 2901 1932 sancti
2945 1879 3130 1932 datur.
3192 1878 3255 1930 Et
3291 1875 3419 1928 ideo
3477 1872 3577 1944 qui

1885 1971 2038 2041 apud
2063 1970 2193 2023 illos
2228 1969 2525 2023 haereticos
2565 1967 2837 2036 baptizati
2889 1972 3040 2031 sunt,
3090 1964 3190 2034 qui
3240 1964 3299 2017 in
3367 1968 3578 2016 sanctae

1884 2058 2177 2113 Trinitatis
2201 2056 2556 2111 confessione
2585 2055 2896 2125 baptizant,
2952 2058 3007 2107 et
3038 2052 3275 2105 veniunt
3328 2051 3400 2104 ad
3454 2066 3578 2118 nos,

1883 2146 2234 2216 recipiantur
2266 2145 2497 2215 quidem
2526 2144 2685 2214 quasi
2725 2142 3019 2212 baptizati,
3062 2157 3132 2193 ne
3190 2144 3399 2194 sanctae
3451 2138 3577 2192 Tri-

1884 2235 2081 2289 nitatis
2133 2233 2417 2287 invocatio
2465 2232 2552 2286 vel
2599 2230 2875 2285 confessio
2920 2229 3267 2289 annulletur,
3328 2228 3424 2280 sed
3474 2226 3578 2280 do-

1886 2330 2122 2378 ceantur
2152 2323 2394 2392 integre,
2428 2327 2483 2375 et
2536 2321 2910 2384 instruantur,
2957 2334 3121 2372 sensu
3156 2321 3364 2370 sanctae
3393 2315 3577 2368 Trini-

1885 2412 2120 2478 tatis,et
2144 2411 2413 2481 mysterio
2459 2410 2607 2479 quod
2671 2408 2733 2461 in
2774 2412 2965 2460 sancta
3006 2405 3252 2459 Eaclesia
3302 2408 3578 2457 tenetur:

1888 2506 1943 2555 et
1973 2501 2019 2553 si
2048 2500 2409 2554 consentiunt
2454 2499 2703 2564 credere,
2755 2498 2840 2549 vel
2888 2495 3257 2565 acquiescunt
3295 2491 3577 2557 confiteri,

1888 2594 2149 2659 purgatae
2178 2588 2309 2641 fidei
2352 2587 2702 2653 integritate,
2759 2586 3061 2638 firmentur
3102 2598 3309 2636 manus
3344 2580 3580 2650 imposi-

1890 2678 2065 2732 tione.
2097 2678 2155 2732 Si
2189 2692 2318 2729 vero
2351 2676 2575 2745 parvuli
2620 2680 2752 2727 sunt
2800 2674 3054 2738 hebetes,
3108 2671 3207 2742 qui
3259 2671 3579 2725 doctrinam

1890 2784 2006 2822 non
2031 2766 2277 2837 capiant,
2310 2763 2695 2834 respondeant
2730 2779 2834 2832 pro
2881 2762 2993 2815 illis
3044 2761 3143 2831 qui
3185 2775 3279 2812 eos
3336 2758 3585 2812 offerunt

1883 2858 2046 2926 juxta
2093 2870 2312 2908 morem
2360 2851 2709 2923 baptizandi,
2766 2856 2821 2904 et
2887 2850 2965 2903 ita
3015 2849 3464 2916 interragentur,
3522 2848 3585 2897 ut

1891 2945 2073 2999 sciant
2119 2943 2257 3014 quid
2308 2941 2655 3011 respondere
2702 2939 2964 3005 debeant,
3014 2943 3071 2992 et
3107 2937 3186 2990 sic
3233 2951 3437 2988 manus
3475 2933 3584 2987 im-

1892 3032 2235 3105 positionem
2264 3030 2562 3100 accipiant.

2348 3118 2477 3172 CAP.
2510 3117 2612 3171 XL.
2637 3146 2708 3157 —
2733 3119 2806 3170 De
2842 3115 3027 3168 eadem
3053 3130 3129 3167 re.

1965 3210 2083 3281 (Ea:
2105 3209 2291 3263 concil.
2336 3208 2749 3266 Wormaciens.,
2796 3221 2916 3272 cap.
2979 3202 3053 3273 5.)
3101 3201 3439 3270 Quicunque
3488 3200 3584 3252 ba-

1894 3298 2139 3368 ptizatus
2194 3294 2367 3348 fuerit
2423 3293 2491 3347 ab
2537 3292 2820 3346 haereticis
2870 3291 2930 3344 in
2979 3290 3216 3344 nomine
3270 3287 3470 3352 Patris,
3530 3292 3587 3340 et

1898 3384 2040 3451 Filii,
2075 3389 2127 3436 et
2155 3383 2399 3451 Spiritus
2432 3381 2627 3447 sancti,
2664 3381 2821 3433 nullo
2854 3379 3021 3433 modo
3084 3376 3429 3447 rebaptizari
3483 3375 3585 3428 de-

1893 3473 2009 3538 bet,
2033 3472 2129 3525 sed
2158 3487 2263 3541 per
2299 3471 2478 3523 solam
2521 3485 2725 3523 manus
2775 3467 3200 3538 impositionem
3251 3464 3584 3536 purgandus

1894 3565 1996 3614 est.

1895 3650 2023 3703 CAP.
2058 3647 2183 3701 XLI.
2216 3676 2284 3686 —
2312 3648 2378 3700 Ut
2409 3645 2707 3768 baptismps
2736 3646 2795 3769 ip
2850 3645 3118 3697 Trinitate
3168 3647 3443 3709 susceptus
3483 3655 3587 3693 non

2618 3732 2637 3768 τ
2667 3730 2750 3768 ere
2781 3730 2863 3767 ur.

2618 3730 2863 3768 iteretur.

1966 3811 2076 3878 (Ea:
2106 3806 2288 3860 001ml.
2337 3805 2690 3872 Carlhagin.,
2737 3818 2856 3871 cap.
2924 3801 2994 3869 1.)
3044 3802 3111 3855 Ut
3160 3800 3478 3869 baptismus
3526 3798 3585 3850 in

1895 3896 2171 3951 Trinitate
2223 3898 2517 3963 susceptus
2600 3907 2715 3944 non
2780 3892 3042 3944 iteretur.
3129 3890 3275 3960 Ergo
3336 3888 3382 3940 si
3424 3886 3586 3939 vobis

1895 3987 2098 4056 placet,
2133 3983 2557 4037 consideremus
2590 3980 2845 4051 primum
2893 3980 3125 4033 titulum
3156 3978 3223 4032 de
3269 3976 3585 4046 rebaptiza-

1897 4075 1988 4141 tis,
2022 4080 2079 4128 et
2096 4072 2455 4126 sanctitatem
2494 4074 2739 4123 vestram
2768 4069 3014 4137 postulo,
3047 4073 3111 4121 ut
3142 4066 3346 4120 mentis
3388 4070 3586 4117 vestras

1897 4164 2104 4234 placita
2165 4161 2488 4233 producatis
2542 4161 2611 4213 ad
2660 4158 3098 4213 descendentem
3148 4157 3206 4209 in
3255 4171 3484 4225 aquam,
3533 4157 3587 4206 et

113 4240 217 4288 tere
267 4243 605 4306 potuerunt,
666 4239 791 4291 ideo
838 4240 895 4293 in
972 4243 1333 4309 peccatorum
1390 4239 1778 4292 remissionem

1965 4256 2318 4321 terrogatum
2340 4250 2399 4302 in
2427 4247 2701 4302 Trinitate
2731 4246 3042 4300 secundum
3075 4244 3364 4314 Evangelii
3390 4243 3583 4306 fidem,

111 4326 371 4379 veraciter
398 4326 784 4396 baptizantur,
837 4332 901 4381 ut
930 4328 991 4381 in
1042 4327 1121 4381 eis
1149 4327 1584 4397 regeneratione
1619 4344 1780 4382 mun-

109 4410 259 4466 detur
289 4414 441 4483 quod
473 4414 845 4483 generatione
877 4419 1189 4468 traxerunt.

349 4502 476 4555 Car.
510 4502 699 4555 XXXV.
743 4532 815 4543 —
845 4505 917 4557 De
948 4506 1181 4571 inﬁrmis
1213 4503 1524 4572 baptizatis.

170 4588 283 4651 (Ea:
309 4589 495 4641 concil.
531 4588 814 4657 Laodien.,
845 4606 965 4659 cap.
999 4591 1111 4657 47.)
1161 4591 1324 4654 Quod
1379 4596 1639 4660 oporteat
1692 4608 1786 4646 eos

108 4676 289 4743 quiin
340 4677 681 4745 aegritudine
738 4678 1062 4747 percipiunt
1116 4679 1421 4749 baptisma,
1480 4685 1785 4750 postquam

106 4764 505 4829 convaluerint,
537 4764 711 4818 ﬁdem
755 4766 1097 4835 perdiscere,
1133 4772 1188 4821 et
1226 4767 1367 4821 scire
1398 4768 1560 4838 cujus
1591 4785 1787 4823 mune-

110 4851 179 4903 ris
206 4852 509 4922 participes
538 4852 669 4907 facti
700 4860 850 4907 sunt.

202 4960 326 5015 CAP.
360 4961 576 5015 XXXVI.
608 4990 678 5000 —
708 4964 782 5015 De
808 4962 1211 5028 aegrotantibus.
1244 4966 1294 5017 si
1333 4963 1661 5032 baptismum

454 5033 785 5105 desiderant,
808 5041 857 5086 ct
882 5038 1001 5100 post
1031 5034 1414 5088 obmutescunt.

167 5118 267 5188 (Em
306 5121 492 5174 concil.
533 5122 820 5187 Africano,
853 5137 976 5189 cap.
1031 5120 1136 5191 l2.)
1186 5124 1256 5176 Ut
1317 5127 1672 5194 mgrotantes,
1741 5123 1786 5177 si

98 5220 198 5273 pro
244 5223 299 5260 se
370 5209 719 5278 respondere
778 5225 895 5263 non
970 5216 1232 5279 possunt,
1292 5226 1422 5264 cum
1484 5212 1787 5265 voluntatis

99 5310 290 5348 eorum
316 5296 714 5351 testimonium
743 5300 830 5350 sui
863 5298 963 5368 qui
1003 5298 1258 5368 periculo
1291 5299 1524 5369 proprio
1556 5300 1787 5353 adfuere

100 5381 358 5451 dixerint,
410 5385 796 5455 baptizentur,
839 5391 896 5441 et
944 5392 1005 5440 ut
1045 5386 1301 5442 scaenicis
1344 5395 1515 5458 atque
1559 5388 1787 5441 histrio-

98 5470 281 5539 nibus,
333 5474 667 5546 czeterisque
717 5475 1049 5546 hujusmodi
1094 5476 1349 5547 personis
1404 5476 1787 5531 reconciliatio

98 5574 213 5613 non
241 5567 502 5632 negetur.

1896 4348 1952 4396 et
2016 4341 2408 4411 apostolorum
2476 4337 2818 4399 doctrinam,
2880 4340 2934 4388 et
2989 4335 3311 4388 confessum
3374 4333 3587 4386 bonam

1896 4428 2303 4485 conscientiam
2332 4427 2388 4479 in
2424 4428 2605 4480 Deum
2642 4425 2710 4478 de
2744 4424 3166 4477 resurrectione
3196 4424 3325 4476 Jesu
3357 4420 3585 4485 Christi,

1895 4520 2062 4573 liceat
2088 4522 2298 4571 iterum
2332 4514 2671 4584 interrogari
2700 4513 2757 4566 in
2789 4513 2990 4566 eadem
3031 4511 3163 4575 ﬁde,
3216 4516 3270 4564 et
3324 4510 3383 4563 in
3439 4524 3590 4579 aqua

1896 4608 2103 4661 iterum
2134 4604 2317 4674 tingi?
2351 4601 2608 4657 Universi
2642 4599 2895 4670 episcopi
2926 4599 3194 4653 dixerunt
3222 4615 3234 4651 :
3269 4597 3451 4663 Absit,
3486 4597 3589 4649 ab-

1895 4694 1998 4750 sit!
2032 4692 2290 4748 illicitam
2320 4708 2439 4745 esse
2472 4690 2757 4744 sancimus
2802 4686 3334 4757 rebaptizationem,
3368 4690 3425 4738 et
3451 4684 3587 4737 satis

1896 4800 2019 4839 esse
2066 4783 2316 4837 alienum
2360 4796 2390 4833 a
2436 4780 2658 4832 sincera
2698 4778 2807 4830 fide
2874 4781 2930 4829 et
2988 4793 3018 4828 a
3074 4774 3354 4828 catholica
3420 4770 3586 4825 disci-

1899 4875 2079 4944 plina.

1896 4963 2023 5018 CAP.
2055 4961 2214 5015 XLII.
2250 4988 2313 4999 —-
2340 4961 2415 5013 De
2445 4957 2557 5011 illis
2603 4958 2699 5024 qui
2747 4957 2992 5080 ntesciunt
3033 4969 3143 5022 qua
3172 4952 3283 5023 ﬁde
3322 4949 3591 5018 baptizati

2662 5042 2763 5080 sun
2795 5066 2806 5078 .

2662 5042 2806 5081 sunt.

1969 5120 2080 5189 (Ea:
2110 5120 2259 5174 decr.
2292 5117 2483 5172 Leonis
2509 5132 2669 5185 papae
2696 5116 2961 5183 episcopis
3006 5128 3108 5181 per
3160 5111 3408 5166 Siciliam
3464 5123 3587 5161 con-

1896 5211 2102 5264 stitutis
2144 5209 2345 5270 missis,
2394 5220 2513 5273 cap.
2564 5206 2674 5270 29.)
2721 5202 2786 5257 Hi
2835 5207 3025 5254 autem
3080 5200 3147 5251 de
3196 5197 3405 5268 quibus
3451 5195 3587 5249 scri-

1896 5298 2074 5368 psisti,
2111 5296 2209 5366 qui
2241 5311 2297 5347 se
2326 5294 2645 5363 baptizatos
2670 5291 2876 5357 sciunt,
2926 5290 3017 5342 sed
3079 5289 3239 5357 cujus
3286 5286 3423 5340 ﬁdei
3465 5286 3587 5339 fue-

1897 5387 2012 5439 rint
2055 5383 2154 5455 qui
2204 5399 2299 5436 eos
2346 5382 2776 5451 baptizaverunt
2849 5393 2905 5430 se
2953 5375 3169 5429 nescire
3222 5375 3588 5445 proﬁtentur,

1898 5474 2173 5545 quoniam
2202 5470 2461 5542 quolibet
2503 5470 2673 5522 modo
2722 5468 2969 5521 formam
3023 5464 3388 5535 baptismatis
3432 5479 3589 5517 acce-

1897 5568 2128 5635 perunt,
2151 5558 2480 5632 baptizandi
2505 5575 2621 5612 non
2674 5561 2825 5621 sunt,
2855 5556 2952 5611 sed
2984 5571 3087 5627 per
3118 5571 3322 5610 manus
3351 5552 3591 5625 imposi-
