3976 6194
446 353 549 404 735

1523 353 1930 411 BURCHARDI
1968 357 2498 416 WORMACIENSIS
2535 358 2868 415 EPISCOPI.

3799 370 3883 422 736

442 477 686 542 tionem,
738 476 1005 531 virtutem
1055 477 1296 548 Spiritus
1341 479 1542 543 sancti,
1594 495 1767 550 quam
1836 481 1905 534 ab
1951 482 2134 536 baire-
2164 485 2212 538 Α
2250 483 2378 538 CAP.
2414 484 2590 538 XLVI.
2627 513 2688 522 —
2723 486 2800 556 De
2849 483 3180 551 presbyteris
3235 498 3330 552 per
3385 499 3604 552 quorum
3655 489 3882 556 negligen-

446 565 574 620 ticis
632 565 886 636 accipere
934 583 1051 620 non
1095 574 1426 637 potuerunt,
1486 569 1775 623 catholicis
1830 572 2140 642 copulandi

446 658 598 709 sunt.

517 759 645 812 CAP.
688 759 872 813 XLIII.
905 790 973 798 —
1021 763 1091 813 De
1127 760 1459 828 presbytero,
1516 763 1612 829 qui
1652 762 2070 827 grammaticam

620 830 932 898 ignorabat,
965 838 1015 884 et
1050 836 1225 884 tamen
1243 834 1301 884 in
1327 833 1595 885 Trinitate
1620 833 1956 902 baptizabat.

520 933 628 1002 (Eu:
657 936 815 1002 epist.
863 936 1140 989 Zachariae
1175 951 1336 1005 papae
1365 937 1440 991 ad
1494 939 1836 1004 Boni/actum
1894 941 2137 1006 Mogunt.

449 1023 954 1091 archiepiscopum.)
989 1023 1257 1093 Virgilius
1289 1029 1346 1078 et
1402 1025 1675 1079 Sedonius
1725 1027 1977 1097 religiosi
2034 1027 2141 1080 viri

450 1110 600 1180 apud
646 1111 1012 1164 Bavariorum
1087 1113 1443 1181 provinciam
1511 1114 1804 1184 degentes,
1873 1115 1989 1168 suis
2038 1131 2141 1170 nos

449 1198 654 1252 litteris
686 1199 896 1264 visunt,
929 1216 1030 1269 per
1052 1217 1192 1270 quas
1226 1201 1656 1268 intimaverunt,
1691 1204 1848 1273 quod
1897 1209 1995 1258 tua
2049 1220 2140 1258 re-

449 1286 698 1339 verenda
726 1287 1052 1341 fraternitas
1083 1289 1413 1360 injungeret
1455 1291 1536 1344 eis
1567 1290 1921 1345 Christianos
1950 1292 2138 1345 denuo

448 1373 756 1444 baptizare.
801 1377 960 1439 Quod
997 1377 1313 1442 audientes,
1356 1378 1529 1432 nimis
1559 1395 1754 1432 sumus
1791 1380 2136 1448 conturbati,

448 1468 503 1516 et
533 1463 594 1515 in
623 1463 1060 1518 admirationem
1095 1467 1405 1536 quamdam
1436 1467 1765 1534 incidimus,
1815 1467 1863 1520 si
1906 1469 2141 1522 habere-

447 1555 562 1617 tur,
607 1557 670 1605 ut
692 1551 904 1606 dictum
937 1558 1041 1606 est.
1089 1555 1431 1608 Retulerunt
1486 1557 1722 1626 quippe,
1777 1557 1927 1626 quod
1968 1557 2142 1610 fuerit

448 1637 506 1690 in
532 1638 726 1692 eadem
758 1639 1053 1709 provincia
1103 1642 1386 1710 sacerdos,
1436 1643 1533 1713 qui
1587 1644 1840 1698 Latinam
1883 1645 2138 1714 linguam

449 1726 674 1796 penitus
705 1727 1026 1798 ignorabat,
1053 1734 1107 1784 et
1141 1730 1277 1784 dum
1301 1731 1636 1801 baptizaret,
1668 1733 1924 1786 nesciens
1957 1733 2140 1786 Latini

449 1816 665 1886 eloquii
704 1816 1017 1888 infringere
1059 1819 1339 1889 linguam,
1388 1821 1640 1876 diceret:
1682 1821 1912 1892 Baptizo
1972 1826 2026 1874 te
2079 1823 2142 1874 in

451 1905 686 1959 nomine
728 1907 932 1970 Patria,
987 1913 1040 1961 et
1086 1908 1245 1973 Filia,
1293 1914 1349 1962 et
1390 1909 1634 1980 Spiritus
1678 1909 1880 1977 sancti,
1929 1926 1992 1963 ac
2038 1926 2142 1980 per

447 1993 557 2047 hoc
587 2000 684 2048 tua
731 1997 1043 2051 reverenda
1081 1997 1410 2050 fraternitas
1457 1997 1836 2052 consideravit
1885 1998 2140 2069 rebapti-

447 2097 597 2136 zare.
630 2082 759 2150 Sed,
793 2083 1148 2138 sanctissime
1197 2085 1390 2152 frater,
1441 2084 1488 2138 si
1537 2086 1631 2139 ille
1667 2086 1766 2156 qui
1808 2086 2138 2157 baptizavit,

448 2187 568 2224 non
595 2187 849 2226 errorem
878 2173 1247 2227 introducens
1279 2179 1378 2227 aut
1429 2174 1717 2242 haeresim,
1753 2176 1851 2230 sed
1883 2193 1986 2246 pro
2019 2177 2143 2230 sola

446 2259 777 2330 ignorantia
815 2262 1086 2316 Romanae
1118 2261 1424 2316 locutionis
1452 2263 1818 2333 infringendo
1858 2266 2138 2336 linguam,

444 2352 511 2402 ut
540 2349 764 2418 praefati
793 2365 1010 2416 sumus,
1053 2349 1349 2419 baptizans
1393 2350 1644 2418 dixisset,
1679 2367 1796 2406 non
1839 2368 2142 2422 possumus

446 2439 772 2491 consentire
832 2443 898 2491 ut
957 2438 1147 2492 denuo
1195 2438 1602 2509 baptizentur:
1649 2441 1783 2510 quia
1840 2442 1990 2512 quod
2042 2447 2143 2496 tua

445 2524 594 2578 bene
624 2531 978 2595 compertum
1008 2526 1180 2581 habet
1199 2533 1394 2582 sancta
1435 2527 1786 2596 fraternitas,
1813 2529 2142 2601 quicunque

445 2611 768 2681 baptizatus
799 2613 972 2668 fuerit
1009 2615 1080 2668 ab
1125 2615 1402 2669 haereticis
1451 2616 1512 2668 in
1560 2617 1794 2670 nomine
1838 2618 2040 2684 Patris,
2087 2624 2143 2674 et

450 2701 598 2767 Filii,
623 2706 682 2754 et
709 2702 954 2771 Spiritus
992 2704 1192 2769 sancti,
1235 2705 1394 2758 nullo
1438 2705 1610 2759 modo
1655 2705 1995 2777 rebaptizari
2036 2707 2141 2761 de-

445 2789 560 2856 bet,
589 2789 685 2843 sed
716 2807 819 2860 per
847 2791 1022 2845 solam
1056 2808 1259 2846 manus
1290 2793 1714 2864 impositionem
1763 2795 1998 2865 purgari
2036 2796 2135 2850 de-

444 2876 559 2931 bet.
595 2879 758 2947 Nam,
790 2879 1143 2934 sanctissime
1175 2881 1366 2948 frater,
1401 2882 1446 2934 si
1477 2882 1558 2936 ita
1597 2889 1696 2946 est,
1727 2888 1792 2937 ut
1834 2884 1998 2938 nobis
2051 2900 2139 2938 re-

443 2966 624 3019 latum
657 2971 762 3031 est,
797 2983 912 3021 non
941 2968 1190 3039 amplius
1220 2986 1252 3022 a
1282 2973 1337 3023 te
1368 2970 1481 3023 illis
1527 2971 1870 3040 praedicetur
1920 2972 2140 3042 aliquid

446 3053 801 3124 hujusmodi,
831 3057 926 3110 sed
959 3062 1022 3111 ut
1052 3057 1233 3112 sancti
1265 3059 1460 3111 Patres
1487 3058 1693 3114 docent
1721 3065 1776 3114 et
1803 3061 2133 3131 praedicant,

443 3144 544 3195 tua
573 3143 843 3197 sanctitas
871 3145 1092 3200 studeat
1117 3161 1470 3201 conservare.

446 3265 572 3320 CAP.
605 3267 785 3320 XLIV.
827 3271 992 3322 —De
1019 3265 1134 3322 illis
1173 3271 1270 3336 qui
1316 3270 1561 3337 aliquam
1609 3270 1804 3325 habent
1843 3271 2137 3326 dubitatio-

596 3375 601 3379 -
743 3353 862 3390 nem
894 3339 1264 3407 baptismatis,
1305 3344 1363 3394 ut
1395 3340 1820 3409 rebaptizentur.

516 3443 635 3514 (Ea:
686 3443 829 3498 decr.
887 3448 1074 3499 Leonis
1125 3461 1285 3515 papae
1349 3447 1423 3500 ad
1483 3449 1759 3502 Rusticum
1796 3449 2131 3504 Nabornens.

443 3535 750 3602 episcopum
798 3535 972 3597 missi,
1018 3550 1138 3602 cap.
1183 3534 1299 3603 27.)
1348 3534 1402 3588 Si
1445 3535 1600 3588 nulla
1660 3541 1879 3590 exstant
1927 3537 2138 3591 indicia

440 3620 592 3674 inter
619 3620 980 3691 propinquos
1011 3627 1108 3676 aut
1137 3621 1468 3689 familiares,
1515 3625 1670 3678 nulla
1701 3625 1852 3678 inter
1905 3626 2138 3680 clericos

444 3717 543 3764 aut
566 3710 805 3778 vicinos,
838 3711 1047 3782 quibus
1083 3710 1142 3765 hi
1170 3711 1240 3765 de
1271 3711 1482 3782 quibus
1527 3713 1810 3783 quaeritur
1866 3713 2138 3783 baptizati

437 3799 610 3854 fuisse
642 3799 974 3866 doceantur,
1030 3800 1317 3870 agendum
1369 3806 1455 3854 est
1504 3805 1568 3854 ut
1618 3807 2005 3867 renascantur,
2065 3819 2138 3856 ne

441 3887 739 3941 manifeste
769 3892 1025 3956 pereant.
1077 3889 1141 3942 In
1191 3887 1399 3958 quibus
1447 3889 1605 3958 quod
1655 3905 1773 3943 non
1817 3890 2140 3945 ostenditur

441 3979 688 4044 gestum,
720 3975 864 4028 ratio
909 3991 1027 4028 non
1075 3974 1214 4028 sinit
1261 3981 1325 4029 ut
1373 3975 1630 4029 videatur
1678 3977 1966 4034 iteratum.
2029 3979 2138 4042 Qui

441 4067 634 4116 autem
675 4067 911 4133 possunt
957 4063 1286 4116 meminisse
1326 4064 1477 4134 quod
1520 4065 1588 4118 ad
1625 4066 1921 4120 ecclesiam
1952 4068 2140 4121 venie-

439 4150 580 4205 bant
609 4167 739 4204 cum
772 4151 1109 4220 parentibus
1143 4152 1279 4216 suis,
1302 4157 1538 4222 possunt
1579 4154 1860 4208 recordari
1891 4171 1962 4209 an
1987 4157 2137 4226 quod

443 4255 646 4292 eorum
694 4239 1028 4309 parentibus
1080 4239 1322 4293 dabatur
1361 4241 1701 4309 acceperint.
1747 4242 1853 4297 Sed
1921 4244 1966 4296 si
2031 4244 2137 4298 hoc

443 4327 615 4381 etiam
644 4327 714 4381 ab
759 4327 885 4395 ipsa
935 4326 1214 4380 memoria
1265 4328 1518 4382 alienum
1577 4334 1683 4395 est,
1725 4331 2136 4387 conferendum

443 4414 526 4469 eis
553 4414 780 4467 videtur
811 4415 965 4484 quod
1018 4415 1286 4468 collatum
1333 4431 1452 4469 esse
1509 4418 1780 4486 nescitur,
1829 4419 1965 4490 quia
2021 4437 2137 4474 non

440 4501 731 4556 temeritas
759 4501 1066 4556 intervenit
1094 4504 1583 4575 praesumptionis,
1620 4507 1717 4560 ubi
1775 4507 1860 4562 est
1890 4508 2137 4579 diligen-

438 4590 516 4644 tia
543 4590 790 4659 pietatis.

443 4714 571 4768 CAP.
606 4713 762 4768 XLV.
803 4745 867 4753 —
919 4718 994 4769 De
1037 4716 1367 4785 infantibus,
1419 4719 1469 4772 si
1513 4723 1682 4772 certos
1738 4723 1893 4773 testes
1945 4721 2138 4775 habere

733 4800 839 4840 non
862 4795 1108 4855 possunt,
1132 4802 1216 4842 eos
1247 4804 1350 4842 non
1371 4803 1481 4843 esse
1511 4790 1835 4859 baptizatos.

511 4893 620 4956 (Ea:
664 4893 852 4946 concil.
915 4895 1210 4960 Africano,
1267 4909 1387 4963 cap.
1439 4896 1540 4964 39.)
1609 4897 1749 4949 Item
1806 4896 2021 4966 placuit
2067 4897 2136 4952 de

437 4977 751 5032 infantibus
779 4978 1005 5049 quoties
1036 4995 1154 5034 non
1185 4979 1560 5035 inveniuntur
1607 4982 1906 5037 certissimi
1963 4988 2136 5038 testes

437 5067 537 5137 qui
566 5083 662 5120 eos
711 5067 1030 5138 baptizatos
1078 5085 1200 5123 esse
1254 5069 1376 5123 sine
1418 5070 1777 5125 dubitatione
1831 5075 2134 5142 testentur,

433 5170 623 5225 neque
654 5155 764 5225 ipsi
813 5161 946 5209 sunt
995 5173 1098 5226 per
1152 5162 1380 5211 aetatem
1437 5159 1506 5211 de
1551 5159 1777 5212 traditis
1807 5159 1918 5214 sibi
1953 5177 2136 5216 sacra-

437 5244 647 5296 mentis
676 5244 869 5298 idonei
898 5245 1262 5314 respondere,
1309 5245 1523 5316 absque
1561 5247 1676 5300 ullo
1733 5249 2002 5319 scrupulo
2038 5265 2134 5302 eos

437 5347 557 5384 esse
589 5332 980 5401 baptizandos,
1026 5350 1097 5388 ne
1132 5334 1238 5388 ista
1268 5334 1573 5405 trepidatio
1606 5352 1702 5390 eos
1733 5337 1903 5390 faciat
1954 5355 2133 5392 sacra-

435 5425 764 5474 mentorum
817 5423 1162 5491 purgatione
1221 5422 1454 5492 privari.
1525 5424 1667 5479 Hinc
1747 5426 1904 5480 enim
1959 5427 2133 5496 legati

436 5509 762 5563 Maurorum
814 5511 1015 5564 fratres
1066 5517 1294 5565 nostros
1343 5513 1777 5579 consuluerunt,
1834 5515 1936 5586 qui
1991 5516 2133 5570 mul-

436 5601 520 5652 tos
546 5598 690 5652 tales
708 5613 739 5651 a
758 5597 1014 5652 barbaris
1035 5599 1350 5655 redimunt.

2413 558 2546 610 tiam
2575 557 2690 608 sine
2720 555 3052 622 baptismate
3077 556 3279 623 aliquis
3310 561 3546 609 mortuus
3576 559 3749 623 fuerit.

2322 646 2342 710 (
2368 646 2455 698 Em
2473 643 2620 697 decr.
2662 644 2812 698 Sirmi
2840 658 3020 711 papa,
3053 658 3172 710 cap.
3209 643 3283 711 5.)
3317 644 3666 712 Perpendant
3689 647 3884 715 presby-

2249 729 2357 782 teri
2389 730 2591 800 quanti
2619 727 2968 782 discriminis
3016 728 3088 782 sit
3118 728 3338 782 animas
3391 730 3762 786 innocentium
3805 750 3886 802 per

2250 833 2449 871 eorum
2482 817 2892 888 negligentiam
2925 833 2956 869 a
3006 832 3184 886 regno
3235 817 3334 870 Dei
3384 819 3617 872 excludi.
3669 820 3717 873 Si
3761 821 3882 873 enim

2248 906 2524 976 gaudium
2557 912 2644 960 est
2682 906 2740 959 in
2769 906 2910 960 coelo
2943 922 3116 975 super
3146 922 3262 959 uno
3292 913 3586 975 peccatore
3644 910 3881 978 peniten-

2250 995 2388 1049 tiam
2420 999 2648 1064 agente,
2698 995 2835 1065 quid
2877 999 3060 1065 putas,
3122 1000 3336 1065 quanta
3385 997 3470 1048 ira
3513 1000 3566 1048 et
3615 996 3880 1066 indignatio

2250 1100 2422 1154 super
2448 1085 2611 1138 illum
2643 1083 2767 1148 erit,
2801 1085 2898 1154 qui
2944 1100 3045 1154 per
3090 1099 3251 1136 suam
3281 1083 3682 1153 negligentiam
3717 1085 3879 1153 januas

2248 1172 2494 1244 paradisi
2550 1171 2952 1226 innocentibus
3013 1171 3261 1224 claudit?
3320 1172 3384 1224 Et
3437 1171 3563 1225 ideo
3620 1171 3880 1240 presbyteri

2251 1277 2476 1314 summa
2533 1260 2830 1328 diligentia
2873 1265 3129 1325 caveant,
3185 1275 3257 1313 ne
3305 1259 3525 1312 animas
3573 1275 3670 1329 pro
3716 1260 3879 1328 quibus

2250 1349 2482 1419 sanguis
2530 1348 2739 1402 Christi
2789 1348 3000 1401 effusus
3044 1351 3148 1413 est,
3205 1364 3307 1417 per
3355 1364 3513 1400 suam
3571 1348 3812 1400 incuriam
3856 1366 3880 1400 a

2250 1436 2460 1492 caelesti
2529 1436 2882 1490 beatitudine
2935 1440 3228 1506 separent;
3284 1437 3382 1489 sed
3430 1435 3497 1500 si,
3553 1435 3692 1505 quod
3744 1435 3876 1488 absit!

2251 1525 2527 1591 evenerit,
2563 1527 2722 1594 gravi
2751 1524 3105 1593 pmnitentiaz
3139 1525 3292 1578 luctu
3325 1525 3526 1577 diebus
3556 1525 3674 1576 vitae
3700 1540 3796 1577 sum
3835 1541 3877 1577 se

2250 1614 2566 1679 submittat,
2593 1629 2695 1684 per
2723 1615 2884 1682 cujus
2916 1612 3174 1666 evenerit
3205 1614 3550 1682 neglectum.

2253 1705 2381 1759 CAP.
2415 1704 2616 1757 XLVII.
2652 1731 2719 1742 —
2749 1705 2815 1756 Ut
2859 1702 3044 1756 nullus
3097 1702 3384 1770 presbyter
3432 1704 3490 1754 in
3515 1703 3731 1769 propria
3781 1716 3876 1768 pro-

2321 1777 2523 1838 uincia,
2555 1774 2637 1827 vel
2656 1775 2713 1826 in
2754 1775 2870 1826 alia
2915 1776 3169 1840 cuiquam
3225 1775 3439 1840 inﬁrmo
3496 1772 3786 1840 baptismum
3808 1771 3874 1823 de-

2321 1861 2521 1914 negare
2546 1849 2861 1914 prwsumat.

2324 1936 2429 1998 (Ea:
2461 1933 2604 1986 decr.
2636 1933 2866 1986 Martini
2897 1947 3080 2000 papae,
3108 1947 3230 2000 cap.
3292 1931 3370 2000 3.)
3401 1929 3734 2000 Quicumque
3772 1946 3874 1999 prec

2252 2022 2444 2092 sbyter
2470 2022 2530 2074 in
2563 2020 2798 2091 propria
2826 2019 3120 2090 provincia
3149 2023 3249 2073 aut
3278 2018 3341 2072 in
3390 2018 3520 2084 alia,
3551 2018 3633 2071 vel
3684 2017 3874 2070 ubicun-

2253 2127 2364 2182 que
2414 2110 2678 2164 inventus
2722 2108 2916 2174 fuerit,
2962 2109 3432 2163 commendatum
3488 2109 3591 2162 sibi
3638 2108 3870 2162 inﬁrmum

2251 2197 2542 2269 baptizare
2569 2196 2838 2258 noluerit,
2878 2197 2964 2249 vel
3016 2213 3118 2267 pro
3173 2196 3496 2251 intentione
3550 2197 3762 2262 itineris,
3806 2197 3869 2249 vel

2252 2288 2322 2342 de
2351 2287 2545 2357 aliqua
2573 2285 2956 2351 excusatione,
2987 2290 3045 2340 et
3070 2286 3150 2339 sic
3177 2285 3303 2340 sine
3335 2285 3612 2356 baptismo
3663 2285 3868 2350 moritur,

2251 2376 2590 2446 deponatur.

2322 2463 2448 2518 CAP.
2471 2461 2701 2517 XLVIII.
2727 2491 2795 2499 —
2825 2463 2900 2515 De
2929 2461 3038 2514 illis
3071 2462 3170 2529 qui
3189 2461 3366 2515 denuo
3393 2461 3652 2530 baptizati
3675 2463 3793 2513 sunt.

2324 2551 2445 2618 (Ex
2499 2551 2644 2604 decr.
2707 2551 2898 2604 Leonis
2978 2563 3156 2618 papa,
3185 2549 3259 2602 ad
3331 2550 3572 2604 Nicetam
3630 2549 3872 2617 episcopum

2249 2641 2642 2709 Aquiliensem,
2672 2653 2792 2706 cap.
2849 2638 2963 2704 47.)
3000 2637 3094 2690 His
3125 2654 3281 2702 vero,
3323 2638 3394 2692 de
3423 2637 3621 2708 quibus
3669 2633 3874 2688 similiter

2249 2728 2478 2782 dilectio
2518 2733 2615 2781 tua
2669 2743 2772 2779 nos
2833 2725 3078 2779 credidit
3124 2726 3525 2794 consulendos,
3571 2723 3662 2795 qui
3709 2721 3767 2775 ad
3799 2721 3871 2772 ite-

2251 2816 2494 2869 randum
2528 2813 2876 2884 baptismum
2907 2812 2993 2865 vel
3025 2817 3180 2865 metu
3215 2812 3418 2879 coacti,
3474 2813 3557 2866 vel
3595 2825 3762 2864 errore
3786 2814 3871 2860 tra-

2251 2903 2406 2958 ducti
2436 2907 2588 2968 sunt,
2618 2908 2673 2956 et
2703 2917 2855 2955 nunc
2895 2917 2953 2954 se
2984 2905 3184 2953 contra
3239 2901 3530 2955 catholica:
3583 2897 3704 2952 ﬁdei
3731 2910 3871 2948 sacra-

2252 2998 2513 3048 mentum
2543 2991 2724 3062 egisse
2756 2993 3124 3060 cognoscunt,
3182 3005 3248 3044 ea
3292 2994 3378 3044 est
3409 2986 3750 3044 custodienda
3790 3000 3873 3038 mo-

2246 3083 2487 3150 deratio,
2537 3097 2651 3151 qua
2708 3079 2769 3133 in
2823 3078 3154 3133 societatem
3203 3084 3462 3132 nostram
3514 3093 3621 3132 non
3665 3074 3758 3128 nisi
3799 3085 3872 3142 per

2245 3169 2601 3242 paenitentia:
2631 3167 2971 3234 remedium,
3011 3172 3067 3220 et
3103 3183 3207 3236 per
3233 3166 3654 3237 impositionem
3699 3161 3867 3231 episco-

2245 3259 2392 3330 palis
2452 3273 2677 3323 manus,
2769 3255 3194 3310 communionis
3273 3256 3554 3326 recipiant
3626 3251 3866 3305 unitatem.

2245 3348 2529 3417 Tempora
2551 3351 2741 3400 autem
2770 3343 3146 3416 paenitudinis
3174 3345 3375 3398 habita
3405 3340 3760 3397 moderatione
3801 3339 3869 3387 tuo

2245 3434 2643 3490 constituenda
2704 3433 2942 3504 judicio,
3011 3438 3182 3504 prout
3238 3446 3635 3487 conversorum
3696 3426 3868 3480 animos

2244 3521 2560 3594 inspexeris
2599 3538 2720 3574 esse
2749 3521 3001 3588 devotos,
3058 3521 3391 3591 pariterque
3452 3518 3612 3573 etiam
3653 3513 3867 3569 habentes

2246 3610 2430 3665 aetatis
2460 3609 2655 3663 senilis
2693 3607 2988 3674 intuitum,
3046 3618 3103 3662 et
3157 3607 3544 3678 periculorum
3572 3611 3865 3674 quorumque

2247 3704 2346 3753 aut
2369 3697 2778 3768 aegritudinum
2810 3695 3175 3766 respicientes
3204 3696 3584 3750 necessitates.
3624 3693 3680 3746 In
3708 3685 3865 3758 quibits

2245 3787 2294 3840 si
2327 3788 2454 3857 quis
2483 3786 2562 3840 ita
2591 3786 2840 3857 graviter
2869 3790 3162 3855 urgeatur,
3197 3790 3259 3839 ut
3290 3786 3432 3839 dum
3453 3783 3626 3837 adhuc
3667 3777 3864 3850 paenitet.

2246 3873 2316 3927 de
2348 3874 2528 3927 salute
2573 3872 2754 3942 ipsius
2797 3871 3136 3942 desperetur
3173 3877 3403 3942 oportet
3447 3871 3498 3924 ei
3536 3884 3631 3939 per
3666 3860 3863 3918 sacerdo-

2245 3962 2417 4015 talem
2452 3961 2892 4014 sollicitudinem
2927 3961 3350 4014 communionis
3400 3959 3575 4030 gratia
3622 3946 3861 4008 subveniri.

2246 4050 2376 4104 CAP.
2409 4048 2584 4105 XLIX.
2617 4078 2684 4090 —
2716 4051 2795 4102 De
2826 4051 2941 4114 hoc,
2975 4051 3025 4102 si
3050 4050 3318 4117 parvulus
3349 4052 3610 4115 zegrotans
3637 4042 3702 4096 ad
3732 4051 3860 4107 quem-

2437 4121 2562 4174 libet
2587 4120 2967 4190 presbyterum
2995 4121 3259 4190 baptismi
3284 4123 3472 4188 gratia
3500 4118 3734 4183 defertur.

2318 4209 2428 4277 (Ea:
2479 4209 2621 4263 decr.
2679 4211 2913 4277 Eugenii
2975 4225 3161 4278 papae,
3219 4225 3339 4278 cap.
3411 4208 3486 4277 6.)
3544 4204 3594 4260 Si
3655 4196 3860 4272 parvulus

2247 4303 2529 4367 aegrotans
2561 4297 2631 4350 ad
2659 4296 2975 4366 quemlibet
3015 4296 3484 4366 presbyterorum
3512 4287 3748 4362 baptismi
3772 4297 3860 4374 gn:

2249 4385 2329 4440 tia
2359 4384 2428 4438 de
2461 4384 2767 4455 cujuslibet
2796 4384 3066 4453 parocbio
3093 4385 3299 4438 allatus
3331 4382 3521 4447 fuerit,
3551 4380 3601 4433 ei
3656 4372 3862 4444 baptismi

2248 4479 2668 4529 sacramentum
2709 4489 2821 4527 non
2874 4473 3210 4544 denegatur.
3275 4473 3334 4527 Si
3380 4471 3507 4542 quis
3566 4471 3660 4521 hoc
3705 4470 3864 4516 munus

2247 4563 2463 4634 petenti
2521 4562 2828 4616 concedere
2906 4561 3324 4626 detrectaverit,
3409 4566 3462 4612 et
3523 4557 3613 4611 ille
3654 4546 3863 4637 parvulus

2247 4632 2460 4723 absque
2506 4649 2862 4720 baptismatis
2919 4650 3103 4720 gratia
3152 4654 3414 4702 mortuus
3469 4643 3644 4707 fuerit,
3695 4632 3864 4692 noverit

2245 4739 2341 4792 ille
2372 4755 2452 4803 se,
2480 4739 2578 4808 qui
2629 4754 2761 4792 eum
2791 4753 2903 4792 non
2928 4737 3255 4808 baptizavit,
3309 4753 3414 4807 pro
3443 4737 3558 4806 ejus
3608 4729 3768 4784 anima
3794 4737 3862 4772 ra-

2245 4826 2462 4880 tionem
2494 4826 2875 4894 redditurum,
2909 4830 2965 4880 et
2989 4826 3142 4897 apud
3173 4827 3451 4896 synodum
3506 4818 3746 4877 acerrime
3769 4823 3861 4863 cor-

2246 4915 2576 4985 rigendum.

2315 4984 2442 5058 CAP.
2483 5004 2540 5058 L.
2575 5032 2640 5044 -
2688 5006 2760 5058 De
2803 5005 2912 5058 illis
2967 5006 3064 5073 qui
3104 5004 3183 5058 bis
3236 5005 3319 5057 vel
3377 5008 3455 5057 ter
3491 4992 3758 5068 conﬁrmati
3799 4984 3860 5038 vel

2876 5075 3147 5144 baptizati
3170 5079 3313 5129 sunt.

2315 5161 2444 5230 ((Em
2493 5163 2683 5216 concil.
2731 5143 3130 5225 Tarraconensi,
3188 5177 3306 5230 cap.
3362 5161 3437 5230 6.)
3493 5158 3687 5211 Dictum
3736 5143 3857 5236 nobis

2245 5255 2330 5303 est
2383 5250 2536 5319 quod
2589 5250 2826 5320 quidam
2877 5251 2946 5304 de
2997 5251 3161 5320 plebe
3218 5250 3322 5315 bis,
3381 5253 3478 5301 aut
3529 5245 3591 5299 ab
3640 5239 3855 5309 episcopis

2242 5338 2645 5408 ignorantibus
2677 5343 2871 5392 tamen
2927 5339 3144 5392 eisdem
3194 5337 3470 5408 episcopis
3491 5327 3852 5388 confirmentur.

2244 5427 2402 5481 Unde
2460 5427 2626 5480 nobis
2684 5428 2865 5482 visum
2923 5434 3011 5481 est
3099 5427 3355 5481 eamdem
3413 5414 3851 5500 confirmatione”).

2243 5516 2388 5570 sicut
2435 5532 2538 5569 nec
2586 5517 2958 5586 baptismum,
2997 5516 3193 5569 iterari
3235 5513 3464 5568 minime
3501 5508 3684 5564 debere
3713 5517 3724 5553 :
3752 5506 3847 5566 quia

2243 5604 2331 5660 bis
2361 5605 2448 5659 vel
2483 5605 2732 5676 amplius
2783 5605 3108 5676 baptizatos
3137 5609 3238 5660 aut
3286 5601 3630 5658 conﬁrmatos
3655 5603 3749 5646 non
3769 5595 3842 5636 sar

2172 1763 2213 1816 B
