3976 6194
433 236 540 290 739

1510 235 1915 293 BURCHARDI
1957 237 2487 294 WORMACIENSIS
2527 235 2859 293 EPISCOPI.
3773 257 3854 307 740

435 358 635 412 ﬁcibus
665 359 815 430 quod
849 376 882 412 a
913 358 1232 412 minoribus
1273 357 1470 428 perﬁci
1521 375 1639 412 non
1692 364 1896 430 potest,
1948 361 2026 415 ita
2073 367 2130 416 et
2168 363 2212 415 Α
2242 360 2321 414 ita
2351 361 2526 415 etiam
2551 361 2922 414 traditionem
2972 361 3150 414 sancti
3199 361 3432 432 Spiritus
3460 381 3491 419 a
3520 369 3708 439 jejunis
3733 392 3855 445 pou-

432 447 638 516 majori
686 447 1056 501 veneratione
1108 447 1499 501 venerandum
1554 455 1610 500 et
1660 450 1976 504 tenendum
2028 454 2129 503 est.

433 535 540 588 Sed
570 535 650 588 ita
681 535 982 605 conjuncta
1033 539 1165 590 sunt
1207 536 1330 588 haec
1381 535 1494 589 duo
1549 543 1928 604 sacramenta,
1969 541 2034 592 ut
2063 538 2133 592 ab

433 623 678 676 invicem
709 623 820 677 nisi
855 628 1038 678 morte
1085 623 1472 694 praeveniente
1527 625 1854 679 nullatenus
1910 627 2134 696 possint

432 710 737 780 segregari,
793 717 851 764 et
901 727 1083 765 unum
1150 711 1272 765 sine
1329 712 1507 765 altero
1565 712 1671 766 rite
1745 714 1943 784 perﬁci
2017 730 2133 768 non

433 803 653 868 potest.

433 889 563 941 CAP.
599 889 749 943 LXII.
781 918 842 928 —
879 890 944 942 Ut
973 902 1173 1025 omnesf
1190 888 1496 1013 Cth'ristiani
1543 890 1618 944 ad
1666 889 2134 962 conﬁrmationem

1170 975 1222 1012 es
1250 975 1368 1013 men
1401 1002 1413 1014 .

1170 975 1413 1014 εειιηεητ.

504 1045 620 1114 (E1:
658 1049 842 1101 concit.
887 1049 1174 1114 Wormac.,
1206 1063 1326 1117 cap.
1358 1049 1433 1118 6.)
1467 1050 1536 1103 Ut
1557 1049 1627 1103 ad
1667 1049 2132 1119 praedicationem

434 1139 490 1188 et
535 1135 1032 1191 conﬁrmationem
1099 1138 1348 1208 episcopi
1406 1155 1606 1192 omnes
1675 1140 1875 1193 devote
1927 1155 2133 1193 conve-

432 1224 612 1289 niant,
645 1225 812 1296 eique
839 1226 1084 1280 ﬁdeliter
1114 1226 1441 1280 ministrent
1472 1232 1528 1280 et
1574 1228 1862 1282 obediant.

635 1313 762 1368 CAP.
797 1316 970 1368 LXIII.
999 1346 1066 1354 —-
1097 1317 1226 1368 Item
1248 1316 1312 1368 de
1328 1331 1517 1369 manus
1554 1319 1912 1385 impositione.

502 1402 786 1470 (Eusebius
837 1419 988 1472 papa
1042 1405 1314 1470 fratribus
1363 1421 1462 1473 per
1512 1408 1867 1473 Campaniam
1917 1409 1968 1458 et
2027 1407 2134 1459 Tu-

431 1494 601 1544 sciam
635 1494 942 1545 constitutis
986 1493 1217 1562 scribit.)
1261 1493 1456 1546 Manus
1481 1510 1711 1564 quoque
1751 1493 2135 1562 impositionis

432 1583 852 1633 sacramentum
916 1596 1124 1648 magna
1201 1582 1565 1636 veneratione
1630 1582 1949 1636 tenendum
2022 1587 2128 1649 est,

2241 450 2489 504 tiﬁcibus
2519 450 2786 503 convenit
2805 449 3099 504 celebrari.

2242 552 2377 626 CAP.
2422 553 2643 606 LXVIII.
2686 583 2754 592 —-
2783 555 2850 608 Ut
2878 555 3140 621 episcopis
3178 555 3237 606 in
3267 570 3465 625 campo,
3513 562 3559 613 si
3585 577 3762 617 necesse
3782 570 3854 626 sit.

2313 625 2469 678 liceat
2495 627 2812 691 conﬁrmare
2840 642 2856 678 :
2887 626 3078 678 melius
3123 631 3203 678 est
3249 632 3420 680 autem
3468 627 3520 682 in
3563 635 3754 687 ecclesia
3776 625 3856 690 aut

2311 697 2372 748 in
2413 698 2556 748 atrio
2584 697 2833 748 ecclesia.

2314 784 2425 853 (Ea:
2453 784 2640 838 concil.
2690 783 2953 849 Remensi,
3013 799 3132 852 cap.
3198 784 3305 848 l0.)
3357 786 3611 857 Episcopo
3641 789 3782 846 liceat
3811 795 3856 849 in

2241 887 2465 942 campo,
2497 872 2543 925 si
2573 887 2802 925 necesse
2834 871 2924 938 sit,
2967 872 3324 926 conﬁrmare.

2242 975 2369 1030 CAP.
2415 976 2581 1028 LXIX.
2613 1004 2680 1014 -—
2707 976 2773 1028 Ut
2801 991 2835 1028 a
2881 975 3007 1057 solis
3058 977 3320 1099 epistcepis
3363 977 3615 1045 baptizati
3651 984 3744 1037 sint
3767 1001 3857 1038 con~

2949 1060 3144 1099 szanan
3188 1064 3224 1099 ι.

2949 1060 3224 1113 szgnanai.

2314 1133 2422 1204 (Ea:
2479 1134 2624 1187 decr.
2658 1135 2954 1188 Innocentii
3003 1150 3136 1203 pap.
3197 1137 3438 1190 Decentio
3487 1141 3638 1206 episc.
3699 1146 3856 1212 missis,

2241 1237 2360 1291 cap.
2405 1223 2486 1291 3.)
2543 1223 2621 1275 De
2679 1222 3084 1292 consignandis
3134 1239 3265 1277 vero
3324 1223 3622 1279 infantibus
3672 1232 3859 1284 manife-

2243 1316 2396 1365 stum
2430 1315 2515 1365 est
2553 1327 2668 1364 non
2714 1311 2784 1365 ab
2825 1311 2936 1364 alio
2982 1327 3154 1382 quam
3187 1312 3254 1365 ab
3286 1313 3542 1384 episcopo
3571 1315 3682 1369 ﬁeri
3712 1318 3858 1384 licere,

2243 1416 2375 1453 nam
2403 1399 2740 1470 presbyteri,
2801 1399 2930 1452 licet
2957 1399 3069 1453 sint
3104 1401 3338 1454 secundi
3373 1404 3690 1470 sacerdotes,
3714 1409 3858 1476 ponti-

2243 1488 2443 1542 ﬁcatus
2473 1493 2666 1541 tamen
2701 1487 2920 1558 apicem
2951 1505 3068 1542 non
3099 1489 3332 1544 habent.
3379 1493 3489 1544 Hoc
3517 1498 3690 1547 autem
3717 1497 3859 1564 ponti-

2244 1577 2446 1630 ﬁcibus
2475 1577 2608 1630 solis
2638 1568 2854 1642 deberi,
2888 1582 2952 1630 ut
2981 1577 3067 1630 vel
3088 1578 3444 1648 consignent,
3476 1581 3554 1633 vel
3575 1583 3858 1651 paracletum

431 1667 584 1737 quod
616 1668 686 1721 ab
707 1668 830 1720 aliis
861 1669 1056 1738 perﬁci
1097 1686 1215 1722 non
1272 1674 1475 1737 potest,
1510 1671 1617 1723 nisi
1655 1687 1688 1724 a
1745 1671 1984 1725 summis
2041 1687 2131 1724 sa-
2165 1640 2205 1693 B
2244 1667 2516 1734 Spiritum
2551 1665 2798 1729 tradant,
2820 1681 2934 1718 non
2964 1666 3147 1719 solum
3169 1667 3516 1721 consuetudo
3555 1671 3861 1724 ecclesiastica

430 1755 774 1808 cerdotibus.
811 1756 922 1808 Nec
951 1761 1209 1826 tempore
1254 1759 1644 1826 apostolorum
1691 1758 1757 1811 ab
1787 1758 1912 1812 aliis
1957 1774 2128 1829 quam

431 1842 500 1896 ab
527 1843 664 1912 ipsis
694 1844 968 1913 apostolis
1020 1845 1227 1914 legitur
1258 1851 1356 1898 aut
1397 1845 1574 1899 scitur
1621 1851 1912 1916 peractum
1959 1863 2079 1901 esse
2112 1865 2124 1902 :

430 1947 615 2001 neque
644 1931 712 1984 ab
762 1931 908 1994 aliis,
959 1932 1104 1986 sicut
1141 1933 1261 2002 jam
1312 1933 1527 1987 dictum
1571 1939 1676 1998 est,
1721 1951 1895 2005 quam
1918 1936 1987 1988 ab
2017 1936 2129 1990 illis

429 2019 529 2089 qui
562 2035 763 2072 eorum
808 2020 990 2072 locum
1043 2025 1233 2074 tenent
1278 2037 1531 2090 unquam
1569 2021 1766 2091 perﬁci
1799 2027 1985 2092 potest
2031 2027 2128 2076 aut

427 2107 552 2160 ﬁeri
586 2107 774 2160 debet.
811 2109 950 2160 Nam
983 2107 1030 2161 si
1059 2109 1225 2162 aliter
1272 2113 1691 2180 praesumptum
1735 2110 1928 2176 fuerit,
1988 2111 2126 2165 irri-

426 2200 550 2249 tum
599 2196 878 2250 habeatur
933 2201 992 2250 et
1051 2214 1313 2264 vacuum,
1376 2215 1481 2252 nec
1548 2198 1700 2252 inter
1747 2199 2125 2255 ecclesiastica

428 2299 687 2354 unquam
713 2285 1078 2354 reputabitur
1105 2291 1477 2340 sacramenta.

700 2373 825 2426 CAP.
861 2372 1035 2426 LXIV.
1064 2402 1133 2410 —
1162 2374 1294 2426 Item
1324 2373 1389 2425 de
1421 2376 1843 2440 conﬁrmatione.

496 2460 608 2530 (Ea:
639 2461 824 2515 concit.
880 2461 1206 2530 Moguntin,
1267 2475 1387 2528 cap.
1429 2461 1508 2530 5.)
1560 2461 1929 2530 Praecipimus
1956 2465 2021 2516 ut
2049 2462 2120 2517 ad

423 2549 818 2619 accipiendum
845 2564 948 2617 per
981 2564 1184 2602 manus
1214 2548 1646 2618 impositionem
1672 2549 1962 2619 pontiﬁcis
1993 2551 2120 2620 Spi-

421 2637 567 2692 ritus
611 2637 791 2690 sancti
821 2637 1059 2704 donum,
1109 2637 1350 2691 sollicite
1381 2642 1439 2691 et
1487 2638 1690 2692 devote
1735 2655 1934 2692 omnes
1983 2655 2118 2693 con-

420 2731 672 2791 currant,
743 2730 798 2779 et
847 2725 1116 2796 episcopo
1156 2741 1259 2779 suo
1309 2743 1379 2780 ea
1436 2743 1564 2796 quae
1612 2728 1935 2782 necessaria
1988 2731 2121 2782 sunt

419 2814 667 2868 ﬁdeliter
693 2814 1040 2878 ministrent,
1088 2815 1256 2885 eique
1287 2814 1358 2868 ab
1401 2815 1670 2869 omnibus
1709 2821 1766 2870 et
1794 2833 1897 2887 per
1921 2816 2117 2870 omnia

421 2902 740 2957 obediatur.

422 2991 549 3046 CAP.
585 2992 729 3045 LXV.
764 3021 832 3031 —
864 2991 1022 3055 Quod
1060 3005 1237 3045 omnes
1280 2990 1482 3058 ﬁdeles,
1512 2995 1725 3061 accepto
1769 2993 2119 3063 baptismate,

845 3064 1087 3116 chrisma
1115 3063 1393 3131 percipere
1423 3063 1670 3116 debeant.

490 3153 598 3216 (Ea:
656 3152 842 3204 concil.
914 3150 1245 3215 Laodicensi,
1308 3165 1426 3218 cap.
1477 3153 1590 3217 48.)
1639 3151 1801 3214 Quod
1859 3156 2122 3221 oporteat

415 3252 512 3290 eos
546 3235 644 3306 qui
682 3236 1044 3305 baptizantur
1094 3243 1227 3305 post
1282 3237 1569 3290 lavacrum
1617 3238 1866 3292 chrisma
1892 3240 2119 3294 cceleste

413 3325 730 3394 percipere,
754 3329 810 3376 et
839 3324 1001 3394 regni
1040 3324 1251 3379 Christi
1284 3325 1592 3394 participes
1635 3325 1902 3380 inveniri.

417 3413 544 3466 CAP.
602 3413 769 3466 LXVI.
820 3443 889 3450 —
945 3414 1011 3467 Ut
1067 3428 1244 3467 omnes
1302 3416 1482 3467 renati
1545 3415 1695 3480 fonte
1747 3414 2115 3483 baptismatis,

487 3483 686 3537 donum
735 3485 912 3536 sancti
979 3484 1222 3552 Spiritus
1291 3499 1392 3552 per
1461 3499 1654 3540 manus
1725 3488 2119 3555 impositionem

486 3557 726 3622 accipere
764 3555 1008 3608 debeant.

484 3641 594 3710 (Ezc
650 3644 807 3711 epist.
865 3643 1061 3696 Anteri
1099 3657 1280 3712 papae,
1335 3659 1456 3712 cap.
1524 3646 1631 3712 15.)
1687 3645 1895 3700 Omnes
1960 3647 2115 3701 enim

413 3731 609 3785 ﬁdeles
656 3747 758 3802 per
802 3747 1006 3785 manus
1054 3731 1488 3802 impositionem
1537 3733 1953 3805 episcoporum,
1988 3741 2118 3806 post

409 3817 762 3887 baptismum
820 3819 1078 3889 accipere
1135 3819 1348 3874 debent
1401 3819 1678 3890 Spiritum
1733 3826 2014 3887 sanctum,
2053 3827 2118 3877 ut

408 3907 565 3976 pleni
595 3907 900 3962 Christiani
933 3907 1318 3962 inveniantur.
1360 3910 1436 3962 De
1465 3909 1682 3978 Spiritu
1729 3915 1922 3976 sancto
1969 3911 2114 3965 acci-

407 3995 620 4065 pimus,
655 4000 716 4049 ut
740 3996 1029 4066 spiritales
1063 3997 1422 4050 efﬁciamur:
1460 3997 1597 4065 quia
1634 3997 1902 4051 animalis
1942 3999 2113 4053 homo

407 4100 526 4138 non
557 4085 802 4155 percipit
829 4101 895 4138 ea
913 4101 1043 4156 quae
1074 4089 1207 4139 sunt
1233 4084 1478 4155 Spiritus
1511 4084 1629 4152 Dei,
1665 4085 1801 4156 quia
1830 4101 1960 4140 cum
1989 4087 2114 4158 Spi-

407 4173 550 4226 ritus
575 4178 805 4226 sanctus
849 4173 1195 4238 infunditur,
1245 4188 1343 4226 cor
1385 4171 1552 4225 ﬁdele
1609 4172 1681 4226 ad
1719 4174 2108 4244 prudentiam,
2141 4195 2183 4249 ι)

409 4261 476 4315 ad
508 4261 889 4315 constantiam
929 4260 1220 4314 dilatatur.
1277 4261 1353 4313 De
1397 4259 1615 4329 Spiritu
1661 4267 1855 4316 sancto
1904 4263 2111 4333 accipi-

407 4364 558 4418 mus,
592 4355 651 4403 ut
686 4349 976 4419 sapiamus
1004 4348 1155 4402 inter
1181 4349 1400 4402 bonum
1422 4354 1480 4402 et
1513 4350 1728 4404 malum
1767 4349 2108 4418 discernere,

402 4437 558 4507 justa
586 4436 844 4507 diligere,
888 4437 1098 4506 injusta
1131 4452 1420 4506 respuere,
1454 4441 1518 4490 ut
1561 4437 1771 4491 invidie
1814 4453 1878 4490 ac
1915 4454 2114 4508 super-

402 4524 515 4579 biae
556 4541 968 4596 repugnemus,
1025 4530 1090 4579 ut
1120 4525 1362 4578 luxuriae
1411 4541 1476 4579 ac
1533 4525 1770 4580 diversis
1809 4527 2108 4593 illecebris,

407 4618 465 4668 et
512 4613 679 4667 fmdis
732 4613 1104 4690 indignisque
1157 4613 1566 4684 cupiditatibus
1621 4615 1974 4667 resistamus.
2033 4616 2109 4668 De

407 4702 626 4774 Spiritu
657 4707 849 4756 sancto
879 4703 1222 4773 accipimus;
1256 4706 1320 4756 ut
1345 4717 1541 4756 amore
1578 4707 1636 4757 et
1674 4703 1875 4774 glorias
1907 4702 2109 4758 ardore

405 4791 662 4846 succensi
710 4791 932 4862 erigere
976 4809 1009 4846 a
1060 4791 1302 4845 terrenis
1349 4797 1601 4846 mentem
1655 4791 1727 4846 ad
1775 4806 2025 4862 superna
2053 4796 2111 4847 et

405 4881 477 4935 ad
504 4879 700 4935 divina
729 4881 1041 4934 valeamus.

405 4970 534 5024 CAP.
578 4970 775 5024 LXVII.
810 4999 879 5008 —
922 4971 988 5024 Ut
1018 4971 1256 5038 episcopi
1287 4985 1394 5023 non
1441 4971 1554 5024 nisi
1595 4969 1780 5038 jejuni
1819 4972 2106 5039 conﬁrma-

619 5043 788 5094 tiones
812 5043 1048 5107 faciant,
1084 5045 1307 5108 emcepta
1337 5055 1503 5094 causa
1523 5043 1886 5109 inﬁrmitatis.

476 5130 585 5200 (Ex
613 5130 804 5183 concit.
859 5128 1139 5194 Metdensi,
1187 5143 1306 5197 cap.
1341 5129 1420 5197 6.)
1448 5129 1516 5183 Ut
1567 5128 1819 5199 episcopi
1846 5145 1962 5183 non
1993 5129 2107 5184 nisi

398 5217 584 5287 jejuni
615 5233 718 5287 per
759 5217 1192 5288 impositionem
1213 5233 1492 5271 manuum
1531 5217 1812 5287 Spiritum
1845 5222 2104 5272 sanctum

401 5301 633 5355 tradant
682 5301 933 5372 exceptis
977 5301 1245 5366 inﬁrmis,
1279 5307 1336 5355 et
1392 5309 1578 5357 morte
1624 5301 2101 5372 periclitantibus.

403 5388 556 5444 Sicut
588 5394 781 5446 autem
812 5391 1034 5446 duobus
1079 5389 1457 5462 temporibus,
1513 5391 1729 5444 Pascha
1756 5389 2023 5445 videlicet
2050 5395 2106 5446 et

404 5479 751 5544 Pentecoste,
811 5495 845 5534 a
889 5479 1105 5550 jejunis
1157 5479 1434 5536 celebrari
1471 5479 1642 5535 debet
1698 5478 2019 5550 baptismus
2081 5495 2096 5534 :

2244 1755 2616 1818 demonstrat,
2646 1769 2844 1806 verum
2875 1754 2973 1807 illa
3010 1753 3172 1807 lectio
3222 1758 3463 1808 Actuum
3515 1759 3858 1825 apostolorum,

2241 1857 2370 1911 quae
2403 1842 2604 1895 asserit
2630 1842 2859 1894 Petrum
2891 1847 2950 1895 et
3001 1843 3278 1896 Joannem
3331 1859 3449 1897 esse
3502 1845 3738 1911 directos,
3764 1852 3860 1918 tquo

2235 1930 2352 1998 jam
2385 1929 2682 1999 baptizatis
2702 1929 2926 1984 tradant
2964 1930 3241 2000 Spiritum
3282 1937 3555 1987 sanctum.
3599 1935 3720 1988 Nam
3743 1951 3860 2004 pres-

2237 2015 2451 2085 byteris
2485 2032 2582 2069 seu
2615 2020 2775 2069 extra
2825 2016 3158 2087 episcopum
3214 2033 3318 2072 seu
3352 2024 3616 2089 praesente
3652 2021 3860 2091 episcopo

2237 2120 2367 2158 cum
2424 2105 2736 2175 baptizant,
2791 2106 3096 2159 chrismate
3152 2107 3468 2176 baptizatos
3508 2125 3703 2180 ungere
3746 2111 3858 2173 licet,

2236 2192 2334 2246 sed
2365 2192 2514 2263 quod
2545 2192 2614 2246 ab
2645 2192 2915 2262 episcopo
2945 2193 3118 2246 fuerit
3147 2198 3557 2259 consecratum,
3582 2211 3685 2249 non
3713 2200 3859 2248 tamen

2233 2280 2480 2334 frontem
2514 2297 2582 2334 ex
2621 2281 2825 2335 eodem
2857 2281 2985 2335 oleo
3014 2282 3261 2351 signare,
3315 2283 3470 2353 quod
3516 2284 3641 2337 solis
3675 2284 3862 2337 debetur

2233 2369 2537 2439 episcopis,
2577 2385 2707 2423 cum
2738 2369 2973 2423 tradunt
3000 2369 3276 2439 Spiritum
3309 2372 3665 2440 paracletum.

2232 2457 2359 2511 CAP.
2415 2458 2560 2513 LXX.
2601 2487 2670 2496 —-
2722 2459 2790 2512 Ut
2836 2457 3140 2526 presbyteri
3183 2458 3490 2526 baptizatos
3547 2462 3600 2514 in
3641 2459 3863 2528 frontibus

2583 2529 2872 2582 chrismate
2912 2531 3131 2594 signare
3166 2543 3273 2582 non
3317 2531 3565 2584 audeant.

2300 2617 2408 2686 (Ea:
2445 2618 2617 2685 regul.
2661 2619 2824 2684 Greg.
2877 2617 2952 2671 ad
2979 2619 3308 2672 Januarium
3355 2621 3646 2688 episcopum
3696 2619 3862 2674 Carali-

2229 2707 2435 2771 tanum,
2500 2720 2620 2774 cap.
2692 2704 2840 2774 200.)
2899 2705 3218 2775 Presbyteri
3300 2705 3608 2776 baptizatos
3666 2706 3865 2759 infantes

2225 2791 2452 2863 signare
2513 2793 2575 2847 in
2645 2793 2932 2848 frontibus
3007 2794 3320 2848 chrismate
3375 2812 3490 2850 non
3547 2799 3864 2866 praesumant,

2227 2881 2322 2934 sed
2391 2881 2708 2952 presbyteri
2779 2881 3099 2950 baptizatos
3155 2887 3400 2952 tangant
3453 2884 3510 2938 in
3556 2889 3774 2954 pectore,
3820 2887 3868 2933 ut

2231 2969 2481 3039 episcopi
2513 2969 2882 3038 postmodum
2913 2970 3258 3024 conﬁrment
3277 2971 3340 3025 in
3368 2971 3569 3027 fronte.

2231 3057 2357 3113 CAP.
2421 3059 2595 3113 LXXI.
2643 3087 2716 3100 —
2770 3061 2843 3113 De
2907 3059 3237 3127 presbyteris
3298 3063 3398 3128 qui
3444 3077 3545 3131 pro
3598 3061 3864 3129 baptismate

2810 3132 2995 3198 pretia
3026 3133 3340 3199 requirunt.

2301 3217 2408 3286 (Ea:
2437 3219 2595 3287 epist.
2660 3217 2868 3272 Gctasii
2909 3233 3090 3287 papae,
3125 3234 3246 3287 cap.
3298 3219 3374 3289 5.)
3404 3217 3739 3288 Baptizandis
3759 3232 3866 3270 con-

2229 3304 2637 3376 signandisque
2672 3305 2935 3358 ﬁdelibus
2967 3306 3149 3375 pretia
3177 3307 3339 3361 nulla
3369 3307 3672 3377 praeﬁgant,
3710 3321 3796 3358 nec
3816 3304 3862 3355 il-

2228 3394 2538 3447 lationibus
2595 3394 2948 3465 quibuslibet
3004 3394 3292 3465 impositis
3347 3397 3627 3466 exagitare
3679 3394 3867 3463 cupiant

2227 3487 2588 3536 renascentes
2622 3499 2634 3536 :
2669 3483 2946 3553 quoniam
2998 3484 3151 3553 quod
3184 3485 3364 3554 gratis
3408 3484 3726 3554 accepimus,
3763 3496 3864 3551 gra-

2227 3570 2298 3624 tis
2328 3571 2462 3625 dare
2493 3571 2864 3626 mandamur.
2903 3573 2970 3625 Et
2999 3571 3127 3626 ideo
3167 3573 3316 3627 nihil
3359 3590 3392 3626 a
3439 3572 3704 3644 praedictis
3743 3585 3864 3641 pror-

2226 3675 2320 3712 sus
2359 3659 2587 3730 exigere
2633 3659 2962 3726 moliantur,
3006 3676 3120 3730 quo
3168 3661 3257 3714 vel
3310 3665 3636 3731 paupertate
3671 3661 3863 3728 cogente

2226 3747 2502 3814 deterriti,
2533 3748 2623 3800 vel
2645 3747 3040 3818 indignatione
3071 3750 3338 3816 revocati,
3373 3749 3756 3820 redemptionis
3781 3761 3864 3798 sua

2225 3850 2421 3887 causas
2454 3835 2611 3889 adire
2644 3835 2978 3906 despiciant,
3010 3842 3228 3891 certum
3270 3838 3566 3903 habentes,
3613 3835 3749 3908 quod
3792 3831 3863 3902 qui

2227 3923 2513 3993 prohibita
2544 3923 2883 3994 deprehensi
2901 3924 3114 3979 fuerint
3143 3926 3465 3992 admisisse,
3494 3927 3579 3980 vel
3619 3923 3865 3980 commissa

2224 4027 2340 4066 nou
2360 4012 2548 4082 potius
2569 4029 2671 4066 sua
2701 4019 2902 4083 sponte
2929 4015 3302 4082 correxerint,
3318 4016 3635 4088 periculum
3668 4009 3862 4067 subituri

2224 4100 2444 4170 proprii
2476 4100 2590 4154 sint
2618 4101 2874 4156 honoris.

2226 4187 2354 4242 CAP.
2407 4189 2609 4244 LXXII.
2657 4219 2725 4229 —
2749 4260 2752 4261 ν
2775 4189 2856 4243 De
2893 4191 3228 4261 presbyteris
3289 4195 3390 4261 qui
3439 4194 3604 4247 veteri
3627 4191 3864 4245 chrismate

2738 4260 3020 4329 baptizare
3044 4260 3404 4331 praesumunt.

2294 4348 2403 4413 (Ea:
2432 4349 2616 4402 concil.
2651 4348 2926 4416 Lugdun.,
2957 4365 3076 4419 cap.
3133 4350 3208 4421 3.)
3255 4351 3313 4406 Si
3361 4351 3490 4422 quis
3515 4353 3582 4406 de
3631 4349 3730 4404 alio
3755 4345 3865 4400 chri-

2223 4440 2425 4503 smate,
2447 4452 2619 4506 quam
2651 4437 2720 4491 de
2740 4437 2839 4490 illo
2863 4453 3009 4492 novo
3041 4439 3193 4509 quod
3223 4441 3447 4510 proprii
3473 4438 3710 4511 episcopi
3729 4432 3863 4504 largi-

2221 4521 2378 4577 tione
2407 4524 2493 4577 vel
2525 4525 2887 4579 concessione
2941 4526 3176 4596 accepit,
3213 4528 3504 4598 baptizare
3548 4527 3650 4582 nisi
3691 4536 3863 4595 praeoc-

2220 4615 2464 4681 cupante
2493 4617 2679 4666 morte
2707 4614 3031 4678 tentaverit,
3066 4631 3170 4685 pro
3226 4617 3567 4671 temeritatis
3600 4630 3728 4668 ausu
3772 4612 3865 4680 ipse

2219 4699 2281 4753 in
2311 4715 2370 4753 se
2391 4716 2508 4754 sum
2530 4701 2914 4756 damnationis
2944 4703 3248 4773 protulisse
3277 4706 3618 4760 sententiam
3662 4699 3864 4756 manife-

2221 4792 2423 4842 statur.

2219 4877 2346 4931 CAP.
2389 4877 2616 4932 LXXIII.
2646 4908 2718 4917 ——
2754 4881 2821 4932 Ut
2855 4881 3140 4950 presbyter
3186 4883 3243 4936 in
3291 4897 3394 4936 sua
3435 4883 3586 4953 plebe
3620 4878 3723 4935 sine
3743 4876 3866 4931 chri-

2737 4958 2907 5004 smate
2933 4953 3010 5005 ire
3038 4967 3142 5006 non
3175 4954 3386 5007 debeat.

2287 5037 2398 5103 (Ea:
2427 5038 2615 5092 concit.
2677 5039 2925 5103 Vasensi,
2984 5055 3106 5110 cap.
3149 5041 3222 5109 5.)
3262 5042 3493 5096 Nullum
3551 5039 3868 5112 presbytero-

2218 5141 2348 5179 rum
2386 5125 2444 5178 in
2476 5126 2641 5196 plebe
2673 5127 2780 5180 sibi
2809 5128 3113 5182 commissa
3160 5129 3282 5183 sine
3313 5130 3612 5184 chrismate
3653 5135 3863 5194 unquam

2217 5214 2422 5269 debere
2476 5215 2768 5286 progredi,
2823 5217 2961 5288 quia
3012 5217 3161 5272 inter
3216 5235 3318 5273 nos
3367 5218 3579 5290 placuit
3628 5214 3780 5271 semel
3817 5212 3863 5263 in

2215 5303 2558 5374 baptismate
2613 5304 2932 5361 chrismari.
2988 5308 3068 5361 De
3121 5323 3190 5362 eo
3243 5312 3437 5363 autem
3478 5307 3573 5379 qui
3620 5306 3675 5359 in
3716 5298 3859 5370 bapti-

2214 5399 2394 5446 smate
2424 5407 2768 5465 quacunque
2806 5395 3146 5451 necessitate
3195 5397 3442 5452 faciente
3473 5412 3587 5451 non
3625 5392 3856 5448 chrisma-

2213 5485 2304 5536 tus
2335 5480 2530 5550 fuerit,
2561 5480 2625 5536 in
2655 5483 3088 5541 conﬁrmatione
3117 5485 3424 5542 sacerdotis
3447 5483 3768 5557 perﬁcietur.
