4028 6190
114 187 216 239 741

1079 176 1580 236 DECRETORUM
1627 174 1828 229 LIBRI
1867 175 1978 232 XX.
2019 205 2090 216 —
2131 176 2347 232 LIBER
2387 176 2732 240 QUARTUS.

3570 192 3676 244 742

116 309 254 362 Car.
309 307 516 361 LXXIV.
552 337 615 344 —
652 306 732 359 De
776 304 1090 373 presbytero
1141 304 1240 371 qui
1306 316 1364 355 se
1415 297 1855 369 deprehenderit
1892 302 1940 355 Α
1970 300 2099 355 CAP.
2166 298 2395 354 LXXXI.
2452 302 2529 353 De
2579 301 2810 365 Judzis,
2862 304 3124 370 quomodo
3169 310 3293 358 ante
3350 306 3675 375 baptismum

652 392 757 430 non
785 390 895 429 esse
922 376 1285 443 baptizatum.

197 470 315 533 (Ea:
374 466 555 520 concil.
607 466 755 534 apud
801 463 1208 535 Compendium,
1280 475 1403 528 cap.
1458 460 1543 529 5.)
1602 456 1665 513 Si
1722 457 1854 527 quis

120 557 426 627 presbyter
474 554 763 608 ordinatus
794 550 1240 624 deprehenderit
1269 565 1330 602 se
1362 564 1485 601 non
1537 561 1672 600 esse
1704 545 1855 615 bap-

120 644 392 709 tizatum,
441 642 761 712 baptizatur
810 647 866 696 et
915 641 1214 695 ordinetur
1267 637 1487 691 iterum
1540 639 1606 688 et
1650 649 1853 688 omnes

124 748 283 803 quos
313 732 473 802 prius
502 730 829 800 baptizavit.
1218 794 1221 797 γ

125 823 264 876 CAP.
304 820 486 873 LXXV.
518 847 588 859 —
633 821 704 871 De
748 818 1070 885 presbyteris
1116 813 1388 884 quomodo
1436 814 1497 885 in
1549 825 1706 885 cgnna
1761 813 1855 866 Do-

200 894 345 945 mini
368 892 432 943 de
460 882 764 953 chrismate,
797 889 860 942 de
897 882 1003 943 oleo
1031 882 1392 954 sanctiﬁcata,
1437 884 1505 936 de
1534 882 1656 937 oleo
1685 884 1852 951 inﬁr-

199 978 414 1016 morum
440 963 618 1026 facere
648 961 889 1013 debeant.

204 1051 328 1121 (Em
388 1050 573 1103 concit.
634 1048 911 1114 Metdensi,
974 1063 1092 1117 cap.
1158 1046 1222 1115 ι.)
1282 1044 1361 1099 Ut
1426 1041 1734 1112 presbyter
1789 1043 1853 1098 in

124 1156 301 1193 caena
334 1138 558 1192 Domini
603 1137 883 1207 ampullas
915 1140 1029 1190 tres
1059 1151 1250 1191 secum
1284 1132 1534 1194 deferat,
1568 1147 1748 1184 unam
1780 1133 1853 1186 ad

127 1228 408 1291 chrisma,
452 1228 687 1279 alteram
733 1225 801 1278 ad
836 1226 1025 1279 oleum
1059 1225 1127 1279 ad
1175 1220 1626 1277 catechumenos
1672 1220 1850 1275 inun-

127 1316 378 1385 gendos,
410 1313 635 1368 tertiam
661 1313 729 1366 ad
754 1313 1037 1377 inﬁrmos,
1057 1314 1217 1383 juxta
1243 1309 1595 1365 sententiam
1617 1313 1846 1379 aposto-

126 1405 331 1470 licam,
387 1408 448 1455 ut
479 1402 702 1472 quando
733 1402 861 1471 quis
908 1402 1233 1455 infirmatur
1264 1399 1502 1453 inducat
1546 1398 1846 1469 presbyteo

128 1509 229 1546 ros
260 1491 543 1555 Ecclesiae,
573 1495 678 1544 etc.

533 1580 658 1634 CAP.
697 1579 913 1632 LXXVI.
952 1607 1020 1619 —
1048 1581 1119 1631 Dc
1156 1577 1340 1631 eadem
1370 1592 1447 1631 re.

206 1670 327 1739 (Ex
386 1668 568 1721 concil.
626 1666 777 1734 apud
849 1666 1151 1729 Valentius,
1205 1681 1326 1733 cap.
1388 1663 1461 1731 2.)
1522 1662 1852 1732 Presbyteri

129 1759 234 1828 qui
295 1756 640 1810 dicecesanas
689 1754 965 1807 Ecclesias
1012 1758 1241 1823 regunt,
1285 1769 1401 1806 non
1435 1768 1467 1805 a
1497 1751 1854 1821 quibuslibet

130 1844 443 1916 episcopis,
484 1843 578 1897 sed
610 1859 640 1895 a
670 1859 794 1908 suo,
823 1859 929 1895 nec
973 1858 1078 1912 per
1101 1842 1393 1910 juniorem
1427 1840 1718 1906 clericum,
1753 1839 1853 1893 sed

128 1950 240 2005 per
291 1932 528 2002 seipsos,
581 1936 682 1983 aut
731 1946 834 2000 per
866 1931 1029 1985 illum
1076 1930 1174 2000 qui
1205 1930 1464 1999 ejusdem
1500 1928 1717 1982 ordinis
1758 1929 1849 1994 sit,

128 2027 271 2076 ante
298 2021 527 2075 Pascha:
557 2018 983 2073 solemnitatem
1014 2019 1264 2072 chrisma
1292 2022 1513 2087 petant.

521 2109 646 2161 CAP.
683 2108 924 2161 LXXVII.
957 2135 1026 2146 —
1072 2110 1145 2160 De
1174 2107 1365 2161 eadem
1394 2122 1472 2160 re.

203 2199 323 2269 (Ea:
368 2198 550 2251 concil.
603 2196 885 2261 Meldensi,
936 2210 1055 2264 cap.
1095 2195 1172 2265 5.)
1229 2196 1294 2249 Ut
1327 2211 1499 2249 nemo
1550 2194 1852 2265 episcopo-

130 2305 293 2353 rum,
333 2288 418 2340 vel
466 2286 715 2357 quilibet
745 2284 1005 2337 minister
1040 2283 1460 2338 ecclesiasticus
1492 2290 1731 2354 propter
1760 2299 1855 2336 sa-

128 2392 303 2429 crum
335 2375 583 2428 chrisma
614 2373 833 2438 aliquid
866 2371 1120 2425 numeris
1153 2371 1423 2441 accipiat,
1453 2388 1641 2442 neque
1678 2371 1856 2425 dena-

129 2467 273 2530 rios,
329 2465 414 2517 vel
466 2464 748 2535 quaelibet
796 2461 1156 2525 munuscula,
1218 2476 1350 2530 quae
1406 2478 1510 2531 per
1560 2460 1858 2514 ministros

131 2553 546 2624 episcoporum
576 2568 611 2605 a
640 2548 988 2621 presbyteris
1025 2548 1491 2602 inordinabillter
1522 2550 1854 2619 exiguntur.

513 2641 641 2695 CAP.
682 2637 956 2693 LXXVIII.
990 2668 1058 2675 —
1088 2640 1159 2691 De
1190 2637 1377 2691 eadem
1404 2654 1481 2692 re.

216 2732 333 2799 (Em
364 2731 549 2784 concil.
593 2730 843 2792 Vasensi,
893 2742 1013 2795 cap.
1058 2727 1163 2791 10.)
1211 2728 1321 2780 Per
1366 2726 1597 2796 singula
1626 2723 1860 2778 territo-

135 2819 229 2873 ria
276 2818 601 2890 presbyteri
655 2817 745 2870 vel
795 2814 1045 2868 ministri
1086 2815 1157 2869 ab
1202 2814 1486 2885 episcOpis
1533 2830 1652 2868 non
1685 2816 1861 2884 prout

143 2909 381 2963 libitum
434 2907 610 2962 fuerit
642 2922 672 2959 a
699 2903 1091 2965 vicinioribus,
1134 2904 1230 2957 sed
1265 2919 1296 2955 a
1326 2905 1442 2956 suis
1471 2903 1725 2973 propriis
1755 2916 1859 2971 per

142 3014 336 3053 annos
381 2996 636 3067 singulos
685 2999 888 3064 petant
916 2993 1185 3057 chrisma,
1221 2992 1727 3062 appropinquante
1774 3005 1861 3042 so~

135 3085 443 3140 lemnitate
476 3083 757 3149 Paschali,
791 3098 893 3135 nec
915 3096 1016 3151 per
1041 3096 1445 3151 quemcunque
1476 3081 1653 3134 alium
1676 3093 1857 3150 quam

136 3191 249 3245 per
302 3173 523 3243 seipsos
556 3177 655 3226 aut
703 3187 808 3241 per
855 3169 1095 3222 vicarios
1136 3169 1391 3238 ejusdem
1444 3168 1681 3235 ordinis,
1718 3166 1859 3237 quia

138 3264 499 3317 inhonorum
547 3266 635 3314 est
662 3258 1035 3313 inferioribus
1082 3273 1309 3310 summa
1354 3256 1657 3310 committi.
1692 3254 1856 3326 Opti-

140 3368 309 3407 mum
354 3356 546 3404 autem
587 3353 674 3403 est
704 3353 769 3402 ut
821 3348 943 3419 ipse
993 3345 1288 3417 suscipiat,
1337 3347 1437 3417 qui
1467 3347 1525 3398 in
1573 3344 1856 3400 tradendo

146 3456 364 3493 usurus
395 3443 498 3492 est.

141 3530 277 3583 CAP.
332 3528 540 3582 LXXLX.
607 3556 676 3565 —
725 3529 797 3580 De
859 3524 1191 3594 presbyteris
1234 3526 1332 3591 qui
1387 3538 1489 3592 pro
1542 3520 1857 3591 accipiendo

458 3599 749 3652 chrismate
775 3597 848 3650 ad
878 3598 1126 3650 civitates
1149 3597 1332 3648 venire
1360 3596 1549 3648 solent.

224 3688 333 3757 (Ea:
380 3687 571 3741 concit.
629 3685 912 3748 Meldensi,
946 3699 1066 3752 cap.
1119 3684 1197 3749 6.)
1231 3685 1308 3737 De
1355 3681 1706 3752 presbyteris
1757 3680 1858 3751 qui

145 3774 475 3845 accipiendi
529 3773 854 3827 chrismatis
910 3772 1097 3842 gratia
1151 3771 1219 3825 ad
1274 3771 1529 3825 civitates
1585 3770 1645 3823 in
1699 3785 1859 3823 caena

150 3862 391 3918 Domini
435 3862 632 3917 venire
686 3860 916 3915 solliciti
967 3864 1149 3927 erant,
1204 3860 1483 3913 sancitum
1535 3862 1620 3912 est
1676 3862 1741 3910 ut
1787 3857 1858 3911 de

150 3952 245 4005 his
278 3951 376 4020 qui
420 3952 586 4022 longe
617 3950 788 4020 positi
817 3953 971 4016 sunt,
1007 3949 1076 4003 de
1107 3954 1233 4002 octo
1264 3950 1354 4003 vel
1382 3949 1578 4002 decem
1610 3964 1761 4001 unus
1788 3945 1859 4001 ab

152 4039 559 4093 archidiacono
618 4038 885 4109 eligatur,
948 4037 1048 4108 qui
1107 4042 1397 4108 acceptum
1450 4037 1700 4090 chrisma
1751 4035 1859 4089 sibi

150 4133 211 4181 et
245 4128 410 4181 sociis
453 4127 759 4197 diligenter
788 4126 1055 4196 perferat.
1090 4126 1158 4180 Hi
1187 4141 1319 4179 vero
1353 4125 1451 4194 qui
1479 4141 1595 4177 non
1626 4122 1857 4191 longius

150 4233 187 4269 a
218 4214 447 4269 civitate
479 4231 650 4286 quam
701 4220 950 4284 quatuor
983 4219 1081 4267 aut
1117 4212 1372 4284 quinque
1406 4212 1661 4267 millibus
1701 4209 1859 4264 habi-

149 4308 306 4371 tant,
354 4319 513 4357 more
568 4302 730 4357 solito
780 4304 849 4357 ad
900 4302 1295 4373 accipiendum
1345 4300 1591 4354 chrisma
1648 4314 1752 4370 per
1800 4315 1857 4353 se

148 4393 410 4447 veniant.
464 4392 727 4447 Discendi
758 4408 893 4445 vero
933 4393 1136 4463 gratia,
1186 4390 1296 4443 alio
1326 4405 1441 4443 non
1472 4386 1856 4458 Quadragesi-

149 4481 296 4535 mali
327 4486 585 4548 tempore
616 4480 686 4534 ad
717 4479 1005 4534 civitatem
1031 4483 1436 4546 convocentur,
1470 4483 1706 4549 propter
1732 4477 1856 4546 ple-

148 4570 252 4624 bes
285 4568 395 4622 sibi
425 4569 777 4624 commissas.

148 4659 284 4713 Cap.
345 4657 528 4711 LXXX.
579 4688 647 4697 —
680 4660 754 4711 De
797 4658 1107 4722 chrismate,
1159 4655 1305 4725 quod
1332 4671 1538 4725 semper
1585 4655 1684 4710 sub
1736 4668 1859 4708 sera

836 4743 946 4782 esse
972 4728 1179 4782 debeat.

226 4817 336 4887 (Ea:
390 4818 576 4870 concit.
638 4819 926 4883 Turonen.,
978 4832 1098 4886 cap.
1146 4814 1223 4886 3.)
1273 4817 1555 4869 Praeterea
1603 4816 1658 4867 et
1712 4812 1855 4867 illud

145 4905 504 4959 omnimodis
554 4905 971 4959 observandum
1014 4910 1117 4971 est,
1162 4911 1224 4958 ut
1254 4919 1476 4958 sacrum
1522 4901 1767 4956 chrisma
1800 4906 1858 4955 et

143 4994 347 5047 oleum
402 4998 796 5047 consecratum
846 5010 1074 5064 semper
1117 4993 1224 5047 sub
1270 5008 1395 5045 sera
1449 4992 1541 5060 sit,
1593 5006 1664 5043 ne
1711 4989 1856 5043 illud

142 5082 309 5135 unde
357 5082 579 5137 Christo
629 5082 1085 5152 incorporamur,
1118 5086 1176 5135 et
1210 5080 1361 5134 unde
1410 5095 1609 5132 omnes
1656 5077 1856 5131 ﬁdeles

141 5170 604 5239 sanctiﬁcantur,
654 5171 805 5225 unde
835 5186 998 5240 reges
1029 5174 1085 5223 et
1118 5169 1440 5222 sacerdotes
1469 5168 1851 5236 inunguntur,

142 5259 364 5329 aliquis
410 5259 663 5314 inﬁdelis
713 5266 809 5314 aut
848 5258 1184 5313 immundus
1230 5260 1449 5324 tangat,
1502 5259 1601 5310 aut
1644 5254 1855 5324 aliquis

139 5347 413 5421 perﬁdus
460 5348 528 5402 ad
582 5348 679 5402 Dei
721 5348 1001 5419 judicium
1049 5345 1497 5402 subvertendum
1549 5342 1848 5414 subripiat,

139 5436 308 5508 quod
342 5435 735 5508 experimento
767 5436 1088 5492 didicimus.

2532 375 2846 426 emaminari
2870 375 3117 427 debeant.

2039 478 2150 547 (Em
2180 478 2369 531 concil.
2405 479 2737 545 Agathensi,
2768 496 2885 549 cap.
2921 481 3032 550 35.)
3057 481 3239 535 ,ιυόωὶ
3270 498 3517 552 quorum
3544 502 3674 555 per-

1966 564 2102 618 ﬁdia
2141 563 2476 633 frequenter
2518 564 2588 617 ad
2623 565 2882 619 fomitem
2934 567 3105 634 redit,
3156 567 3201 619 si
3246 570 3317 621 ad
3358 569 3542 639 legem
3576 587 3674 624 ca-

1966 650 2242 705 tholicam
2285 651 2482 705 venire
2529 654 2837 719 voluerint,
2884 658 3011 707 octo
3054 670 3282 708 menses
3328 656 3479 709 inter
3517 664 3676 711 cate-

1965 740 2288 792 chumenos
2336 739 2588 794 ecclesiae
2636 742 2817 795 limen
2868 742 3175 809 introeant,
3210 747 3265 796 et
3310 745 3353 796 si
3385 761 3534 814 pura
3564 746 3675 800 ﬁde

1965 826 2163 880 venire
2197 832 2535 894 noscuntur,
2570 834 2707 883 tunc
2755 830 2989 884 demum
3020 830 3379 901 baptismatis
3427 834 3673 903 gratiam

1964 926 2322 969 mereantur.
2377 916 2540 979 Quod
2572 916 2617 969 si
2654 933 2785 971 casu
2818 919 3011 988 aliquo
3060 919 3381 988 periculum
3428 922 3676 975 inﬁrmi-

1963 1002 2100 1056 tatis
2143 1002 2297 1056 intra
2337 1003 2737 1073 prmscriptum
2786 1010 3016 1075 tempus
3061 1007 3431 1074 incurrerint,
3480 1014 3537 1063 et
3567 1010 3675 1064 de-

1963 1091 2179 1160 sperati
2206 1091 2444 1158 fuerint,
2467 1091 2848 1161 baptizentur.

1964 1198 2097 1252 CAP.
2138 1197 2390 1252 LXXXII.
2456 1229 2524 1237 —
2574 1201 2646 1252 De
2690 1199 2925 1264 Judaeis,
2990 1202 3051 1250 ut
3095 1200 3276 1253 nullus
3317 1204 3392 1254 eis
3448 1216 3558 1255 vim
3597 1202 3673 1255 ad

2413 1270 2738 1322 credendum
2777 1270 2965 1321 debeat
2996 1271 3222 1333 inferre.

2036 1357 2150 1426 (Ea:
2181 1358 2370 1410 concil.
2429 1359 2665 1411 Toletun.
2701 1373 2753 1408 v.
2807 1373 2927 1424 cap.
2964 1359 3078 1424 57.)
3118 1359 3191 1410 De
3221 1358 3429 1412 Judaeis
3478 1364 3669 1413 autem

1962 1445 2072 1498 hoc
2117 1445 2394 1515 praecepit
2448 1452 2640 1499 sancta
2682 1445 2953 1514 synodus,
3012 1446 3230 1498 nemini
3285 1447 3552 1518 deinceps
3601 1451 3673 1503 ad

1962 1535 2321 1589 credendum
2365 1534 2482 1587 vim
2512 1535 2746 1587 inferre.
2783 1534 2885 1587 Cui
2916 1533 3071 1586 enim
3106 1534 3227 1587 vult
3258 1536 3406 1588 Deus
3434 1538 3670 1591 misere-

1964 1627 2077 1689 tur,
2121 1628 2179 1676 et
2236 1639 2411 1693 quem
2461 1624 2583 1676 vult
2630 1622 2882 1675 indurat.
2935 1622 3057 1674 Non
3111 1623 3264 1675 enim
3314 1625 3456 1676 tales
3505 1624 3673 1677 inviti

1962 1710 2221 1764 salvandi
2265 1716 2419 1776 sunt,
2454 1712 2552 1764 sed
2601 1711 2876 1775 volentes,
2911 1714 2974 1762 ut
3004 1710 3231 1780 integra
3274 1710 3346 1763 sit
3374 1711 3558 1765 forma
3583 1714 3674 1781 ju-

1962 1799 2150 1852 stitiaa.
2189 1799 2348 1852 Sicut
2381 1800 2553 1852 homo
2581 1799 2816 1868 propria
2846 1798 3070 1851 arbitrii
3094 1799 3387 1853 voluntate
3418 1799 3673 1869 serpenti

1963 1889 2244 1943 obediens
2302 1889 2496 1959 periit,
2527 1888 2605 1941 sic
2654 1892 2890 1940 vocante
2940 1904 2998 1941 se
3043 1889 3227 1955 gratia
3276 1889 3375 1943 Dei
3423 1888 3671 1959 propriae

1962 1977 2177 2030 mentis
2203 1978 2581 2031 conversione
2609 1977 2783 2029 homo
2812 1977 3054 2046 quisque
3082 1977 3370 2031 credendo
3400 1978 3668 2030 solvatur.

1963 2067 2111 2136 Ergo
2144 2082 2261 2119 non
2294 2065 2370 2131 vi,
2405 2065 2504 2119 sed
2542 2064 2723 2118 libera
2754 2065 2975 2117 arbitrii
3021 2065 3312 2133 facultate,
3353 2072 3416 2119 ut
3444 2081 3673 2119 conVer-

1962 2159 2161 2207 tantur
2215 2153 2471 2207 salvandi
2525 2157 2677 2218 sunt,
2728 2169 2843 2206 non
2894 2153 3088 2222 potius
3148 2154 3504 2223 impellendi.
3566 2153 3673 2216 Qui

1964 2248 2156 2297 autem
2202 2242 2562 2312 jampridem
2614 2243 2683 2296 ad
2741 2241 3225 2296 Christianitatem
3280 2242 3459 2294 coacti
3517 2246 3670 2305 sunt,

1965 2331 2111 2384 sicut
2159 2331 2378 2383 factum
2432 2336 2518 2383 est
2544 2331 2901 2401 temporibus
2935 2329 3349 2399 religiosissimi
3396 2328 3673 2399 principis

1965 2419 2290 2485 Sisenandi,
2328 2418 2463 2487 quia
2499 2419 2622 2488 jam
2663 2423 2886 2472 constat
2918 2435 3013 2471 eos
3046 2419 3417 2472 sacramentis
3463 2417 3673 2472 divinis

1968 2507 2295 2573 associatos,
2348 2512 2404 2560 et
2434 2507 2703 2577 baptismi
2749 2506 2991 2576 gratiam
3027 2507 3362 2576 suscepisse,
3409 2511 3465 2560 et
3492 2506 3671 2559 chris-

1908 2644 1911 2647 .
1968 2601 2119 2649 mate
2166 2602 2371 2650 unctos
2426 2606 2569 2663 csse,
2615 2602 2672 2650 et
2716 2597 2967 2665 corporis
3009 2596 3239 2649 Domini
3278 2600 3333 2649 et
3377 2595 3674 2665 sanguinis

1968 2683 2250 2737 exstitisse
2304 2683 2631 2754 participes,
2675 2687 2904 2752 oportet
2954 2689 3017 2737 ut
3045 2684 3217 2737 ﬁdem
3273 2684 3447 2736 etiam
3496 2699 3673 2753 quam

1967 2772 2019 2825 vi
2061 2772 2148 2825 vel
2197 2773 2537 2826 necessitate
2588 2777 2976 2842 susceperant,
3010 2779 3205 2825 tenere
3252 2777 3551 2842 cogantur,
3598 2788 3672 2825 ne

1892 2863 1932 2917 C
1969 2875 2187 2913 nomen
2235 2859 2467 2913 Domini
2498 2859 2944 2928 blasphematur,
2978 2859 3237 2929 ﬁdesque
3278 2875 3451 2930 quam
3483 2875 3673 2913 susce-

1966 2954 2179 3019 perunt
2209 2948 2336 3001 vilis
2368 2965 2432 3002 ac
2460 2948 2912 3019 contemptibilis
2943 2949 3242 3002 habeatur.

1968 3056 2095 3111 CAP.
2140 3055 2409 3109 LXXXIII.
2452 3084 2524 3095 --
2556 3057 2623 3109 Ut
2667 3055 2991 3108 Juda’orum
3034 3055 3140 3122 ﬁlii
3189 3054 3457 3123 baptizati
3487 3055 3554 3109 ab
3581 3070 3668 3109 eo-

2336 3143 2460 3181 rum
2485 3128 2748 3180 consortio
2774 3128 3027 3195 separari
3058 3126 3302 3179 debeant.

2038 3213 2147 3284 (E'c
2176 3215 2292 3270 eod.
2338 3233 2391 3282 v,
2424 3231 2544 3285 cap.
2584 3216 2697 3285 60.)
2729 3213 3063 3269 Iudaeorum
3114 3214 3262 3268 ﬁlios
3292 3215 3376 3267 vel
3407 3214 3550 3267 tilias
3577 3214 3672 3266 ba-

1964 3303 2231 3373 ptizatos,
2282 3321 2354 3359 ne
2385 3310 2693 3375 parentum
2746 3305 2898 3358 ultra
2943 3303 3313 3357 involvantur
3360 3304 3671 3370 erroribus,

1966 3391 2035 3444 ab
2068 3408 2272 3445 eorum
2318 3392 2605 3446 consortio
2640 3392 2897 3461 separari
2940 3391 3323 3455 decernimus,
3368 3391 3671 3461 deputatos

1966 3484 2064 3532 aut
2094 3480 2475 3547 monasteriis,
2528 3485 2630 3532 aut
2685 3480 3023 3534 Christianis
3069 3480 3225 3545 viris,
3261 3484 3359 3532 aut
3408 3478 3671 3533 mulieri-

1964 3568 2071 3622 bus
2103 3568 2285 3621 Deum
2329 3568 2685 3635 timentibus,
2728 3572 2794 3621 ut
2836 3568 2941 3622 sub
2990 3584 3191 3622 eorum
3240 3568 3669 3621 conversatione

1967 3658 2181 3711 cultum
2211 3657 2348 3711 ﬁdei
2380 3657 2621 3721 discant,
2654 3662 2828 3726 atque
2860 3656 2919 3709 in
2955 3657 3159 3709 melius
3196 3656 3518 3723 constituti,
3551 3660 3667 3709 tam

1967 3746 2027 3799 in
2060 3744 2320 3799 moribus
2351 3761 2524 3815 quam
2549 3746 2607 3797 in
2640 3744 2749 3798 ﬁde
2778 3745 3099 3813 proﬁciant.

1971 3853 2095 3907 CAP.
2151 3852 2417 3914 LXXXIV.
2453 3879 2520 3889 --
2567 3851 2631 3904 Ut
2678 3851 2832 3902 nulla
2869 3850 3167 3903 communio
3196 3848 3273 3902 sit
3317 3848 3554 3901 Hebraais
3593 3846 3668 3899 ad

2036 3923 2201 3988 ﬁdem
2252 3924 2619 3979 Christianam
2667 3922 2950 3974 translatis
3000 3935 3118 3974 cum
3150 3920 3276 3972 aliis
3308 3919 3546 3973 nondum
3578 3918 3667 3971 ba-

2034 3996 2287 4063 ptizatis.

2041 4099 2158 4165 (Ea:
2186 4099 2301 4155 eod.
2330 4115 2383 4164 v,
2409 4114 2530 4168 cap:
2556 4096 2669 4167 62.)
2696 4096 2857 4167 Smpe
2879 4096 3161 4149 malorum
3182 4094 3472 4149 consortia
3493 4094 3666 4149 etiam

1968 4189 2146 4243 bonos
2188 4192 2586 4257 corrumpunt,
2644 4193 2857 4258 quanto
2915 4185 3100 4255 magis
3139 4201 3237 4237 eos
3283 4184 3384 4255 qui
3414 4184 3483 4237 ad
3528 4184 3665 4236 vitia

1958 4277 2137 4349 ‘proni
2166 4279 2345 4331 sunt?
2378 4277 2541 4330 Nulla
2566 4276 2745 4345 igitur
2774 4276 2924 4329 ultra
2948 4273 3278 4328 communio
3310 4274 3384 4326 sit
3414 4272 3665 4328 Hebraeis

1967 4366 2039 4419 ad
2068 4365 2243 4419 ﬁdem
2292 4364 2674 4418 Christianam
2720 4363 3013 4418 translatis
3054 4378 3183 4415 cum
3229 4362 3317 4415 his
3348 4362 3446 4432 qui
3481 4361 3665 4415 adhuc

1966 4454 2028 4508 in
2057 4453 2235 4507 veteri
2284 4454 2400 4507 ritu
2448 4452 2786 4518 consistunt,
2821 4468 2893 4505 ne
2937 4452 3083 4505 forte
3114 4467 3313 4505 eorum
3360 4451 3668 4521 participa-

1965 4542 2122 4597 tione
2162 4542 2586 4595 subvertantur.
2632 4540 2967 4611 Quicunque
3012 4540 3188 4609 igitur
3219 4540 3427 4593 amodo
3478 4556 3543 4593 ex
3576 4539 3666 4593 liis

1967 4631 2066 4702 qui
2097 4630 2370 4701 baptizati
2419 4635 2553 4683 sunt
2595 4628 2916 4683 inﬁdelium
2946 4629 3237 4683 consortia
3286 4645 3403 4682 non
3450 4628 3663 4683 vitave-

1966 4720 2102 4787 rint,
2135 4725 2193 4773 et
2224 4719 2283 4772 hi
2310 4718 2644 4772 Christianis
2673 4718 2983 4783 donentur,
3020 4722 3078 4771 et
3105 4718 3186 4770 illi
3216 4717 3461 4787 publicis
3490 4717 3662 4771 cadi-

1962 4808 2071 4863 bus
2100 4807 2471 4877 deputentur.

2090 4896 2217 4951 CAP.
2248 4895 2478 4949 LXXXV.
2516 4922 2586 4933 —
2612 4896 2683 4947 De
2709 4893 2928 4947 Judavis
2958 4896 3055 4962 qui
3084 4896 3536 4963 apostataverint.

2036 4988 2146 5053 (Ea:
2179 4983 2359 5039 eodem
2425 4982 2645 5037 concilio
2698 4998 2747 5049 v,
2798 4997 2919 5051 cap.
2976 4982 3088 5051 59.)
3139 4981 3405 5051 Plerique
3452 4981 3553 5050 qui
3600 4998 3666 5036 ex

1963 5074 2172 5128 Judmis
2217 5072 2436 5126 dudum
2486 5071 2554 5125 ad
2591 5070 2969 5125 Christianam
3020 5070 3192 5124 ﬁdem
3236 5070 3481 5139 premoti
3511 5074 3659 5134 sunt,

1965 5179 2117 5216 nunc
2148 5161 2614 5231 blasphemantes
2663 5160 2970 5223 Christum,
3017 5173 3135 5211 non
3166 5157 3349 5210 solum
3396 5156 3664 5210 Iudaicos

1962 5251 2107 5305 ritus
2154 5255 2515 5321 perpetrasse
2568 5253 2905 5313 noscuntur,
2969 5246 3065 5299 sed
3112 5245 3279 5299 etiam
3332 5249 3389 5299 et
3435 5245 3664 5300 abomi-

1962 5339 2184 5394 nandas
2206 5337 2665 5391 circumcisiones
2688 5350 2946 5390 exercere
2970 5338 3304 5389 noscuntur.
3332 5335 3409 5388 De
3430 5333 3663 5404 quibus,

1963 5428 2228 5484 consultu
2261 5426 2506 5498 piissimi
2538 5442 2600 5480 ac
2647 5423 3067 5495 religiosissimi
3097 5423 3320 5480 domini
3365 5423 3545 5478 nostri
3574 5423 3665 5477 Si-
