4028 6190
407 215 514 280 ’743

1479 206 1884 264 BURCHARDI
1921 207 2458 265 WORMACIENSIS
2498 207 2832 264 EPISCOPI.

3769 219 3863 270 744

409 331 651 386 senandi
697 329 873 399 regis,
921 328 1030 382 hoc
1077 331 1338 382 sanctum
1387 325 1636 381 decrevit
1666 324 1999 388 concilium,
2045 329 2110 378 ut
2139 329 2185 382 Α
2222 327 2461 380 ternitas
2494 326 2822 396 expulisset,
2861 329 2918 380 et
2941 327 3000 380 in
3022 327 3197 380 alium
3225 327 3408 381 locum
3432 344 3533 398 pro
3560 332 3792 386 colendis
3814 336 3871 388 si-

409 420 744 490 hujusmodi
786 423 1239 486 transgressores
1269 414 1582 486 pontiﬁcali
1611 414 1951 467 auctoritate
1979 429 2103 466 cor-

411 509 548 562 recti
588 508 658 562 ad
707 508 924 559 cultum
970 503 1274 559 Christiani
1323 501 1608 571 dogmatis
1658 506 2012 568 revocentur,
2047 505 2112 554 ut

410 614 554 668 quos
596 597 858 650 voluntas
906 593 1142 664 prOpria
1191 607 1306 644 non
1357 590 1645 657 emendat,
1695 590 2111 644 animadversio

412 683 779 740 sacerdotalis
826 685 1100 735 coerceat.
1158 680 1262 731 Eos
1309 683 1500 731 autem
1552 693 1698 748 quos
1743 679 2110 731 circumcide-

412 779 568 841 runt,
597 773 642 826 si
674 773 780 826 ﬁlii
811 787 1008 824 eorum
1041 775 1194 833 sunt,
1223 785 1250 821 a
1282 771 1592 837 parentum
1631 767 1914 820 consortio
1945 782 2107 837 sepa-

410 867 630 924 rentur,
685 860 732 912 si
783 858 930 912 servi
987 873 1090 928 pro
1139 854 1353 924 injuria
1405 855 1662 926 corporis
1715 853 1804 908 sui
1855 854 2110 908 libertati

411 950 739 1004 tradantur.

659 1036 786 1090 CAP.
821 1033 1079 1089 LXXXVI.
1108 1062 1176 1071 —
1211 1033 1288 1085 De
1317 1034 1488 1086 cervis
1514 1031 1856 1086 Judzorum.

479 1127 597 1196 (Ea:
625 1123 804 1178 eodem
834 1138 950 1188 xm,
984 1137 1104 1189 cap.
1152 1120 1223 1187 9.)
1260 1122 1402 1174 Item
1438 1126 1500 1173 ut
1528 1121 1575 1172 si
1602 1121 1930 1174 Judaeorum
1961 1118 2108 1172 servi

408 1214 650 1268 necdum
695 1210 952 1264 conversi
999 1209 1071 1263 ad
1117 1208 1325 1262 Christi
1359 1208 1603 1278 gratiam
1653 1207 2102 1274 convolaverint,

407 1301 656 1356 libertati
688 1301 996 1352 donentur.

407 1391 534 1445 Car.
597 1388 892 1443 LXXXVII.
950 1416 1015 1425 —
1069 1389 1140 1438 De
1188 1388 1476 1452 mancipiis
1517 1385 1826 1438 Judzorum
1877 1399 1996 1453 quae
2033 1383 2108 1437 ad

907 1459 1235 1525 baptismum
1261 1457 1604 1522 confugiunt.

478 1550 596 1618 (Ea:
629 1548 814 1601 concil.
848 1546 999 1614 apud
1047 1548 1369 1609 Arverncn.,
1409 1559 1528 1612 cap.
1569 1544 1682 1611 30.)
1720 1543 1870 1596 Licet
1901 1542 2104 1612 priori-

407 1637 515 1690 bus
545 1635 861 1689 canonibus
901 1635 1024 1702 jam
1070 1633 1244 1686 fuerit
1273 1633 1575 1685 deﬁnitum
1608 1638 1671 1684 ut
1701 1632 1767 1684 de
1803 1631 2106 1701 mancipiis

407 1725 648 1795 paganis
683 1738 808 1794 qum
840 1722 990 1792 apud
1020 1721 1249 1774 Iudaeos
1279 1725 1413 1772 sunt
1446 1719 1492 1772 si
1523 1719 1588 1772 ad
1638 1720 1932 1772 ecclesiam
1963 1734 2104 1772 con-

406 1813 681 1882 fugerint,
714 1817 769 1864 et
797 1810 1148 1880 baptismum
1182 1807 1470 1877 petierint,
1505 1807 1678 1860 etiam
1710 1807 1778 1861 ad
1817 1823 2103 1877 quoscun-

407 1919 519 1972 que
560 1899 907 1956 Christianos
957 1897 1294 1966 refugerint,
1344 1901 1536 1948 taxato
1567 1902 1623 1948 et
1669 1895 1861 1948 oblato
1907 1912 1940 1948 a
1969 1895 2105 1948 ﬁde-

405 1991 555 2042 libus
577 1990 733 2058 justo
758 1985 965 2056 pretio,
989 1985 1058 2038 ab
1087 1999 1287 2037 eorum
1318 1983 1576 2036 dominio
1608 1983 1944 2048 liberentur,
1972 1983 2102 2036 ideo

407 2077 708 2130 statuimus
755 2076 883 2139 hoc,
915 2079 979 2127 ut
1022 2078 1138 2126 tam
1163 2073 1318 2142 justa
1348 2071 1675 2125 constitutio
1725 2071 1797 2125 ab
1837 2071 2104 2125 omnibus

405 2165 698 2219 catholicis
729 2163 1080 2216 observetur.

405 2253 534 2308 CAP.
598 2251 908 2306 LXXXVIII.
977 2279 1046 2288 —
1113 2251 1246 2303 Item
1285 2249 1350 2302 de
1408 2250 1699 2317 mancipiis
1766 2249 2102 2314 Judzeorum,

474 2329 570 2378 aut
634 2323 960 2378 Christianis
1018 2325 1113 2374 aut
1169 2320 1243 2372 ad
1295 2319 1467 2390 ﬁdem
1516 2321 1887 2374 Christianam
1923 2322 2105 2372 venire

475 2393 928 2448 desiderantibus.

477 2482 598 2550 (Ea:
642 2481 828 2534 concil.
861 2480 1167 2542 Matiscen.,
1217 2493 1335 2546 cap.
1375 2478 1484 2548 I6.)
1531 2477 1805 2531 Praesenti
1843 2477 2101 2545 concilio,

408 2569 521 2622 Deo
551 2574 802 2634 auctore,
831 2567 1115 2621 sancimus
1147 2571 1206 2620 ut
1236 2566 1462 2619 nullum
1508 2565 1897 2620 Christianum
1934 2583 2103 2620 man-

407 2658 620 2727 cipium
650 2659 846 2712 Judeeo
878 2657 1147 2721 deinceps
1193 2655 1420 2723 serviat,
1456 2655 1554 2709 sed
1584 2652 1730 2708 datis
1778 2671 1881 2724 pro
1913 2656 2102 2725 quoli-

404 2747 500 2801 bet
527 2748 680 2800 bono
731 2745 1015 2815 mancipio
1044 2744 1347 2799 duodecim
1392 2743 1610 2810 solidis,
1645 2743 1834 2813 ipsum
1885 2744 2104 2797 manci-

406 2834 565 2904 pium
588 2835 916 2904 quicunque
943 2833 1420 2899 Christianorum,
1447 2849 1543 2885 seu
1566 2832 1636 2886 ad
1657 2832 2100 2901 ingenuitatem,

409 2938 508 2977 seu
542 2924 613 2977 ad
663 2921 957 2976 servitium
1006 2921 1293 2975 licentiam
1328 2919 1535 2973 habeat
1582 2920 1926 2986 redimendi,
1969 2925 2026 2974 et
2056 2920 2102 2973 si

409 3012 800 3066 Christianum
847 3009 971 3063 ﬁeri
1022 3009 1307 3063 desiderat
1336 3013 1393 3060 et
1437 3024 1554 3062 non
1603 3009 1977 3076 permittitur,
2021 3008 2104 3061 si-

407 3101 621 3155 militer
666 3098 836 3152 faciat
867 3113 879 3150 :
911 3097 1047 3168 quia
1081 3097 1238 3150 nefas
1279 3102 1360 3150 est
1389 3104 1452 3149 ut
1481 3097 1637 3167 quod
1684 3097 1940 3152 Christus
1987 3097 2103 3151 Do-

406 3189 599 3240 minus
629 3185 925 3254 sanguinis
957 3185 1043 3235 sui
1091 3183 1366 3236 effusione
1396 3184 1660 3248 redemit,
1702 3185 2098 3254 blasphemum

406 3275 740 3328 Christianas
805 3271 1100 3341 religionis
1157 3272 1216 3324 in
1269 3271 1508 3324 vinculis
1571 3278 1786 3325 tenere.
1834 3271 1995 3334 Quod
2055 3271 2104 3324 si

406 3364 763 3434 acquiescere
811 3361 901 3414 his
953 3376 1082 3430 qua:
1134 3360 1440 3414 statuimus
1489 3359 1821 3430 quicunque
1871 3359 2102 3414 Judaaus

405 3452 678 3518 noluerit,
725 3449 984 3521 quandiu
1034 3447 1101 3502 ad
1150 3449 1455 3518 pecuniam
1506 3448 1872 3502 constitutam
1907 3450 2101 3504 venire

403 3540 707 3606 distulerit,
759 3539 926 3592 liceat
973 3537 1324 3607 mancipium
1365 3536 1554 3606 ipsum
1586 3553 1718 3591 cum
1765 3537 2101 3591 Christianis

402 3629 733 3698 ubicunque
766 3625 1010 3680 voluerit
1038 3625 1315 3680 habitare.

405 3717 526 3772 CAP.
575 3717 828 3771 LXXXIX.
861 3746 930 3755 —
977 3717 1052 3768 De
1083 3715 1193 3767 illis
1238 3715 1335 3782 qui
1367 3712 1432 3766 de
1463 3714 1656 3768 ἡπθεί
1699 3712 1774 3768 ad
1819 3713 1980 3782 ﬁdem
2016 3730 2097 3768 vc-

1002 3788 1122 3838 nire
1161 3785 1495 3840 desiderant.

470 3879 582 3936 (Ea:
628 3877 813 3932 concil.
846 3875 1182 3940 Arelatens,
1218 3889 1335 3942 cap.
1361 3873 1437 3942 9.)
1484 3873 1542 3926 Si
1571 3873 1641 3927 ad
1673 3871 1970 3927 ecclesiam
2001 3873 2100 3927 ali-

402 3967 531 4038 quis
563 3968 632 4021 de
662 3966 870 4020 haeresi
915 3965 1150 4029 venerit,
1189 3963 1544 4032 interrogent
1585 3979 1719 4016 eum
1754 3963 1822 4017 de
1868 3963 2092 4033 Symbo~

402 4057 478 4124 lo,
513 4061 571 4110 et
619 4055 665 4109 si
697 4053 949 4108 viderint
994 4067 1124 4105 eum
1159 4051 1218 4103 in
1266 4053 1450 4117 Patre,
1484 4056 1542 4105 et
1589 4051 1750 4117 Filio,
1783 4057 1841 4104 et
1884 4051 2098 4121 Spiritu

2136 1606 2176 1659 Β

2136 2887 2175 2943 C

401 4149 597 4198 sancto
642 4159 763 4196 esse
809 4140 1182 4210 baptizatum,
1232 4154 1435 4191 manus
1479 4138 1530 4191 ei
1576 4143 1799 4194 tantum
1830 4139 2094 4210 impona-
2125 4161 2169 4214 ι)

399 4238 515 4298 tur,
550 4238 610 4285 ut
640 4230 881 4299 accipiat
908 4229 1189 4298 Spiritum
1219 4231 1500 4280 sanctum.

403 4340 527 4392 CAP.
578 4337 681 4391 XC.
728 4365 798 4374 ——-
847 4336 928 4388 De
963 4333 1188 4395 Judavis,
1241 4335 1307 4404 si
1335 4334 1706 4388 Christianum
1755 4337 2099 4404 mancipium

1021 4403 1474 4469 circumcidennt,

472 4495 583 4562 (Ex
611 4493 797 4547 concil.
849 4491 1001 4561 apud
1036 4490 1327 4558 Theogenis
1377 4492 1567 4544 villam
1607 4491 1813 4555 habito,
1862 4508 1982 4560 cap.
2015 4491 2098 4562 4.)

400 4583 458 4637 Si
484 4581 612 4653 quis
661 4580 988 4634 Judazorum
1021 4577 1405 4634 Christianum
1450 4579 1824 4649 mancipium,
1875 4580 1964 4633 vel
1993 4596 2096 4634 cu-

395 4670 632 4742 juslibet
689 4675 853 4722 sectas
892 4667 1148 4732 alterius,
1191 4667 1395 4721 emerit
1450 4672 1504 4720 et
1569 4666 2007 4736 circumciderit,
2063 4685 2098 4722 a

396 4761 580 4816 Judaei
639 4757 818 4830 ipsius
877 4760 1158 4829 potestate
1210 4755 1469 4810 sublatus
1527 4754 1589 4809 in
1639 4755 1903 4810 libertate
1959 4772 2098 4825 per-

397 4853 644 4904 maneat.

398 4939 524 4993 CAP.
577 4938 704 4992 XCI.
737 4965 805 4976 —
835 4935 978 5002 Quid
1025 4939 1242 4989 sanctus
1279 4935 1571 5059 gregarius
1619 4933 1686 4988 de
1719 4934 1925 4989 Judais
1951 4949 2094 5003 pre-

1134 5022 1308 5059 cenem
1342 5047 1353 5057 .

1134 5022 1353 5059 ορυθνιι.

1134 5023 1189 5058 ce
1229 5023 1353 5059 erit.

466 5096 577 5167 (Ea:
624 5112 738 5164 reg.
803 5095 963 5162 Greg.
1023 5093 1098 5147 ad
1154 5023 1416 5147 lgannem
1479 5094 1915 5146 Terracinensem
1973 5094 2096 5160 epi—

395 5183 660 5252 scopum.)
727 5183 938 5252 Joseph
1002 5181 1376 5252 praesentium
1437 5180 1585 5234 lator
1650 5181 1884 5236 Iudaeus
1948 5179 2095 5233 insi—

396 5272 597 5327 nuavit
626 5270 788 5324 nobis
817 5270 886 5324 de
927 5271 1054 5324 loco
1081 5271 1354 5342 quodam,
1385 5270 1445 5322 in
1476 5285 1590 5340 quo
1624 5268 1696 5322 ad
1727 5269 2096 5324 celebrandas

395 5359 728 5414 festivitates
775 5375 906 5413 suas
944 5359 1130 5414 Judaei
1176 5360 1238 5413 in
1286 5357 1684 5414 Terracinensi
1730 5365 1915 5412 castro
1954 5372 2095 5411 con-

397 5450 659 5504 sistentes
695 5449 998 5505 convenire
1049 5451 1482 5514 consueverant,
1533 5448 1686 5518 quod
1717 5451 1815 5502 tua
1843 5461 1942 5501 eos
1979 5446 2095 5502 fra-

2223 415 2438 468 militer
2493 415 2892 468 festivitatibus
2949 415 3087 484 suis,
3139 420 3192 468 te
3249 432 3472 486 quoque
3522 426 3788 487 noscente,
3827 429 3874 476 et

2222 502 2618 556 consentiente
2669 503 3062 571 migraverint,
3111 508 3170 556 et
3216 519 3364 558 nunc
3419 505 3488 558 de
3533 507 3723 561 eodem
3771 510 3874 564 loco

2222 591 2395 644 etiam
2453 591 2662 660 expelli
2711 606 2768 644 se
2823 591 3012 644 denuo
3067 599 3517 661 conquerantur.
3563 594 3712 658 Quod
3742 597 3781 649 si
3813 600 3876 652 ita

2222 683 2323 743 est,
2372 679 2639 732 volumus
2676 684 2774 732 tua
2813 679 3142 733 fraternitas
3190 683 3260 732 ab
3297 680 3623 750 hujusmodi
3661 700 3715 735 se
3753 701 3870 755 que-

2220 768 2340 820 rela
2395 768 2728 837 suspendat,
2777 773 2833 820 et
2879 767 3005 821 loco
3057 783 3264 837 quem,
3313 769 3457 821 sicut
3503 771 3874 840 praediximus,

2219 870 2348 908 cum
2377 860 2476 907 tua
2524 854 2872 908 conscientia
2902 871 3017 925 quo
3063 862 3506 926 congregentur,
3539 858 3722 928 adepti
3747 867 3874 926 sunt,

2219 959 2337 1006 eos,
2379 943 2525 996 sicut
2577 959 2700 996 mos
2742 944 2869 1007 fuit,
2931 944 3144 997 ibidem
3198 945 3364 997 liceat
3410 948 3736 999 convenire.
3787 951 3875 1002 llos

2219 1032 2396 1097 enim,
2447 1032 2612 1102 quia
2660 1031 2980 1086 Christiana
3026 1033 3305 1102 religione
3355 1033 3695 1100 discordant,
3740 1052 3874 1090 man-

2217 1119 2563 1186 suetudine,
2621 1119 2975 1189 benignitate
3031 1120 3431 1189 admonendo,
3489 1122 3780 1190 suadendo,
3816 1125 3874 1178 ad

2217 1207 2496 1262 unitatem
2530 1207 2663 1261 ﬁdei
2695 1223 2924 1262 necesse
2970 1213 3050 1261 est
3080 1223 3455 1279 congregare,
3503 1225 3574 1262 ne
3605 1226 3739 1280 quos
3766 1212 3874 1264 dul-

2217 1295 2354 1348 cedo
2384 1295 2827 1365 praedicationis,
2854 1300 2911 1349 et
2941 1301 3266 1366 praeventus
3295 1297 3475 1350 futuri
3499 1298 3704 1367 judicis
3725 1304 3874 1353 terror

2217 1385 2287 1437 ad
2322 1384 2676 1438 credendum
2729 1384 2971 1438 invitare
3014 1389 3260 1456 poterat,
3310 1387 3483 1439 minis
3515 1393 3571 1440 et
3601 1389 3873 1441 terroribus

2216 1474 2588 1542 repellantur.
2639 1473 2870 1542 Oportet
2925 1489 3060 1543 ergo
3109 1479 3175 1527 ut
3217 1474 3287 1528 ad
3343 1475 3693 1528 audiendum
3741 1477 3800 1530 de
3830 1481 3872 1529 te

2215 1561 2453 1614 verbum
2500 1561 2601 1615 Dei
2653 1561 2900 1630 benigne
2947 1563 3308 1626 conveniant,
3361 1579 3539 1632 quam
3582 1565 3871 1618 austeritate

2215 1666 2342 1720 quae
2372 1666 2546 1719 supra
2575 1649 2813 1702 modum
2845 1650 3190 1716 extenditur,
3225 1657 3626 1721 expavescant.

2215 1756 2342 1809 CAP.
2393 1755 2548 1809 XCII.
2599 1785 2666 1792 —
2719 1755 2798 1807 De
2828 1756 2941 1809 illis
3001 1755 3316 1823 baptizatis,
3372 1759 3475 1824 qui
3525 1772 3625 1826 pro
3671 1760 3870 1826 periculo

2484 1828 2673 1878 mortis
2704 1841 2737 1878 a
2765 1825 3084 1880 diaconibus
3113 1827 3380 1896 baptizati
3407 1825 3638 1893 fuerint.

2287 1931 2407 2001 (Ea:
2455 1933 2644 1985 concil.
2704 1933 2986 1999 Turonico,
3039 1948 3157 2002 cap.
3204 1932 3283 2003 3.)
3341 1933 3403 1987 Si
3457 1934 3587 2004 quis
3644 1934 3868 1987 diaconus

2212 2035 2420 2090 regens
2450 2019 2697 2090 plebem,
2733 2019 2854 2073 sine
2886 2019 3151 2091 episcopo
3179 2021 3265 2074 vel
3298 2022 3655 2092 presbytero,
3689 2023 3866 2092 aliquos

2211 2123 2316 2177 pro
2348 2107 2602 2176 periculo
2646 2108 2847 2160 mortis
2891 2108 3286 2178 baptizaverit,
3339 2110 3643 2180 episcopus
3672 2127 3757 2163 eos
3788 2125 3863 2179 per

2211 2194 2672 2249 benedictionem
2717 2200 2772 2249 et
2799 2197 3290 2250 conﬁrmationem
3344 2197 3623 2267 perﬁcere
3661 2198 3861 2251 debebit.

2213 2283 2370 2347 Quod
2424 2283 2470 2336 si
2514 2289 2644 2337 ante
2699 2285 2768 2338 de
2833 2286 3041 2339 saeculo
3089 2285 3408 2354 recesserit,
3473 2286 3581 2340 sub
3626 2285 3728 2340 ﬁde
3781 2301 3866 2355 qua

2213 2372 2461 2442 quisque
2487 2371 2687 2438 credit,
2722 2373 2932 2443 poterit
2962 2390 3081 2428 esse
3104 2375 3311 2444 justus.

2215 2478 2341 2532 CAP.
2374 2479 2555 2532 XCIII.
2604 2510 2674 2518 —
2705 2481 2787 2533 De
2816 2480 2928 2533 illis
2985 2482 3081 2548 qui
3116 2481 3461 2547 presbyteros
3511 2486 3698 2548 cogunt
3738 2480 3870 2533 dena-

2706 2553 2815 2604 rios
2849 2565 2952 2620 pro
2983 2553 3221 2604 balsamo
3251 2551 3406 2604 dare.

2285 2655 2407 2723 (Ea:
2457 2656 2646 2709 concil.
2713 2656 3023 2722 Cavallon.,
3083 2672 3205 2726 cap.
3266 2657 3342 2725 5.)
3407 2656 3650 2720 Quidam
3703 2655 3870 2709 fratres

2213 2743 2481 2796 dixerunt
2555 2744 2985 2797 consuetudinis
3058 2745 3313 2815 antiquas
3367 2745 3545 2799 fuisse
3599 2745 3656 2798 in
3703 2759 3871 2798 eorum

2215 2832 2494 2898 Ecclesiis,
2544 2837 2608 2886 ut
2661 2849 2763 2902 pro
2818 2833 3072 2887 balsamo
3115 2834 3360 2888 emendo
3411 2834 3485 2888 ad
3534 2834 3764 2887 chrisma
3799 2833 3870 2885 fa-

2213 2920 2504 2988 ciendum,
2539 2921 2655 2974 sive
2695 2938 2800 2991 pro
2834 2921 3216 2976 luminaribus
3249 2923 3515 2976 Ecclesiae
3562 2924 3870 2976 concinnan-

2212 3008 2319 3074 dis,
2381 3009 2546 3063 binos
2600 3010 2686 3062 vel
2745 3015 3056 3079 quaternos
3112 3010 3380 3064 denarios
3438 3009 3742 3081 presbyteri
3790 3009 3869 3062 da-

2213 3101 2356 3151 rent.
2396 3098 2552 3151 Unde
2601 3113 2800 3151 omnes
2831 3114 2945 3151 uno
2978 3115 3258 3152 consensu
3301 3101 3624 3162 statuimus,
3658 3103 3715 3151 ut
3751 3098 3871 3150 sicut

2209 3201 2315 3256 pro
2365 3185 2693 3240 dedicandis
2744 3185 3017 3251 basilicis,
3067 3192 3124 3240 et
3171 3187 3371 3241 dandis
3421 3187 3714 3242 ordinibus
3753 3183 3870 3238 nihil

2211 3275 2605 3345 accipiendum
2654 3280 2756 3340 est,
2806 3275 2885 3328 ita
2917 3276 3090 3329 etiam
3134 3292 3240 3346 pro
3277 3277 3537 3330 balsamo
3569 3277 3678 3329 sive
3723 3275 3868 3328 lumi-

2211 3364 2446 3417 naribus
2473 3363 2730 3417 emendis
2777 3363 2920 3416 nihil
2968 3365 3287 3435 presbyteri
3319 3366 3572 3418 chrisma
3619 3361 3868 3432 accepturi

2209 3454 2368 3507 dent.
2419 3451 2677 3523 Episcopi
2725 3452 2917 3522 itaque
2967 3453 3035 3506 de
3067 3453 3326 3507 Ecclesiae
3373 3453 3729 3507 facultatibus
3772 3451 3866 3504 bal.

2209 3556 2435 3595 samum
2492 3544 2706 3608 emant,
2767 3545 2825 3594 et
2884 3540 3192 3594 luminaria
3257 3541 3474 3612 singuli
3531 3543 3591 3596 in
3642 3537 3867 3594 Ecclesiis

2209 3645 2345 3682 SUlS.

2494 3735 2620 3789 CAP.
2663 3734 2837 3790 XCIV.
2875 3765 2940 3774 ——-
2975 3737 3048 3789 De
3075 3735 3385 3790 chrismatis
3411 3752 3618 3806 panno.

2280 3839 2388 3910 (Ea:
2435 3841 2620 3894 concil.
2672 3839 2825 3908 apud
2870 3840 3172 3906 Belvacum,
3236 3827 3356 3910 cap.
3407 3843 3490 3910 8.)
3547 3842 3604 3897 Si
3643 3840 3761 3912 quis
3803 3853 3868 3890 vo-

2208 3927 2382 3981 luerit
2435 3928 2761 3981 chrismatis
2813 3943 3072 3997 pannum
3128 3929 3343 3983 iterum
3405 3929 3578 3984 linire
3625 3935 3678 3983 et
3727 3941 3866 3998 super

2207 4015 2384 4070 alium
2412 4016 2762 4087 baptizatum
2795 4017 3040 4081 mittere,
3074 4033 3186 4071 non
3216 4022 3301 4072 est
3335 4018 3669 4074 absurdum.

2208 4122 2334 4178 CAP.
2368 4123 2515 4178 XCV.
2565 4152 2617 4162 -—
2663 4122 2816 4195 Quod
2847 4124 3209 4177 catechumeni
3247 4139 3366 4178 cum
3415 4125 3710 4195 baptizatis
3736 4136 3865 4176 man-

2756 4194 2955 4262 ducare
2976 4209 3079 4248 non
3105 4195 3350 4249 debeant.

2279 4301 2383 4369 (Ea:
2423 4301 2610 4354 concil.
2659 4302 2926 4369 Mogunt.,
2989 4317 3108 4370 cap.
3162 4301 3234 4369 5.)
3283 4301 3689 4356 Catechumeni
3731 4312 3864 4352 man-

2207 4387 2414 4442 ducare
2469 4403 2587 4441 non
2618 4388 2827 4442 debent
2873 4405 3001 4442 cum
3033 4389 3352 4458 baptizatis,
3397 4407 3586 4462 neque
3642 4388 3860 4443 osculum

2206 4476 2286 4530 eis
2317 4476 2476 4543 dare,
2509 4481 2724 4547 quanto
2755 4476 2945 4530 minus
2971 4478 3240 4547 gentilis?

2491 4600 2618 4654 CAP.
2652 4600 2824 4654 XCVI.
2858 4631 2923 4640 —
2953 4603 3026 4654 De
3053 4603 3316 4656 scrutinio
3339 4601 3612 4669 faciendo.

2277 4704 2385 4774 (Ea:
2436 4706 2624 4760 concil.
2679 4708 2934 4774 Romano,
2987 4723 3108 4776 cap.
3173 4706 3287 4776 15.)
3350 4709 3427 4762 De
3489 4704 3750 4762 scrutinio
3793 4702 3858 4755 fa-

2205 4793 2408 4847 ciendo
2447 4793 2822 4862 decrevimus,
2871 4800 2934 4849 ut
2964 4794 3022 4848 in
3057 4795 3382 4866 episcopiis,
3429 4801 3484 4849 et
3526 4795 3622 4849 ubi
3651 4805 3857 4847 conven-

2205 4885 2297 4935 tus
2326 4886 2410 4934 est
2455 4882 2678 4952 populi,
2713 4887 2769 4937 et
2809 4882 2969 4952 cleri,
3003 4887 3060 4938 et
3105 4883 3454 4953 possibilitas
3482 4881 3764 4954 permittit,
3795 4874 3858 4930 ibi

2205 4969 2539 5024 celebretur.

2399 5076 2526 5130 CAP.
2562 5075 2763 5130 XCVII.
2793 5105 2862 5116 —
2894 5077 2975 5130 De
3001 5077 3306 5131 ministerio
3340 5077 3695 5146 baptismatis.

2275 5182 2387 5249 (Ea:
2416 5183 2603 5236 concil.
2655 5185 2922 5249 Mogunt.,
2983 5198 3102 5252 cap.
3155 5183 3232 5251 9.)
3289 5182 3606 5252 Baptisterii
3656 5184 3706 5233 et
3733 5181 3854 5230 cate-

2207 5269 2623 5324 chumenorum
2674 5272 2944 5325 ventilata
2991 5276 3073 5325 est
3105 5270 3274 5338 ratio,
3315 5277 3379 5324 ut
3408 5269 3712 5324 sacerdotes
3757 5265 3854 5334 ple-

2205 5357 2335 5412 nius
2362 5357 2691 5430 intelligant
2713 5358 2962 5431 qualiter
2987 5357 3288 5428 condignis
3315 5358 3608 5413 ordinibus
3637 5352 3850 5410 efﬁciant

2205 5445 2613 5502 Christianum.
