3976 6194
44 282 160 335 745

45 407 186 458 CAP.

128 477 463 599 (gapttismum
499 491 740 539 umorem,
781 481 830 529 et
871 478 1041 530 aliam
1090 482 1216 545 post
1264 479 1599 546 baptismum
1662 480 1759 531 ha-

167 563 227 599 u:
262 586 275 599 .

167 563 275 601 υιι.

130 670 248 735 (Ea:
296 670 437 723 decr.
476 671 774 724 Innocentii
802 686 981 739 papa,
1037 686 1159 738 cap.
1218 670 1332 739 52.)
1388 670 1604 724 Deinde
1649 687 1760 741 po-

51 757 223 811 nitur
271 774 385 810 non
442 757 551 811 dici
611 762 835 828 oportet
880 759 1201 828 bigamum,
1263 775 1392 813 cum
1452 759 1551 829 qui
1605 764 1758 813 cate-

52 848 380 899 chumenus
412 846 698 915 habuerit,
728 853 900 917 atque
932 847 1191 900 amiserit
1229 863 1488 911 uxorem,
1544 847 1592 899 si
1629 851 1761 915 post

55 936 415 1004 baptismum
472 934 643 988 fuerit
694 936 866 989 aliam
913 936 1168 999 sortitus,
1219 951 1460 1005 eamque
1511 936 1759 1004 primam

56 1024 266 1091 videri,
307 1040 436 1094 qure
488 1040 630 1077 novo
687 1024 913 1077 homini
960 1024 1226 1094 copulata
1278 1024 1394 1077 sit:
1425 1024 1561 1093 quia
1617 1024 1760 1077 illud

54 1113 400 1183 conjugium
430 1129 535 1182 per
571 1112 842 1182 baptismi
888 1117 1308 1166 sacramentum
1364 1129 1492 1165 cum
1543 1112 1761 1166 caeteris

54 1202 404 1255 criminibus
435 1201 506 1254 sit
532 1201 817 1266 ablutum,
848 1201 999 1271 quod
1033 1216 1162 1254 cum
1196 1201 1266 1254 de
1297 1217 1411 1254 una
1442 1200 1641 1270 utique
1675 1200 1759 1254 di-

55 1290 231 1353 citur,
266 1288 427 1351 certi,
460 1289 507 1341 si
537 1293 651 1342 tres
690 1288 957 1342 habuerit
985 1287 1045 1341 in
1071 1289 1246 1342 veteri
1277 1288 1498 1358 positus
1527 1287 1759 1342 homine

59 1394 286 1441 uxores,
324 1378 433 1431 erit
462 1376 514 1430 ei
544 1392 674 1447 qua;
716 1381 847 1446 post
895 1376 1250 1446 baptismum
1284 1381 1487 1446 quarta
1535 1380 1639 1439 est,
1682 1377 1761 1429 sic

58 1465 577 1535 interpretantibus
604 1466 807 1535 prima.
854 1465 1103 1534 Virginis
1134 1481 1296 1535 neque
1354 1481 1567 1518 nomen
1614 1465 1760 1518 acci—

57 1555 202 1624 piet,
239 1571 367 1625 quae
394 1560 598 1625 quarto
628 1555 796 1608 ducta
826 1559 906 1608 est
939 1555 1081 1607 loco.
1115 1554 1272 1618 Quis,
1306 1570 1425 1615 oro,
1462 1553 1613 1607 istud
1645 1570 1761 1606 non

56 1644 257 1697 videat
311 1650 508 1696 contra
561 1643 815 1713 Apostoli
875 1659 999 1696 esse
1048 1648 1425 1711 praeceptum,
1476 1642 1573 1712 qui
1626 1642 1757 1695 ait:

63 1733 247 1786 Unius
285 1731 479 1785 uxoris
524 1732 712 1785 virum
765 1738 1031 1801 oportere
1070 1732 1193 1784 ﬁeri
1232 1730 1623 1784 sacerdotem?
1654 1730 1760 1784 Sed

60 1820 355 1889 objicitur,
422 1820 577 1890 quod
644 1821 703 1873 in
762 1821 1046 1890 baptismo
1106 1825 1310 1884 totum,
1361 1819 1633 1889 quicquid
1701 1819 1760 1871 in

62 1910 244 1961 veteri
284 1908 518 1961 homine
549 1914 775 1977 gestum
816 1913 919 1976 est,
954 1908 1027 1961 sit
1066 1907 1337 1960 solutum.
1392 1906 1569 1960 Dicite
1619 1906 1762 1959 mihi

62 2014 196 2051 cum
224 2013 364 2067 pace
395 2002 577 2050 vestra
618 1998 847 2067 loquor,
888 1996 1129 2050 crimina
1177 1999 1399 2049 tantum
1466 1994 1763 2048 dimittun-

64 2092 157 2139 tur
190 2086 253 2138 in
290 2085 619 2155 baptismo?
646 2089 735 2140 An
767 2090 823 2139 et
867 2085 964 2138 illa
994 2101 1120 2155 quin
1170 2083 1484 2137 secundum
1534 2083 1763 2136 Domini

64 2180 375 2245 praecepta,
446 2190 509 2227 ac
566 2174 666 2227 Dei
723 2174 982 2227 instituta
1053 2173 1457 2242 complentur?
1521 2172 1761 2224 Uxorem

65 2263 276 2316 ducere
308 2262 524 2315 crimen
554 2266 658 2327 est,
713 2267 811 2315 aut
858 2277 974 2315 non
1030 2265 1115 2314 est
1152 2260 1407 2313 crimen?
1437 2259 1495 2313 Si
1547 2259 1763 2313 crimen

64 2356 166 2416 est,
230 2366 367 2421 ergo
424 2349 661 2420 praefata
718 2350 883 2403 venia
947 2349 1212 2409 dixerim,
1288 2348 1397 2400 erit
1451 2351 1647 2400 auctor
1704 2347 1764 2400 in

63 2440 253 2509 culpa,
287 2439 386 2510 qui
442 2444 508 2493 ut
564 2438 804 2492 crimina
857 2437 1374 2502 committerentur,
1410 2435 1467 2488 in
1500 2434 1764 2506 paradiso

63 2548 196 2585 cum
239 2532 358 2601 ipse
388 2546 487 2583 eos
530 2532 817 2600 jungeret,
873 2528 1179 2583 benedixit.
1223 2527 1279 2581 Si
1330 2543 1464 2580 vero
1520 2542 1635 2579 non
1681 2530 1765 2578 est

66 2620 283 2671 crimen
316 2618 453 2689 quia
483 2618 635 2688 quod
668 2619 817 2671 Deus
855 2617 1062 2688 iunxit,
1094 2616 1253 2669 nefas
1284 2616 1356 2669 sit
1396 2615 1615 2668 crimen
1662 2631 1762 2683 ap-

68 2708 289 2776 pellari,
320 2713 375 2761 et
403 2707 673 2761 Salomon
705 2706 927 2761 addidit
959 2722 971 2759 :
1007 2711 1062 2759 et
1091 2704 1245 2758 enim
1272 2722 1304 2758 a
1328 2705 1441 2757 Deo
1469 2718 1760 2774 praepara-

73 2802 165 2848 tur
194 2796 315 2848 viro
341 2811 507 2863 uxor,
542 2795 829 2865 quomodo
882 2794 1134 2847 creditur
1162 2794 1314 2846 inter
1351 2791 1592 2845 crimina
1640 2804 1763 2843 esse

73 2884 394 2949 dimissum,
470 2883 622 2954 quod
679 2885 795 2937 Deo
849 2887 1080 2936 auctore
1129 2880 1341 2951 legitur
1393 2893 1757 2933 consumma-

1022 282 1498 339 DECRETORUM
1543 283 1730 338 LIBRI
1768 284 1876 339 XX.
1920 312 1986 322 -—
2025 283 2233 338 LIBER
2272 284 2608 348 QUARTUS.

271 404 496 459 XCVIII.
553 434 621 443 —
689 403 842 469 Quod
895 404 1141 479 bigamus
1195 412 1430 465 vocetur.
1480 409 1578 474 qui
1630 409 1829 461 anteA
1868 411 1963 460 tur
2014 407 2267 461 auferri?
2324 408 2680 478 Aspiciamus
2737 410 3014 479 gentilem
3073 412 3375 468 hominem
3424 417 3566 470 Cor—

3462 295 3564 348 746

1873 495 2091 548 nelium
2121 496 2475 550 orationibus
2506 502 2675 567 atque
2716 498 3092 569 eleemosynis
3131 502 3563 570 revelationem,

1874 585 2223 654 Petrumque
2251 584 2441 653 ipsum
2491 586 2718 639 vidisse.
2765 586 3032 657 Nunquid
3067 606 3169 659 per
3214 591 3565 660 baptismum

1872 673 1994 727 haac
2024 673 2106 726 illi
2139 673 2325 726 ablata
2374 678 2509 727 sunt
2545 680 2781 744 propter
2831 692 2958 744 quae.
3012 677 3062 729 ei
3109 678 3395 748 baptisma
3447 697 3568 734 esse

1873 777 2201 815 concessum
2236 762 2496 815 videtur?
2522 762 2577 815 Si
2612 764 2688 816 ita
2719 764 2992 824 creditur,
3028 767 3167 819 mihi
3197 769 3427 834 credite,
3451 785 3570 822 non

1873 850 2163 903 modicum
2195 854 2418 903 erratur
2448 867 2460 903 :
2496 851 2631 920 quia
2681 852 2954 922 quicquid
2999 854 3143 907 bene
3195 861 3419 925 gestum
3454 857 3571 910 fue-

1871 938 1966 1003 rit,
2015 943 2068 991 et
2114 938 2423 992 secundum
2480 946 2765 1009 praecepta
2808 941 3016 1009 legalia
3061 944 3409 997 custoditum
3451 962 3567 999 non

1871 1030 2061 1095 potest
2120 1026 2460 1080 facientibus
2524 1027 2801 1097 deperire.
2868 1030 3206 1099 Nuptiarum
3282 1048 3419 1102 ergo
3472 1050 3567 1087 co-

1870 1117 2026 1186 pula,
2060 1116 2195 1186 quia
2237 1116 2337 1169 Dei
2376 1116 2647 1170 mandato
2695 1116 3013 1187 perﬁcitur,
3076 1135 3192 1172 non
3223 1125 3410 1189 potest
3456 1121 3568 1175 dici

1870 1208 2187 1273 peccatum,
2251 1209 2306 1257 et
2360 1205 2512 1274 quod
2567 1210 2862 1274 peccatum
2913 1223 3028 1259 non
3076 1212 3178 1273 est,
3235 1209 3373 1262 solvi
3420 1209 3569 1263 inter

1872 1298 2101 1363 peccata
2126 1293 2362 1347 omnino
2412 1292 2565 1347 credi
2604 1309 2721 1347 non
2762 1294 2957 1361 debet,
2998 1295 3221 1365 eritque
3276 1297 3566 1366 integrum

1873 1380 2179 1445 aestimare,
2213 1379 2428 1433 aboleri
2472 1396 2589 1432 non
2636 1396 2803 1450 posse
2843 1382 3055 1451 prioris
3109 1398 3321 1435 nomen
3377 1384 3571 1437 uxoris

1874 1484 2054 1537 quum
2097 1484 2214 1521 non
2260 1468 2557 1521 dimissum
2591 1467 2663 1521 sit
2711 1484 2813 1538 pro
2864 1474 3114 1538 peccato,
3166 1471 3319 1540 quod
3365 1488 3435 1525 ex
3471 1472 3567 1525 Dei

1874 1557 1942 1609 sit
1964 1558 2255 1610 voluntate
2278 1558 2650 1626 completum.

1875 1662 2005 1716 CAP.
2066 1662 2239 1717 XCIX.
2273 1692 2335 1702 —
2366 1666 2440 1717 De
2487 1664 2750 1731 episcopis
2805 1668 2854 1715 et
2900 1664 3251 1733 presbytais,
3297 1671 3347 1719 et
3378 1666 3569 1719 diaco-

2440 1736 2600 1786 nibus
2630 1736 2999 1803 rebaptizatis.

1945 1824 2053 1887 (Ea;
2100 1822 2243 1875 decr.
2296 1822 2494 1875 Felicis
2542 1838 2720 1890 papa,
2754 1838 2873 1890 cap.
2930 1824 2997 1887 l.)
3042 1822 3377 1876 Communis
3403 1823 3569 1876 dolor

1873 1914 1927 1963 et
1988 1909 2270 1978 generalis
2322 1915 2407 1962 est
2455 1911 2723 1979 gemitus,
2773 1911 2927 1979 quod
2979 1910 3134 1962 intra
3177 1911 3428 1965 Africam
3476 1928 3571 1965 re-

1872 1998 2186 2067 baptizatos
2259 1998 2429 2051 etiam
2518 1998 2833 2067 episcopos,
2913 1998 3295 2068 presbyteros,
3373 2000 3568 2053 diaco-

1870 2102 2091 2155 nosque
2141 2086 2530 2157 cognovimus.
2579 2086 2714 2148 Quae
2738 2102 2824 2138 res
2856 2085 2977 2139 sine
3024 2087 3199 2139 dubio
3250 2088 3321 2141 ad
3367 2094 3568 2142 vestra;

1872 2188 2101 2243 quoque
2166 2174 2425 2243 pervenit
2487 2174 2748 2226 notitiam
2806 2174 3145 2240 sanctitatis,
3202 2176 3453 2244 qualiter
3510 2176 3572 2229 in

1872 2261 2147 2314 Africanis
2196 2262 2527 2331 regionibus
2558 2262 2767 2314 astutia
2804 2261 3017 2315 diaboli
3068 2263 3313 2316 saevierit
3362 2264 3420 2316 in
3464 2280 3571 2333 po-

1870 2350 2075 2419 pulum
2105 2349 2510 2413 Christianum,
2531 2355 2703 2419 atque
2725 2350 2783 2402 in
2810 2350 2865 2402 id
2898 2350 3203 2419 multiplici
3235 2351 3571 2420 deceptione

1870 2437 2220 2507 proruperit,
2254 2442 2317 2489 ut
2349 2454 2463 2489 non
2490 2438 2655 2491 modo
2684 2438 2889 2508 vulgus
2918 2438 3236 2505 incautum,
3270 2440 3367 2493 sed
3412 2440 3568 2510 ipsos

1871 2541 2100 2595 quoque
2140 2525 2199 2577 in
2250 2525 2443 2578 mortis
2494 2526 2777 2595 profunda
2832 2527 3169 2580 demerserit
3226 2529 3566 2594 sacerdotes,

1872 2615 2063 2667 nullus
2121 2630 2239 2667 non
2291 2614 2444 2666 orbis
2515 2614 2824 2684 ingemuit,
2901 2616 3055 2668 nulla
3108 2620 3259 2669 terra
3316 2617 3567 2671 nescivit.

1874 2702 2031 2755 Unde
2062 2702 2120 2753 in
2150 2701 2356 2771 grandi
2388 2718 2630 2756 maerore
2659 2702 2849 2771 positi,
2884 2703 3245 2757 dissimulare
3276 2721 3391 2758 non
3438 2721 3571 2774 pos-

1871 2806 2068 2843 sumus
2098 2790 2463 2858 pereuntium
2498 2795 2669 2860 atque
2722 2808 2755 2843 a
2797 2791 2966 2845 nobis
2998 2792 3410 2862 exigendarum
3456 2795 3572 2846 dis-

1873 2880 2089 2932 crimen
2121 2879 2465 2932 animarum.
2502 2878 2861 2949 Quapropter
2887 2885 3219 2949 competens
3253 2881 3575 2935 adhibenda

76 2976 231 3027 tum?
265 2972 414 3036 Quid
463 2972 532 3026 de
592 2972 794 3025 talium
846 2972 980 3025 filiis
1026 2970 1439 3041 percensetur?
1491 2966 1762 3036 Nunquid
1798 2965 1836 3019 C
1875 2972 1959 3021 est
1982 2967 2191 3020 talibus
2222 2967 2446 3020 medela
2479 2967 2833 3035 vulneribus,
2863 2984 2934 3022 ne
2973 2968 3283 3022 immatura
3338 2970 3577 3023 curandi

74 3078 184 3114 non
225 3065 393 3114 erunt
423 3060 764 3114 admittendi
814 3059 871 3112 in
902 3057 1257 3113 haereditatis
1303 3055 1610 3119 consortio,
1662 3053 1763 3124 qui

74 3166 140 3203 ex
165 3166 232 3203 ea
260 3149 510 3218 suscepti
541 3154 690 3211 sunt,
725 3165 854 3219 qua:
893 3152 1026 3201 ante
1057 3146 1406 3216 baptismum
1438 3144 1547 3198 fuit
1587 3144 1765 3197 uxor?

74 3240 364 3308 Erantque
390 3237 741 3307 appellandi,
776 3237 861 3289 vel
918 3236 1226 3299 naturales,
1263 3235 1348 3287 vel
1383 3232 1583 3303 spurii,
1630 3230 1766 3302 quia

74 3342 181 3379 non
214 3332 301 3379 est
330 3325 655 3395 legitimum
688 3324 1141 3387 matrimonium,
1175 3321 1285 3375 nisi
1314 3321 1474 3383 illud,
1510 3324 1573 3372 ut
1604 3318 1766 3371 vobis

74 3416 313 3481 videtur,
348 3413 503 3484 quod
550 3418 680 3483 post
717 3411 1065 3482 baptismum
1115 3409 1463 3463 assumitur?
1508 3409 1633 3476 Ipse
1661 3407 1765 3459 Do—

74 3504 263 3555 minus
287 3518 415 3555 cum
458 3502 910 3572 interrogaretur
947 3516 980 3553 a
1004 3498 1239 3565 Iudaeis,
1267 3497 1315 3549 si
1351 3496 1549 3549 liceret
1580 3493 1768 3548 dimit-

74 3596 191 3644 tere
224 3605 483 3654 uxorem,
520 3594 689 3658 atque
725 3591 1038 3658 exponeret
1067 3585 1194 3639 ﬁeri
1234 3600 1350 3637 non
1402 3582 1634 3644 debere,
1670 3581 1766 3634 ad-

74 3679 218 3733 didit
251 3695 263 3731 :
296 3678 456 3741 Quod
488 3694 621 3731 vero
649 3677 798 3730 Deus
825 3673 1139 3742 conjunxit,
1172 3672 1347 3725 homo
1380 3686 1498 3723 non
1521 3671 1764 3738 separet.

75 3772 149 3821 Ac
182 3783 255 3820 ne
285 3767 355 3820 de
386 3766 473 3819 his
506 3765 729 3819 locutus
760 3779 881 3817 esse
920 3762 1204 3826 credatur,
1233 3776 1361 3829 quae
1395 3762 1525 3828 post
1578 3755 1765 3825 bapti-

78 3871 264 3908 smum
290 3854 632 3922 sortiuntur,
672 3852 1043 3905 meminerint
1070 3851 1196 3913 hoc,
1232 3854 1289 3901 et
1319 3865 1349 3901 a
1379 3846 1591 3900 Iudaeis
1646 3859 1769 3897 esse

82 3944 518 4012 interrogatum,
551 3946 607 3995 et
636 3940 849 3995 Judazis
880 3956 1000 3993 esse
1044 3952 1408 4007 responsum.
1466 3934 1603 3997 Quae
1634 3949 1768 3985 vero

82 4040 135 4086 et
161 4032 439 4085 sollicitus
479 4047 693 4101 quaero,
727 4030 775 4083 si
814 4045 929 4083 una
975 4026 1290 4096 eademque
1328 4024 1401 4077 sit
1431 4038 1570 4076 uxor
1624 4022 1766 4091 ejus,

84 4123 175 4191 qui
206 4127 341 4174 ante
383 4120 848 4183 catechumenus,
904 4119 1098 4187 postea
1145 4115 1220 4168 sit
1262 4112 1460 4175 ﬁdelis,
1507 4110 1770 4180 ﬁliosque

84 4226 145 4262 ex
198 4226 285 4273 ea,
344 4224 526 4278 quum
588 4212 732 4261 esset
798 4204 1261 4266 catechumenus,
1322 4197 1652 4268 susceperit,
1708 4213 1772 4250 ac

88 4301 272 4366 postea
300 4296 444 4349 alios
474 4310 602 4348 cum
624 4292 830 4361 ﬁdelis,
859 4296 1053 4345 utrum
1071 4289 1185 4342 sint
1213 4288 1415 4341 fratres
1446 4283 1771 4355 appellandi

88 4403 151 4439 an
181 4386 333 4439 non?
361 4384 624 4438 Habeant
651 4387 847 4453 postea
875 4381 1142 4435 defuncto
1176 4383 1338 4448 patre
1377 4391 1509 4429 cum
1556 4372 1773 4427 caeteris

90 4474 471 4527 herciscundm
499 4471 848 4525 hereditatis
878 4467 1251 4529 consortium,
1287 4465 1495 4536 quibus
1523 4462 1772 4516 ﬁliorum

92 4579 290 4617 nomen
360 4560 715 4631 regeneratio
788 4558 1060 4629 spiritalis
1128 4554 1378 4609 creditur
1436 4549 1776 4606 abstulisse?

95 4653 243 4715 Quod
269 4666 455 4721 quum
503 4650 582 4703 ita
633 4648 865 4714 sentire,
924 4652 1097 4717 atque
1149 4643 1406 4714 judicare
1460 4638 1777 4695 absurdum

94 4748 187 4809 est,
248 4757 379 4812 qua:
431 4740 645 4792 malum
698 4738 844 4792 ratio
892 4742 979 4790 est
1031 4736 1140 4789 hoc
1192 4731 1445 4799 defendi,
1494 4734 1549 4784 et
1604 4743 1780 4782 vacua

96 4832 267 4901 magis
291 4828 568 4900 opinione
593 4826 816 4896 jactari,
848 4841 1023 4897 quam
1069 4822 1263 4893 aliqua
1306 4817 1641 4873 auctoritate
1681 4832 1778 4870 ro-

94 4919 297 4984 borari,
331 4932 511 4987 quum
534 4931 651 4969 non
680 4916 863 4985 possit
888 4914 1036 4967 inter
1067 4914 1297 4981 peccata
1317 4906 1601 4976 deputari,
1631 4904 1781 4975 quod

96 5010 172 5059 lex
228 5006 524 5077 praecepit,
575 5009 631 5057 et
686 5005 835 5057 Deus
877 4997 1215 5071 conjunxit?
1249 4993 1522 5066 Nunquid
1553 4994 1600 5046 si
1654 4993 1783 5062 quis

96 5095 539 5148 catechumenus
567 5091 869 5145 virtutibus
917 5086 1222 5152 studuerit,
1281 5082 1668 5138 humilitatem
1698 5096 1787 5133 se-

96 5190 254 5237 cutus
284 5182 475 5245 fuerit,
516 5180 852 5250 patientiam
897 5175 1167 5241 tenuerit,
1200 5174 1592 5241 eleemosynas
1638 5168 1786 5222 fece-

98 5273 187 5339 rit,
220 5270 395 5325 morti
424 5268 735 5323 destinatos
767 5267 1023 5338 qualibet
1038 5264 1257 5344 ratione
1290 5259 1588 5330 eripuerit,
1621 5258 1789 5311 adul-

99 5361 237 5413 teria
288 5356 665 5418 exhorruerit,
748 5355 1063 5408 castitatem
1121 5349 1392 5413 tenuerit,
1471 5362 1690 5417 quaero,
1743 5345 1791 5398 si

98 5448 217 5501 haac
278 5462 458 5517 quum
500 5445 681 5499 factus
725 5441 922 5508 fueris,
972 5438 1158 5494 ﬁdelis
1213 5434 1445 5500 amittit,
1497 5432 1633 5504 quia
1690 5448 1793 5502 per

99 5536 449 5606 baptismum
475 5537 685 5598 totum,
746 5529 901 5603 quod
939 5532 1099 5583 vetus
1145 5525 1320 5581 homo
1377 5520 1618 5592 gesserit
1652 5525 1795 5591 puta

453 5642 727 5707 PATROL.
780 5638 953 5706 CXL.

1872 3055 2131 3121 facilitas,
2170 3055 2461 3108 mortifera
2505 3054 2683 3125 captis
2733 3061 2887 3126 peste
2942 3057 3087 3110 nihil
3118 3058 3317 3126 prosit,
3350 3058 3446 3111 sed
3477 3074 3571 3111 se-

1874 3144 2042 3215 gnius
2069 3148 2306 3197 tractata
2329 3144 2610 3210 pernicies
2634 3150 2796 3197 reatu
2817 3160 2933 3197 non
2961 3145 3235 3216 legitimae
3260 3146 3571 3200 curationis

1872 3232 2125 3285 involvat
2158 3232 2371 3302 pariter
2400 3232 2621 3286 saucios
2649 3237 2704 3285 et
2742 3234 3054 3287 medentes.
3110 3234 3171 3287 In
3211 3235 3411 3304 primis
3458 3235 3566 3288 ita-

1876 3336 1987 3391 que
2019 3319 2300 3373 venientis
2332 3320 2399 3372 ad
2433 3336 2550 3385 vos,
2585 3324 2641 3373 et
2669 3321 2992 3373 remedium
3014 3322 3355 3390 postulantis
3404 3322 3563 3375 solli-

1874 3410 1982 3462 cite
2008 3408 2365 3462 discutienda
2407 3414 2492 3461 est
2530 3408 2831 3477 professio,
2860 3414 2917 3461 et
2950 3424 3197 3479 persona
3231 3409 3475 3478 decepti,
3509 3414 3571 3463 ut

1876 3497 2099 3551 medela
2157 3496 2337 3565 possit
2394 3512 2715 3565 congruens
2773 3496 3089 3549 exhiberi:
3146 3502 3204 3549 et
3254 3498 3355 3567 qui
3414 3497 3575 3550 satis-

1874 3585 2125 3639 facturus
2169 3584 2281 3636 Deo
2311 3598 2412 3647 per
2442 3582 2840 3651 penitentiam
2874 3582 3289 3653 rebaptizatum
3333 3600 3390 3637 se
3431 3585 3572 3655 legi-

1875 3674 2014 3727 time
2054 3670 2319 3737 doluerit,
2362 3676 2558 3724 utrum
2591 3672 2660 3724 ad
2717 3671 2823 3724 hoc
2873 3672 3091 3724 facinus
3132 3673 3444 3738 concurrit,
3499 3690 3573 3726 an

1876 3759 2159 3829 impulsus
2219 3759 2540 3823 accesserit,
2619 3758 2969 3828 requiratur,
3028 3758 3210 3812 sciens
3290 3761 3443 3831 quod
3515 3778 3573 3814 se

1877 3848 2121 3917 decipiat
2146 3848 2264 3917 ipse
2321 3846 2417 3917 qui
2445 3846 2612 3909 fallit,
2649 3847 2907 3917 nihilque
2964 3864 3065 3917 per
3095 3852 3354 3901 nostram
3392 3849 3572 3903 facili-

1878 3941 2055 3991 tatem
2106 3936 2410 3989 tribunalis
2467 3936 2685 3988 excelso
2740 3935 2959 4004 judicio
3005 3937 3285 4005 derogari,
3331 3937 3422 3991 cui
3478 3938 3577 3991 illa

1880 4028 2015 4078 sunt
2043 4029 2183 4089 rata,
2229 4040 2357 4094 quae
2389 4024 2505 4094 pia,
2552 4040 2680 4094 quae
2720 4039 2874 4089 vera,
2924 4040 3053 4094 quae
3101 4026 3257 4093 justa
3304 4030 3454 4079 sunt.
3511 4027 3577 4080 Et

1878 4113 2046 4167 aliter
2072 4113 2441 4180 necessitatis,
2484 4112 2650 4166 aliter
2681 4112 2975 4166 tractanda
3029 4121 3114 4165 est
3165 4112 3309 4166 ratio
3368 4113 3578 4167 volun-

1880 4200 2032 4253 tatis.
2074 4199 2331 4253 Deterior
2360 4204 2442 4252 est
2473 4204 2667 4252 autem
2697 4216 2866 4253 causa
2895 4199 3069 4262 illius,
3104 4199 3205 4269 qui
3252 4200 3397 4254 forte
3457 4217 3582 4272 pre—

1882 4288 1963 4343 tio
1995 4287 2323 4342 sollicitatus
2363 4291 2466 4353 est,
2513 4291 2580 4341 ut
2607 4287 2842 4357 periret.
2868 4287 3019 4341 Nihil
3052 4290 3205 4341 enim
3237 4288 3581 4345 intentatum

1881 4377 2159 4447 relinquit
2211 4375 2499 4430 inimicus.
2551 4378 2656 4431 Cui
2704 4393 2775 4431 ne
2827 4378 2895 4432 de
2956 4394 3058 4432 sua
3115 4378 3281 4432 liceat
3332 4380 3582 4449 gaudere

1884 4470 2139 4536 captura,
2210 4465 2659 4520 succurrendum
2716 4471 2799 4520 est
2857 4466 3110 4533 irretitis,
3172 4472 3230 4521 et
3277 4474 3582 4523 conteren-

1886 4554 1992 4608 dus
2021 4553 2282 4608 venantis
2336 4556 2422 4608 est
2450 4554 2711 4624 laqueus,
2762 4558 2824 4607 ut
2853 4554 3154 4608 infucatim
3208 4556 3586 4610 lamentanti-

1885 4641 2038 4695 tibus
2071 4640 2316 4711 lapsum,
2344 4645 2459 4695 tam
2482 4640 2721 4710 justitiaa
2770 4641 3164 4695 moderatione
3195 4658 3368 4712 quam
3429 4659 3587 4698 com-

1888 4730 2197 4800 punctione
2242 4729 2491 4799 pietatis,
2526 4730 2596 4783 ad
2640 4729 2833 4782 aulam
2891 4745 3065 4799 quam
3091 4729 3465 4800 reliquerant,
3518 4732 3590 4785 sit

1889 4818 2206 4888 ingressus.
2286 4819 2398 4871 Nec
2470 4816 2682 4887 pudeat
2755 4817 2968 4883 forsan,
3046 4822 3145 4871 aut
3223 4818 3438 4887 pigeat,
3524 4820 3585 4874 in

1893 4906 2057 4961 dictis
2103 4905 2482 4976 jejuniorum,
2547 4904 2984 4975 gemituumque
3044 4906 3399 4975 temporibus
3451 4907 3589 4960 obe-

1894 4994 2037 5059 dire,
2071 5002 2171 5047 ant
2213 4993 2337 5046 aliis
2383 4993 2759 5047 observantiae
2810 4993 3145 5047 salubrioris
3193 4994 3591 5065 obtemperare

1894 5081 2194 5157 praeceptis
2227 5081 2393 5152 :quia
2412 5081 2729 5135 humilibus
2752 5082 2919 5136 datur
2946 5082 3146 5152 gratia,
3163 5097 3279 5135 non
3303 5082 3589 5152 superbia.

1896 5171 1980 5225 Sit
2009 5185 2144 5239 ergo
2190 5170 2376 5223 ruinae
2432 5186 2549 5223 sua:
2598 5170 2793 5224 dolore
2842 5174 3181 5240 prostratus,
3244 5170 3505 5241 quisquis
3535 5172 3595 5226 in

1899 5257 2121 5313 Christo
2144 5257 2268 5310 ﬁeri
2294 5258 2501 5328 quierit
2527 5264 2770 5313 erectus.
2808 5260 2873 5311 Et
2892 5274 2995 5328 per
3016 5258 3461 5327 dispensationis
3486 5276 3595 5315 no-

1899 5353 2032 5401 strae
2063 5344 2465 5409 ministerium,
2494 5346 2643 5416 quod
2678 5349 2922 5398 vestram
2954 5344 3115 5413 sequi
3157 5346 3423 5399 convenit
3461 5348 3598 5401 cha-

1902 5435 2152 5502 ritatem,
2177 5450 2279 5487 nec
2318 5434 2488 5488 alicui
2514 5436 2597 5487 fas
2632 5438 2734 5499 est,
2767 5433 2854 5485 vel
2886 5432 3052 5501 velle,
3098 5433 3188 5487 vel
3221 5450 3389 5503 posse
3419 5439 3602 5489 trans-

1903 5522 2163 5590 cendere,
2197 5538 2394 5577 causas
2424 5523 2566 5592 ejus,
2607 5521 2706 5592 qui
2762 5525 2962 5576 contra
2992 5521 3361 5592 apostolicam
3397 5524 3604 5579 doctri-

3208 5637 3294 5696 24
