3976 6194
429 281 534 332 747

1524 269 1931 325 BURCHARDI
1973 265 2502 322 WOBMACIENSIS
2540 263 2856 320 EPISCOPI
3793 271 3880 322 71,8

434 418 588 464 nam,
623 401 692 454 ad
732 398 1095 454 iterationem
1127 413 1186 451 se
1227 397 1398 451 nimis
1437 396 1744 472 infaustam
1773 393 2132 466 baptismatis
2163 396 2210 447 Α
2247 392 2434 447 adhuc
2471 392 2532 445 in
2563 393 2902 462 poenitentia
2937 395 3092 456 sunt,
3127 390 3453 462 paenitenda
3483 393 3619 446 forte
3646 397 3884 450 commit-

351 533 354 542 .
435 490 611 554 dedit,
652 489 738 542 vel
763 490 884 557 ejus
913 487 1013 558 qui
1041 487 1326 556 aliquibus
1350 484 1704 554 argumentis
1743 483 2130 536 excusandum

437 577 637 632 callide
681 576 981 646 proprium
1030 574 1315 644 putaverit
1357 589 1479 626 esse
1531 587 1894 635 consensum,
1947 586 2130 624 sacer-

438 665 613 722 dotali
662 665 858 733 vigore
927 669 983 716 et
1025 662 1382 716 humanitate
1435 666 1766 726 tractemus,
1831 664 1894 712 ut
1943 658 2001 712 in
2051 658 2132 712 eis

439 755 600 823 fides,
632 770 761 824 quae
809 751 912 804 nisi
945 755 1028 804 est
1060 768 1191 812 una,
1229 751 1350 819 jam
1381 750 1540 803 nulla
1589 754 1694 818 est,
1725 747 2007 818 adjutorio
2032 749 2131 800 Do-

438 844 583 898 mini
611 842 816 912 judicis
854 841 926 894 ad
966 841 1232 905 salutem,
1279 838 1403 892 sine
1451 842 1662 890 nostrae
1709 835 2134 906 properationis

440 931 774 994 offensione,
808 933 1106 998 reparetur
1146 944 1158 980 :
1189 927 1325 996 quia
1373 942 1502 979 cum
1555 925 1869 995 peccatoris
1901 941 1932 977 a
1967 923 2134 977 nobis

443 1019 749 1074 satisfactio
800 1016 1175 1087 protrahitur,
1219 1032 1333 1068 non
1363 1021 1571 1085 praeter
1615 1020 1866 1068 nostram
1906 1013 2133 1066 laudem

443 1113 613 1178 atque
648 1106 918 1170 laetitiam,
949 1121 1110 1158 mens
1137 1106 1259 1174 ejus
1282 1105 1348 1158 ad
1382 1103 1606 1157 veniam
1635 1102 1938 1173 purgatior
1975 1100 2135 1154 inve-

444 1197 620 1250 nitur.
659 1197 722 1248 Et
773 1195 902 1248 ideo
953 1193 1330 1247 memineritis
1377 1193 1521 1245 hanc
1561 1208 1735 1261 super
1784 1190 1873 1244 his
1905 1205 2009 1243 nos
2039 1189 2138 1242 ba-

443 1285 579 1339 bere
611 1283 978 1347 sententiam,
1009 1288 1076 1335 ut
1121 1288 1343 1334 servata
1389 1279 1733 1334 discretione
1774 1277 2137 1349 peccantium

444 1387 559 1426 non
586 1371 782 1424 eadem
818 1369 1006 1422 cuncti
1059 1369 1158 1438 qui
1192 1369 1338 1437 lapsi
1365 1373 1516 1431 sunt,
1566 1369 1726 1420 lance
1776 1370 2090 1436 pensantur
2122 1381 2134 1417 :

447 1459 721 1528 quoniam
771 1457 1004 1525 majoris
1061 1455 1445 1524 castigationis
1513 1462 1592 1508 est
1642 1453 1957 1523 exigendus
2014 1468 2141 1505 usu-

449 1563 591 1612 ram,
625 1545 717 1598 cui
767 1545 971 1598 domus
1021 1543 1250 1596 Domini
1285 1542 1589 1595 commissa
1621 1542 1796 1596 fuerit
1820 1540 2137 1610 disciplina.

2240 487 2383 536 tant.
2417 482 2580 546 Quod
2608 482 2655 534 si
2689 485 2819 534 ante
2866 482 3216 551 praefinitum
3286 482 3620 550 poenitentiae
3666 489 3883 555 tempus,

2242 571 2540 640 despectus
2567 589 2599 623 a
2632 569 2889 634 medicis,
2940 575 3039 623 aut
3067 569 3422 623 evidentibus
3477 571 3664 625 mortis
3693 590 3884 641 pressus

2240 659 2490 722 indiciis,
2522 663 2748 726 recepta
2777 658 3083 727 quisquam
3115 659 3532 711 communionis
3563 661 3732 728 gratia
3765 678 3879 716 con-

2241 747 2494 810 valescit,
2524 762 2814 799 servemus
2845 746 2906 798 in
2932 762 2997 800 eo
3026 746 3181 816 quod
3233 746 3443 802 Nicaeni
3491 763 3720 801 canones
3755 752 3882 804 ordi-

2244 840 2546 899 naverunt,
2582 839 2643 886 ut
2704 834 2983 887 habeatur
3039 834 3190 887 inter
3247 834 3394 899 illos,
3431 835 3614 905 quiin
3663 838 3888 892 oratione

2245 923 2366 976 sola
2398 923 2848 988 communicant,
2905 922 3086 975 donec
3140 923 3448 992 impleatur
3502 923 3736 993 Spatium
3777 931 3888 980 tem-

2244 1012 2402 1082 poris
2456 1013 2646 1065 eidem
2707 1012 3120 1081 praestitutum.
3172 1013 3283 1065 Nec
3340 1012 3754 1066 catechumenos
3803 1031 3882 1066 uo-

2246 1107 2410 1164 stros,
2449 1099 2547 1170 qui
2580 1100 2684 1153 sub
2714 1099 2814 1152 tali
2870 1100 3226 1170 professione
3276 1100 3544 1169 baptizati
3588 1106 3726 1167 sunt,
3773 1118 3887 1172 prae-

2248 1190 2488 1242 terimus
2523 1205 2535 1241 :
2566 1189 2702 1259 quia
2731 1205 2848 1241 non
2905 1194 2989 1242 est
3017 1205 3190 1242 causa
3242 1189 3548 1254 dissimilis,
3578 1191 3713 1242 sicut
3748 1190 3882 1244 iidem

2250 1277 2427 1330 sancti
2487 1292 2730 1330 canones
2760 1277 3122 1343 ordinarunt,
3151 1277 3274 1347 ejus
3325 1277 3424 1347 qui
3476 1277 3718 1348 quolibet
3752 1279 3884 1332 modo

2251 1365 2560 1431 Christum,
2591 1381 2762 1436 quem
2790 1367 2961 1418 semel
2995 1366 3284 1419 confessus
3313 1371 3418 1430 est,
3479 1366 3762 1434 abjuraret.
3788 1366 3883 1419 Tri-

2250 1454 2356 1507 bus
2387 1454 2553 1507 annis
2584 1454 2733 1506 inter
2766 1455 3064 1507 audientes
3111 1454 3243 1521 siut,
3293 1460 3351 1507 et
3410 1459 3619 1524 postea
3672 1454 3884 1508 catechu-

2253 1543 2436 1595 menis
2461 1542 2868 1612 permittantur
2909 1559 3093 1607 orare,
3146 1559 3250 1611 per
3281 1558 3485 1595 manus
3515 1542 3883 1612 impositionem

451 1636 520 1687 Ut
570 1649 704 1702 ergo
759 1633 827 1685 ab
887 1633 1145 1685 Ecclesia:
1193 1632 1574 1684 summatibus
1635 1629 1992 1692 inchoemus,
2047 1643 2142 1681 eos
2174 1669 2214 1722 Β
2253 1631 2674 1684 communionis
2701 1631 2996 1684 catholicae
3028 1631 3269 1700 gratiam
3328 1631 3628 1700 recepturi,
3687 1632 3883 1700 exceptis

449 1738 592 1790 quos
664 1721 980 1789 episcopos,
1037 1719 1415 1789 presbyteros,
1491 1721 1578 1771 vel
1647 1717 1916 1771 diaconos
1967 1716 2141 1770 fuisse

449 1808 782 1873 constiterit,
817 1813 872 1860 et
901 1824 1001 1860 seu
1041 1815 1301 1878 optantes
1323 1807 1584 1872 forsitan,
1628 1822 1728 1860 seu
1787 1811 2012 1858 coactos
2059 1807 2139 1858 la-

452 1897 602 1950 vacri
630 1897 782 1950 illius
824 1897 992 1962 unici,
1045 1897 1422 1966 salutarisque
1470 1896 1675 1948 claruit
1717 1894 1915 1947 fecisse
1955 1895 2141 1964 jactu-

451 2002 596 2050 ram,
621 1992 676 2038 et
707 1984 1018 2049 Christum,
1053 2000 1225 2054 quem
1260 2000 1377 2036 non
1423 1983 1608 2036 solum
1659 1983 1813 2036 dona
1841 1998 2141 2051 regenera-

450 2073 642 2139 tionis,
672 2088 868 2124 verum
899 2073 1072 2125 etiam
1124 2071 1306 2140 gratia
1353 2071 1625 2140 prmcepti
1673 2071 1910 2124 honoris
1940 2070 2140 2124 indue-

452 2167 598 2226 rant,
630 2160 868 2226 exuisse,
919 2176 1049 2213 cum
1098 2163 1316 2212 constet
1372 2158 1662 2212 neminem
1715 2159 1787 2212 ad
1834 2159 2142 2212 secundam

451 2248 787 2303 tinctionem
836 2248 1030 2302 venire
1074 2248 1347 2317 potuisse,
1401 2247 1512 2300 nisi
1555 2265 1613 2300 se
1649 2247 1840 2316 palam
1873 2247 2144 2302 Christia-

454 2355 595 2392 num
633 2337 944 2408 negaverit,
995 2342 1050 2390 et
1099 2337 1384 2407 professus
1431 2335 1602 2389 fuerit
1659 2351 1779 2388 esse
1830 2351 2138 2406 paganum,

455 2427 605 2496 quod
637 2441 766 2478 cum
799 2425 1144 2494 generaliter
1197 2424 1269 2477 sit
1294 2423 1354 2476 in
1403 2422 1671 2476 omnibus
1709 2423 2140 2487 exsecrandum,

451 2514 632 2565 multo
663 2513 842 2581 magis
871 2511 931 2564 in
965 2511 1268 2580 episcOpis,
1300 2510 1671 2580 presbyteris,
1728 2515 1785 2563 et
1812 2509 2143 2562 diaconibus

453 2600 651 2654 auditu
702 2601 903 2653 saltem
956 2600 1226 2669 dictuque
1279 2599 1556 2670 probatur
1609 2598 2010 2652 horrendum:
2045 2597 2141 2651 sed

451 2687 586 2758 quia
615 2687 770 2742 idem
819 2687 1112 2748 Dominus,
1144 2695 1317 2757 atque
1345 2687 1616 2754 Salvator,
1661 2684 2143 2740 clementissimus

454 2781 555 2843 est,
607 2781 664 2829 et
716 2777 1007 2830 neminem
1047 2778 1169 2829 vult
1225 2777 1432 2846 perire,
1482 2791 1662 2846 usque
1705 2776 1776 2828 ad
1826 2774 2010 2828 exitus
2057 2773 2144 2827 sui

453 2864 606 2918 diem
636 2864 698 2917 in
727 2864 1084 2933 poenitentia,
1129 2864 1177 2916 si
1207 2864 1566 2933 resipiscunt,
1605 2863 1793 2932 jacere
1821 2862 2140 2928 conveniet,

2255 1735 2392 1772 sane
2424 1719 2822 1772 tantummodo
2849 1719 3151 1788 episcopis,
3183 1719 3545 1790 presbyteris,
3582 1719 3879 1784 diaconibus,

2255 1808 2464 1876 quibus
2495 1808 2616 1860 solo
2648 1807 2846 1860 mortis
2875 1824 2992 1860 sua:
3018 1812 3275 1878 tempore
3303 1807 3766 1860 reconciliandum
3789 1822 3881 1859 esse

2246 1896 2368 1966 jam
2400 1895 2648 1949 diximus
2682 1912 2694 1948 :
2726 1900 2982 1959 caeteros,
3015 1895 3068 1949 id
3101 1900 3204 1961 est,
3242 1896 3361 1949 sive
3391 1895 3636 1960 clericos,
3669 1895 3767 1948 sive
3785 1911 3882 1947 mo-

2254 1985 2485 2050 nachos,
2519 2001 2617 2037 seu
2643 1984 2836 2048 laicos,
2886 2000 3052 2037 sexus
3103 1984 3402 2056 utriusque
3460 2001 3729 2054 personas,
3771 1999 3880 2052 quos

2254 2071 2524 2124 violentia
2579 2076 2635 2124 et
2685 2072 2953 2142 periculis
3018 2079 3264 2138 coactos,
3334 2073 3686 2127 iterationem
3731 2071 3881 2140 bapti—

2253 2159 2447 2213 smatis
2506 2159 2744 2213 subiisse
2821 2161 3158 2226 constiterit,
3218 2163 3305 2215 vel
3362 2162 3460 2232 qui
3539 2161 3714 2231 aliquo
3759 2174 3880 2211 cum-

2252 2253 2467 2313 mento,
2495 2247 2664 2318 hujus
2703 2265 2760 2301 se
2785 2249 3056 2302 facinoris
3105 2249 3348 2318 piaculis
3403 2249 3640 2303 dixerint
3689 2263 3782 2301 non
3817 2252 3879 2298 te-

2255 2335 2396 2400 neri,
2430 2334 2490 2387 in
2513 2335 2859 2405 paenitentia
2906 2352 3011 2404 per
3049 2337 3370 2390 triennium
3419 2337 3618 2390 durare
3670 2333 3881 2388 decerni—

2254 2439 2404 2488 mus,
2473 2430 2529 2476 et
2583 2440 2687 2493 per
2738 2440 2942 2478 manus
3004 2423 3440 2494 impositionem
3495 2425 3562 2479 ad
3611 2424 3881 2477 societatem

2254 2511 2428 2580 recipi
2507 2512 2864 2579 sacramenti,
2931 2513 3028 2565 illo
3097 2529 3200 2582 per
3253 2513 3452 2567 omnia
3505 2511 3786 2578 custodito,
3832 2526 3884 2561 ne

2255 2615 2318 2652 ex
2351 2599 2440 2652 his
2471 2615 2748 2670 unquam,
2779 2600 2880 2670 qui
2931 2600 2990 2652 in
3045 2601 3301 2669 qualibet
3362 2606 3526 2655 atate
3579 2598 3704 2654 alibi
3749 2613 3883 2668 quam

2254 2687 2316 2742 in
2373 2689 2618 2741 Ecclesia
2674 2689 2970 2755 catholica,
3035 2695 3133 2742 aut
3193 2689 3490 2760 baptizati,
3544 2695 3638 2742 aut
3686 2686 3884 2754 rebapti-

2255 2776 2367 2830 zati
2445 2775 2597 2842 sunt,
2687 2778 2756 2830 ad
2837 2777 3276 2851 ecclesiasticam
3373 2779 3630 2832 militiam
3698 2789 3882 2846 prorsus

2256 2865 2663 2935 permittantur
2745 2866 3030 2919 accedere.
3113 2866 3337 2930 Quibus
3423 2867 3552 2922 satis
3625 2882 3733 2918 esse
3811 2863 3879 2915 de-

452 2966 556 3005 nec
611 2951 856 3004 orationi
918 2966 1035 3003 non
1083 2951 1250 3004 modo
1290 2950 1568 3012 ﬁdelium,
1622 2950 1720 3002 sed
1769 2965 1838 3002 ne
1887 2946 2216 3003 catechu-‘C
2255 2953 2372 3020 bet,
2438 2953 2592 3023 quod
2640 2953 2702 3006 in
2771 2954 3185 3007 catholicorum
3242 2971 3550 3009 numerum
3604 2958 3725 3007 sunt
3771 2966 3882 3004 rece-

454 3055 754 3092 menorum
786 3037 1021 3108 quidem
1054 3037 1400 3092 omnimodis
1429 3038 1721 3092 interesse.
1748 3037 1967 3101 Quibus
1989 3053 2142 3090 com-

455 3129 652 3180 munio
680 3128 823 3180 laica
852 3127 913 3179 in
947 3131 1133 3180 morte
1174 3127 1528 3180 redhibenda
1557 3133 1658 3180 est.
1695 3126 1876 3189 Quam
1911 3141 2034 3179 rem
2064 3125 2144 3180 di-

453 3215 722 3284 ligentius
751 3215 1044 3283 explorare
1094 3216 1180 3266 vel
1223 3215 1408 3266 facere
1468 3203 1572 3283 pro
1627 3213 1912 3284 baptismo
1969 3230 2148 3268 sacer-

453 3302 602 3356 dotis
634 3319 770 3355 cura
801 3302 1050 3356 debebit.
1089 3303 1165 3354 De
1196 3302 1414 3355 clericis
1453 3307 1666 3368 autem,
1724 3308 1777 3355 et
1827 3301 2142 3369 monachis,

456 3396 554 3442 aut
591 3389 797 3459 puellis
823 3389 942 3456 Dei,
991 3395 1091 3443 aut
1121 3389 1476 3443 secularibus
1527 3390 1741 3443 servari
1782 3390 2146 3460 praecipimus

453 3478 604 3531 hunc
633 3483 914 3543 tenorem,
943 3493 1115 3548 quem
1152 3478 1378 3531 Nicama
1411 3479 1664 3547 synodus
1703 3477 1852 3531 circa
1899 3495 1997 3532 eos
2045 3477 2147 3548 qui

450 3566 595 3635 lapsi
639 3572 791 3633 sunt,
838 3567 925 3619 vel
969 3566 1224 3635 fuerunt,
1275 3566 1622 3620 servandum
1672 3583 1794 3620 esse
1826 3567 2143 3634 constituit,

453 3661 516 3708 ut
537 3654 770 3722 scilicet,
799 3655 900 3724 qui
931 3655 1090 3708 nulla
1133 3655 1491 3721 necessitate,
1546 3655 1759 3708 nullius
1805 3655 1890 3709 rei
1937 3655 2146 3710 timore

451 3748 622 3812 atque
655 3742 927 3812 periculo,
963 3759 1022 3795 se
1059 3749 1124 3796 ut
1147 3742 1598 3812 rebaptizaretur
1642 3742 1932 3796 haereticis
1969 3743 2146 3814 impie

449 3833 797 3885 dediderunt
828 3848 840 3884 :
879 3831 927 3884 si
948 3837 1143 3884 tamen
1192 3847 1290 3884 eos
1320 3847 1387 3884 ex
1435 3831 1605 3884 corde
1634 3831 1930 3900 poeniteat,
1963 3831 2146 3885 tribus

450 3919 616 3972 annis
646 3919 794 3972 inter
827 3919 1123 3972 audientes
1154 3919 1284 3972 sint.
1318 3921 1545 3988 Septem
1576 3935 1709 3971 vero
1735 3919 1898 3972 annis
1960 3920 2146 3988 subja-

448 4012 612 4060 ceant
649 4007 799 4059 inter
828 4008 1168 4075 poenitentes
1195 4008 1458 4060 manibus
1481 4007 1840 4061 sacerdotum
1875 4024 1888 4060 ε
1921 4007 2145 4060 duobus

451 4097 624 4148 etiam
667 4097 734 4148 ad
792 4095 1106 4148 oblationes
1154 4095 1337 4148 modis
1379 4094 1645 4148 omnibus
1690 4111 1806 4148 non
1861 4094 2142 4163 sinantur,

449 4183 548 4237 sed
577 4184 974 4236 tantummodo
1004 4182 1382 4252 popularibus
1429 4182 1489 4234 in
1545 4182 1802 4236 oratione
1832 4183 2118 4237 socientur

448 4288 552 4324 nec
581 4271 966 4324 confundatur
994 4271 1108 4324 Deo
1139 4271 1284 4324 colla
1322 4269 1677 4336 submittere,
1700 4271 1836 4340 quia
1863 4258 2140 4326 eum-non

450 4360 663 4425 timuit,
722 4359 1024 4428 abnegare.
1077 4358 1239 4421 Quod
1285 4359 1353 4423 si,
1387 4363 1581 4428 utpote
1642 4359 1936 4426 mortales,
1987 4360 2140 4414 intra

451 4453 627 4501 metas
658 4447 977 4516 praescripti
1017 4446 1290 4516 temporis
1319 4446 1558 4516 coeperit
1588 4447 1716 4500 vitae
1751 4447 1879 4500 ﬁnis
1911 4464 2135 4518 urgere,

447 4535 901 4590 subveniendum
925 4541 1008 4588 est
1064 4534 1420 4604 imploranti,
1477 4539 1532 4588 et
1571 4551 1672 4589 seu
1719 4536 1788 4589 ab
1845 4537 2134 4607 episcopo,

446 4625 544 4695 qui
578 4623 976 4694 pmnitentiam
1007 4623 1244 4690 dederit,
1279 4639 1380 4677 seu
1409 4623 1480 4676 ab
1512 4623 1643 4689 alio,
1673 4624 1772 4694 qui
1813 4630 2010 4678 tamen
2034 4626 2139 4678 da-

441 4719 557 4768 tam
588 4729 710 4767 esse
739 4713 1089 4783 probaverit,
1161 4718 1260 4766 aut
1301 4712 1567 4767 similiter
1613 4730 1646 4766 a
1674 4713 2006 4783 presbytero
2028 4715 2139 4769 via-

444 4803 621 4856 ticum
653 4803 886 4860 abeunti
908 4801 977 4855 de
1008 4801 1212 4855 saeculo
1249 4817 1365 4854 non
1411 4807 1674 4872 negetur.
1721 4801 1916 4855 Pueris
1948 4806 2138 4856 autem

439 4891 648 4961 quibus
679 4890 833 4960 quod
864 4890 1051 4943 adhuc
1077 4891 1323 4943 investes
1362 4896 1518 4956 sunt,
1565 4907 1598 4943 a
1653 4889 1906 4959 puritate
1972 4906 2138 4943 voca-

437 4980 636 5034 bulum
660 4982 765 5043 est,
791 4995 893 5032 seu
925 4977 1162 5042 clericis,
1187 4994 1287 5032 seu
1317 4977 1497 5044 laicis,
1533 4983 1632 5031 aut
1693 4977 1870 5032 etiam
1928 4977 2134 5032 simili-

437 5067 543 5121 bus
596 5067 824 5136 puellis,
885 5065 1092 5136 quibus
1149 5066 1473 5136 ignorantia
1544 5066 1891 5135 suffragatur
1928 5067 2130 5153 aetatis,

439 5155 772 5226 aliquandiu
838 5155 942 5208 sub
995 5171 1200 5208 manus
1235 5153 1605 5224 impositione
1669 5154 1939 5224 detentis,
2003 5157 2134 5210 red-

441 5245 623 5298 denda
661 5243 994 5298 communio
1022 5247 1124 5310 est,
1185 5258 1291 5296 nec
1335 5258 1534 5296 eorum
1575 5243 1923 5312 expectanda
1952 5243 2138 5313 poeni-

436 5331 616 5386 tentia
635 5349 779 5403 quos
818 5332 1028 5402 excipit
1055 5347 1089 5384 a
1117 5329 1464 5385 coercitione
1514 5346 1773 5384 censura.
1835 5331 1999 5394 Quod
2052 5335 2137 5386 est

436 5439 470 5475 a
499 5420 663 5474 nobis
690 5420 932 5491 proinde
961 5420 1360 5486 constitutum,
1395 5434 1466 5471 ne
1491 5419 1551 5472 hi
1596 5419 1804 5490 quibus
1831 5421 1890 5473 in
1920 5420 2136 5474 terreni

437 5508 566 5564 labe
607 5508 877 5578 contagii,
929 5508 1058 5579 plus
1103 5508 1368 5562 minusve
1426 5513 1605 5562 restat
1654 5507 1725 5563 ad
1763 5507 1958 5575 vitam,
1995 5508 2134 5564 dum

2123 4226 2135 4250 ’
2164 4229 2208 4282 D

2255 3041 2356 3110 pti,
2391 3041 2664 3112 quoniam
2703 3041 2771 3094 de
2829 3058 2930 3095 suo
2984 3042 3186 3096 ordine
3213 3050 3271 3097 et
3331 3043 3717 3097 communione
3766 3039 3878 3092 vide-

2253 3129 2410 3183 bitur
2458 3129 2605 3182 ferre
2659 3129 2962 3199 judicium,
3013 3130 3274 3201 quisquis
3336 3133 3441 3186 hoc
3489 3130 3701 3185 violarit
3746 3127 3876 3180 antis-

2259 3217 2424 3271 titum
2462 3219 2586 3271 :vel
2611 3218 2712 3288 qui
2744 3235 2859 3271 non
2891 3220 3198 3272 removerit
3253 3236 3392 3273 eum
3431 3235 3598 3291 quem
3634 3234 3692 3272 ex
3718 3217 3791 3271 his
3829 3214 3876 3266 ad

2253 3305 2640 3359 ministerium
2669 3306 2928 3359 clericale
2961 3307 3281 3376 obrepsisse
3315 3307 3657 3378 cognoverit.
3713 3305 3872 3359 Curan-

2256 3394 2396 3448 dum
2431 3411 2564 3447 vero
2597 3394 2862 3460 maxime,
2904 3399 2960 3447 et
3015 3396 3173 3448 omni
3235 3398 3461 3450 cautela
3509 3401 3588 3450 est
3634 3392 3873 3465 providen-

2254 3483 2390 3536 dum
2421 3499 2492 3536 ne
2523 3483 2652 3552 quis
2681 3485 2922 3537 fratrum
2954 3485 3540 3557 coepiscoporumque
3593 3489 3873 3539 nostrorum.

2254 3576 2353 3625 aut
2409 3572 2581 3625 etiam
2629 3573 3096 3641 presbyterorum
3159 3573 3219 3626 in
3264 3575 3502 3628 alterius
3548 3574 3768 3636 civitate,
3815 3566 3874 3620 vel

2254 3659 2483 3713 dioecesi
2513 3661 2907 3728 pmnitentem,
2961 3663 3049 3715 vel
3097 3661 3200 3715 sub
3237 3678 3418 3718 manu
3465 3663 3701 3733 positum
3746 3671 3874 3712 sacer-

2253 3748 2400 3803 dotis
2432 3755 2529 3801 aut
2557 3764 2691 3802 eum
2720 3748 2820 3819 qui
2847 3749 3216 3803 conciliatum
3265 3767 3326 3805 se
3358 3767 3481 3805 esse
3536 3749 3739 3814 dixerit,
3789 3745 3872 3797 sine

2253 3837 2509 3908 episcopi
2540 3835 2628 3890 vel
2661 3837 2978 3908 presbyteri
3010 3839 3343 3894 testimonio
3383 3845 3438 3894 et
3477 3839 3686 3901 litteris,
3737 3838 3813 3888 aut
3834 3832 3871 3882 in

2253 3925 2524 3994 parochia
2554 3925 2868 3995 presbyter,
2901 3932 3001 3978 aut
3031 3926 3336 3997 episcopus
3375 3928 3436 3981 in
3485 3927 3711 3989 civitate,
3747 3919 3868 3975 susci-

2253 4013 2389 4084 piat.
2421 4013 2583 4077 Quod
2613 4013 2806 4083 aliqua
2834 4013 3290 4069 dissimulatione
3322 4018 3656 4086 neglectum,
3701 4012 3867 4080 culpam

2252 4102 2441 4172 tangit
2471 4102 2644 4155 etiam
2675 4102 3034 4168 clericorum,
3077 4104 3176 4174 qui
3209 4103 3268 4157 in
3308 4105 3447 4158 locis
3490 4105 3548 4158 in
3576 4102 3761 4174 quibus
3799 4097 3868 4150 hoc

2253 4192 2446 4245 minus
2476 4197 2734 4245 curatum
2786 4192 2960 4246 fuerit
2998 4199 3450 4248 commorantur.
3488 4193 3579 4248 His
3605 4193 3770 4260 itaque
3794 4186 3867 4238 rite

2251 4279 2558 4349 dispositis,
2597 4284 2653 4332 et
2713 4279 2783 4333 ad
2843 4280 3226 4334 Ecclesiarum'
3282 4288 3597 4336 vestrarum
3643 4275 3868 4336 notitiam,

2247 4373 2442 4422 nostra
2497 4367 2903 4422 deliberatione
2958 4369 3213 4438 perlatis,
3255 4385 3459 4440 parere
3498 4387 3594 4423 vos
3640 4362 3861 4421 convenit.

2248 4455 2464 4520 Quibus
2490 4456 2622 4509 licet
2649 4456 2717 4510 ad
2755 4457 3080 4511 animarum
3119 4460 3538 4528 reparationem
3569 4457 3698 4512 nihil
3723 4454 3865 4508 deesse

2248 4545 2525 4610 videatur,
2558 4549 2748 4598 tamen
2777 4544 2825 4597 si
2845 4544 2938 4598 cui
2967 4545 3099 4599 novi
3118 4546 3358 4617 aliquid,
3388 4553 3444 4601 et
3462 4547 3608 4618 quod
3637 4539 3866 4615 praeterire

2247 4648 2352 4686 nos
2388 4632 2576 4702 potuit
2600 4633 2774 4704 fuerit
2805 4633 3138 4701 revelatum,
3173 4635 3490 4689 secundum
3528 4635 3736 4688 beatum
3765 4629 3867 4682 Pau-
3926 4697 3927 4702 η

2247 4720 2368 4774 lum
2439 4721 2759 4790 apostolum
2813 4725 3039 4776 tacente
3103 4722 3292 4792 priore
3343 4723 3580 4777 ﬁdenter
3626 4719 3866 4774 insinuet:
3925 4715 3927 4785 ᾖ

2248 4807 2382 4878 quia
2413 4807 2657 4877 Spiritus
2693 4811 2922 4862 sanctus
2963 4809 3061 4863 ubi
3111 4812 3231 4865 vult
3282 4812 3475 4882 spirat,
3531 4809 3750 4865 maxime
3773 4813 3869 4855 cum

2247 4911 2350 4949 sua
2379 4913 2551 4950 causa
2597 4902 2891 4952 tractatur.
2929 4899 3042 4952 Nec
3089 4915 3196 4953 nos
3239 4900 3463 4970 pigebit
3512 4898 3710 4960 audire,
3760 4896 3805 4943 et
3836 4886 3868 4936 εί

2247 5000 2362 5054 qua
2387 4989 2521 5038 sunt
2548 4984 2758 5038 omissa
2797 5001 2914 5039 non
2945 4991 3280 5056 arroganter
3310 4989 3575 5049 abnuere,
3619 4981 3704 5036 sed
3738 4975 3868 5031 ratio-

2247 5072 2516 5126 nabiliter
2562 5073 2849 5127 ordinare.
2910 5075 3116 5128 Datum
3175 5076 3380 5130 Iduum
3434 5074 3734 5129 Martiarum
3786 5061 3865 5120 die.

2249 5161 2548 5231 Dynamio,
2577 5166 2633 5214 et
2661 5161 2879 5215 Sibidio
2908 5167 3182 5232 quartum
3203 5164 3544 5218 consulibus.

2283 5319 2410 5375 CAP.
2447 5320 2504 5374 C.
2545 5351 2613 5359 —
2682 5319 2762 5374 De
2793 5335 2848 5374 co
2897 5323 2996 5389 qui
3042 5338 3143 5390 per
3209 5323 3567 5388 ignorantiam
3605 5315 3841 5370 ordinatur
3921 5307 3923 5338 έ

2780 5395 3070 5460 antequam
3093 5395 3414 5462 baptizetur.

2316 5511 2422 5579 (Ea:
2452 5511 2615 5570 dictis
2644 5513 2701 5570 S.
2733 5515 2944 5570 Isidori
2982 5519 3259 5587 episc0pi.)
3315 5515 3371 5573 Si
3425 5514 3549 5586 quis
3599 5524 3692 5582 per
3739 5505 3863 5573 igno-
3919 5527 3921 5530 ‹
