4028 6190
122 315 247 367 749

1132 309 1610 371 DECRETORUM
1653 315 1842 370 LIBRI
1885 313 1999 369 XX.
2034 341 2103 353 -—
2142 313 2350 370 LIBER
2388 317 2700 380 QUINTUS.

3567 332 3676 382 ἺΞὶΟ

127 438 389 492 rantiam
444 436 747 491 ordinatur
802 441 1112 507 antequam
1159 435 1504 506 baptizatur,
1540 438 1752 493 debent
1776 437 1851 491 ab
1884 439 1933 490 A
1974 437 2344 506 perceptione
2404 440 2725 495 chrismatis
2765 457 3028 496 nummos
3074 443 3238 498 dari:
3291 447 3473 500 solere
3524 464 3673 518 quo-

126 545 199 581 eo
250 526 528 597 baptizati
573 525 875 595 baptizari,
936 530 992 579 et
1035 525 1157 595 ipse
1198 541 1314 578 non
1371 527 1694 596 ordinetur,
1752 526 1858 580 sed

129 620 434 672 Romanus
462 616 716 687 pontifex
742 617 966 686 judicat
993 632 1108 670 non
1131 616 1429 670 hominem
1446 617 1548 688 qui
1575 619 1854 688 baptizat,

129 707 234 760 sed
296 707 579 776 Spiritum
636 705 737 758 Dei
794 704 1201 758 subministare
1260 705 1508 774 gratiam
1556 705 1855 777 baptismi,

129 793 271 846 licet
303 807 566 862 paganus
608 791 681 844 sit
720 791 820 862 qui
864 790 1132 860 baptizat.

270 880 402 934 Car.
435 879 522 935 CI.
546 908 620 920 —
647 882 721 935 De
748 880 868 950 illis
893 881 990 948 qui
1015 882 1257 945 gratiam
1286 882 1467 934 sancti
1486 881 1731 950 Spiritus

731 949 957 1004 vendere
979 955 1261 1003 conantur.

210 1043 327 1108 (15.1:
378 1040 567 1094 concil.
637 1039 852 1091 Tribu-r.
905 1041 994 1092 cui
1053 1040 1307 1104 interfuit
1355 1055 1456 1092 rex:
1514 1039 1854 1107 Arnolphus,

133 1145 262 1198 cap.
294 1129 417 1196 22.)
451 1127 676 1181 Dictum
707 1130 791 1179 est
834 1127 1018 1180 solere
1076 1126 1136 1179 in
1166 1126 1511 1180 duibusdam
1576 1126 1718 1180 locis
1746 1141 1855 1196 pro

1975 541 2086 596 que
2116 542 2220 595 pro
2260 525 2544 597 baptismo
2589 535 2645 583 et
2686 531 3115 588 communione.
3173 534 3289 587 Hoc
3333 538 3673 606 symoniacae

1973 614 2211 668 haeresis
2237 632 2432 670 semen
2461 619 2741 672 detestata
2781 625 2865 673 est
2908 626 3101 674 sancta
3131 622 3398 682 Sinodus.
3439 629 3495 677 et
3529 641 3671 678 ana-

1972 703 2381 770 thematizavit,
2411 711 2468 760 et
2497 713 2558 760 ut
2586 707 2655 760 de
2714 713 2914 761 caetero
2964 725 3068 762 nec
3121 727 3223 779 pro
3287 712 3671 779 ordinatione,

1973 807 2080 845 nec
2110 807 2212 861 pro
2264 793 2587 860 chrismate,
2633 797 2719 848 vel
2760 796 3066 866 baptismo,
3123 799 3208 851 vel
3245 815 3351 868 pro
3395 801 3670 868 balsamo,

1972 896 2079 934 nec
2134 896 2238 950 pro
2313 884 2626 953 sepultura,
2717 885 2803 938 vel
2860 886 3286 952 communione,
3363 888 3672 960 quicquam

1971 967 2276 1038 exigatur:
2309 971 2405 1025 sed
2454 971 2629 1042 gratis
2659 973 2808 1026 dona
2855 973 3083 1038 Christi,
3133 975 3383 1044 gratuita
3440 977 3675 1048 dispen-

1972 1057 2192 1111 satione
2227 1057 2530 1114 donentur.

1560 1240 1736 1280 FINIS
1783 1241 1960 1280 LIBBI
2007 1241 2277 1288 QUARTI.

1016 1446 1311 1518 INDEX
1371 1443 2070 1536 CAPITULORUM
2131 1445 2384 1518 LIBRI
2449 1445 2808 1530 QUINTI.

209 1593 349 1647 CAP.
382 1592 426 1645 I.
469 1590 628 1654 Quod
661 1605 832 1643 omne
876 1588 1092 1642 crimen
1135 1587 1426 1642 sacriﬁciis
1477 1588 1592 1640 Deo
1646 1585 1854 1639 oblatis

130 1681 430 1745 deleatur,
467 1694 710 1749 quaeque
752 1677 810 1730 in
840 1677 1130 1731 sacriﬁciis
1179 1676 1390 1730 debent
1435 1673 1696 1728 adhiberi
1722 1689 1854 1743 quae

131 1769 328 1838 rejici.

209 1857 278 1909 II.
310 1855 476 1919 Quod
509 1854 568 1907 in
616 1853 968 1908 Eucharistia
1002 1870 1106 1908 nec
1136 1870 1281 1924 pura
1302 1868 1465 1923 aqua
1499 1866 1605 1904 nec
1639 1865 1852 1920 purum

132 1946 348 1999 vinum
383 1943 577 1997 offerri
607 1943 830 1996 debeat.

209 2033 314 2087 III.
342 2033 413 2087 Ut
442 2032 498 2084 in
529 2029 805 2085 sacriﬁcio
835 2031 1000 2101 panis
1039 2035 1095 2084 et
1119 2031 1317 2084 vinum
1342 2043 1473 2083 cum
1507 2041 1664 2098 aqua
1710 2024 1855 2079 mix-

133 2131 268 2177 tum
302 2120 597 2175 offeratur.

211 2211 306 2265 IV.
349 2211 415 2264 Ut
441 2209 582 2263 nihil
611 2207 770 2262 aliud
801 2207 859 2260 in
891 2207 1168 2262 sacriﬁcio
1218 2207 1494 2260 oﬁ‘eratur
1540 2203 1658 2258 nisi
1688 2203 1856 2273 panis

135 2306 193 2354 et
228 2300 434 2353 vinum
456 2313 601 2368 aqua
629 2296 895 2351 mixtum.

212 2388 274 2441 V.
309 2388 390 2441 De
439 2386 708 2456 passione
760 2385 989 2439 Domini
1027 2385 1085 2440 in
1131 2384 1563 2440 consecratione
1595 2379 1857 2451 corporis

138 2475 461 2532 miscenda.

211 2565 306 2618 VI.
361 2564 497 2628 Quae
553 2561 774 2633 species
803 2562 874 2616 ad
907 2562 1082 2615 altare
1113 2578 1231 2615 non
1263 2561 1335 2616 ad
1378 2560 1727 2616 sacriﬁcium
1759 2558 1856 2612 sed

131 2653 210 2706 ad
240 2650 710 2705 benedictionem
739 2650 1058 2720 simplicem
1086 2650 1424 2704 offerantur.

215 2739 334 2794 VII.
361 2740 438 2793 De
468 2741 667 2794 eadem
705 2755 785 2792 re.

211 2828 361 2882 VIII.
395 2827 546 2882 Nihil
574 2827 636 2881 in
685 2824 964 2881 sacriﬁcio
1000 2831 1210 2896 praeter
1236 2826 1393 2896 quod
1427 2824 1709 2880 Dominus
1742 2827 1857 2876 sta-

135 2917 256 2972 tuit
299 2915 676 2970 oﬁerendum.

216 3007 306 3060 IX.
345 3006 414 3059 Ut
442 3003 762 3075 presbyteri
781 3019 880 3056 vas
903 3002 1186 3056 mundum
1216 3002 1473 3056 habeant
1519 2999 1619 3055 ubi
1649 3013 1857 3068 corpus

139 3094 384 3150 Domini
408 3109 535 3148 cum
575 3091 880 3163 diligentia
911 3092 1280 3145 recondatur.

218 3180 285 3234 X.
316 3179 387 3233 Ut
427 3177 726 3248 presbyter
776 3175 1193 3230 Eucharistiam
1223 3176 1284 3229 in
1318 3177 1595 3244 promptu
1626 3169 1852 3225 habeat.

218 3269 313 3324 XI.
345 3269 450 3322 Tot
473 3265 793 3322 oblationes
837 3268 978 3335 quot
1013 3266 1226 3335 pepulo
1277 3263 1567 3317 sufﬁciant
1608 3261 1858 3316 oﬁeren-

142 3360 275 3423 das,
310 3356 534 3411 relictas
555 3356 614 3409 in
651 3353 965 3408 crastinum
995 3368 1111 3406 non
1167 3352 1563 3406 reservandas.

223 3447 340 3502 XII.
400 3445 728 3500 Oblationes
773 3442 842 3496 de
899 3440 1131 3495 sabbato
1186 3441 1250 3495 in
1316 3440 1616 3495 sabbatum
1681 3437 1858 3491 inno-

140 3536 390 3592 vandas.

222 3624 366 3678 XIII.
402 3623 471 3677 Ut
496 3624 780 3692 praesente
811 3623 867 3672 et
909 3617 1278 3690 praecipiente
1323 3617 1680 3688 presbytero,
1729 3614 1857 3669 dia-

143 3729 338 3769 conus
367 3709 646 3782 pOpulum
671 3706 1076 3763 communicet.

225 3801 360 3856 XIV.
392 3799 551 3864 Quod
601 3795 866 3852 discretio
917 3811 1126 3864 magna
1175 3811 1298 3849 esse
1355 3795 1562 3849 debeat
1611 3793 1681 3847 de
1721 3808 1859 3864 per-

145 3891 422 3960 ceptione
450 3887 706 3958 corporis
741 3890 798 3939 et
827 3883 1124 3954 sanguinis
1163 3883 1464 3938 Dominici.

225 3979 336 4033 XV.
374 3979 451 4031 De
478 3975 816 4047 quotidiana
844 3972 1215 4044 perceptione
1253 3971 1642 4027 Eucharistim.

223 4067 361 4122 XVI.
397 4067 472 4119 De
504 4066 704 4120 eadem
744 4079 828 4118 re.

227 4156 389 4212 XVII.
426 4154 575 4208 Laici
605 4159 693 4207 ter
721 4151 1029 4205 minimum
1060 4149 1120 4204 in
1151 4165 1301 4203 anno
1339 4146 1782 4204 communicent.

226 4243 419 4300 XVIII.
475 4247 563 4297 An
595 4239 1012 4296 Eucharistiam
1071 4238 1171 4309 qui
1200 4253 1428 4308 semper
1471 4239 1684 4308 peccat,
1716 4248 1858 4287 sem-

149 4350 262 4406 per
284 4333 544 4402 accipere
577 4330 799 4386 debeat.

225 4422 363 4478 XIX.
417 4419 574 4484 Quod
632 4417 872 4489 singulis
905 4416 1106 4471 diebus
1144 4413 1455 4468 Dominicis
1501 4413 1562 4466 in
1601 4410 1858 4476 Quadra-

149 4511 381 4583 gesima
409 4508 604 4563 ﬁdeles
627 4505 1092 4577 communicandi
1121 4505 1253 4558 sint.

226 4601 333 4654 XX.
403 4599 474 4652 Ut
531 4598 590 4650 in
641 4613 804 4652 coena
851 4593 1078 4650 Domini
1140 4589 1508 4647 Eucharistia:
1563 4587 1856 4660 perceptio

151 4705 280 4743 non
303 4687 649 4758 negligatur.

226 4776 363 4832 XXI.
418 4775 494 4829 De
542 4773 913 4828 histrionibus
967 4775 1023 4826 et
1048 4769 1253 4841 magis,
1287 4784 1356 4822 an
1388 4765 1855 4821 communionem

147 4882 288 4920 cum
326 4863 541 4918 caeteris
582 4861 848 4916 ﬁdelibus
895 4858 1152 4929 accipere
1183 4856 1456 4911 debeant.

222 4952 380 5007 XXII.
437 4950 618 5015 Quam
660 4950 758 5003 diu
808 4946 1206 5018 unusquisque
1253 4948 1384 4998 ante
1432 4957 1650 4996 sacram
1698 4956 1852 4994 com-

145 5041 494 5097 munionem
531 5039 600 5092 ab
628 5053 802 5092 uxore
833 5053 892 5090 se
923 5035 1211 5089 abstinere
1242 5033 1465 5087 debeat.

224 5129 406 5184 XXIII.
439 5127 602 5192 Quod
641 5127 792 5180 inter
838 5123 1151 5178 catholicos
1199 5137 1313 5175 non
1379 5121 1854 5185 connumeretur,

146 5218 255 5290 qui
298 5218 359 5271 in
409 5216 530 5270 istis
577 5213 951 5286 temporibus,
997 5209 1228 5276 Pascha,
1284 5210 1638 5276 Pentecoste,
1669 5205 1854 5261 Natali

149 5305 388 5364 Domini
413 5321 532 5359 non
557 5299 1084 5358 communicaverit.

221 5394 398 5452 XXIV.
429 5394 498 5448 Ut
526 5391 738 5448 oblatio
769 5389 963 5446 altaris
1001 5385 1242 5458 singulis
1293 5384 1604 5441 Dominicis
1650 5384 1854 5440 diebus

149 5488 272 5542 ﬁat.

219 5573 372 5630 XXV.
404 5573 482 5628 De
513 5570 718 5628 eadem
759 5584 840 5624 re.

2036 1589 2208 1642 XXVI.
2271 1591 2346 1642 De
2395 1589 2730 1644 diaconibus
2783 1591 2936 1660 quod
2997 1592 3342 1661 presbyteris
3411 1609 3671 1647 commu-

1964 1675 2195 1731 nionem
2233 1677 2369 1730 dare
2400 1693 2520 1730 non
2553 1679 2818 1732 debeant.

2035 1765 2235 1820 XXVII.
2275 1767 2351 1819 De
2382 1765 2630 1835 eulogiis
2664 1768 2892 1836 populis
2923 1785 2956 1820 a
3002 1769 3336 1839 presbytero
3375 1769 3600 1823 dandis.

2035 1852 2260 1906 XXVIII.
2292 1853 2488 1909 Oratio
2522 1854 2762 1924 simplex
2793 1855 3056 1924 eulogiae.

2035 1941 2205 1994 XXIX.
2237 1942 2316 1994 De
2345 1957 2494 2012 pane
2534 1942 2634 2012 qui
2665 1942 2993 1996 oll'erendus
3025 1950 3128 1998 est.

2035 2029 2184 2084 XXX.
2237 2031 2315 2082 De
2360 2029 2709 2099 presbyteris
2772 2030 2869 2100 qui
2919 2048 3126 2102 corpus
3175 2033 3537 2086 Dominicum
3599 2031 3667 2086 ad

1965 2114 2343 2171 deferendum
2373 2117 2620 2170 inﬁrmis
2654 2118 3006 2172 mulierculis
3049 2120 3301 2174 tradunt.

2037 2206 2205 2260 XXXI.
2235 2207 2306 2260 Ut
2336 2205 2616 2260 defunctis
2648 2207 3000 2260 Eucharistia
3031 2224 3143 2261 non
3176 2209 3361 2262 detur.

2036 2295 2231 2348 XXXII.
2267 2295 2335 2348 Ut
2366 2294 2684 2349 oblationes
2736 2295 2794 2349 in
2843 2295 3158 2367 majoribus
3205 2296 3363 2351 festis
3422 2297 3493 2350 ab
3550 2312 3676 2350 om-

1971 2382 2156 2449 nibus,
2194 2389 2303 2437 etc.

2037 2471 2260 2524 XXXIII.
2317 2473 2474 2537 Quod
2536 2474 2813 2528 ministris
2844 2473 3040 2528 altaris
3083 2491 3257 2545 supra
3314 2475 3490 2528 altare
3539 2475 3674 2528 solis

1967 2559 2396 2615 communicare
2422 2562 2604 2616 liceat.

2034 2648 2224 2702 XXXV.
2292 2649 2360 2702 Ut
2418 2651 2608 2703 nullus
2673 2649 2821 2704 infra
2895 2649 3296 2720 presbyterum
3374 2651 3673 2706 ordinatus

1968 2752 2091 2790 rem
2123 2753 2156 2789 a
2193 2737 2526 2806 presbytero
2556 2743 2948 2792 consecratam
2981 2739 3148 2793 alteri
3179 2741 3456 2810 porrigat.

2039 2826 2228 2878 XXXV.
2288 2826 2367 2879 De
2427 2826 2539 2879 illis
2584 2826 2683 2896 qui
2713 2833 2844 2898 post
2905 2827 3158 2897 aliquam
3217 2828 3673 2899 degustationem

1968 2913 2311 2967 sacriﬁcium
2336 2918 2676 2984 acceperint.

2037 3001 2253 3055 XXXVI.
2281 3003 2349 3057 Ut
2399 3003 2698 3074 presbyter
2741 3003 3042 3058 illiteratus
3100 3004 3326 3059 Missam
3383 3005 3671 3060 celebrare

1891 3082 1931 3136 C
1972 3105 2086 3142 non
2119 3089 2342 3144 debeat.

2041 3179 2283 3233 XXXVII.
2330 3182 2436 3234 Pro
2489 3179 2661 3234 unius
2710 3181 3000 3236 oblatione
3059 3181 3297 3236 alterius
3345 3198 3459 3236 non
3511 3199 3668 3252 sper-

1970 3265 2241 3321 nendam.

1994 3429 1996 3432 ι
2035 3356 2304 3410 XXXVIII.
2347 3359 2415 3411 Ut
2459 3357 2864 3413 dissidentium
2894 3359 3136 3413 fratrum
3187 3359 3504 3414 oblationes
3551 3375 3669 3413 non

1968 3444 2338 3513 recipiantur.

2038 3533 2246 3586 XXXIX.
2301 3534 2369 3586 Ut
2413 3533 2716 3588 refutanda
2765 3534 2880 3589 sint
2928 3551 3132 3590 eorum
3179 3537 3331 3589 dona
3374 3536 3474 3607 qui
3523 3553 3670 3607 pau-

1969 3636 2134 3692 peres
2164 3621 2523 3691 opprimunt.

2038 3710 2144 3764 XL.
2179 3709 2254 3762 De
2288 3708 2637 3778 presbyteris
2677 3708 3129 3765 immolantibus.

2037 3796 2166 3850 XLI.
2203 3796 2279 3850 De
2311 3795 2510 3850 eadem
2543 3812 2622 3849 re.

2037 3885 2188 3939 XLII.
2223 3886 2301 3938 De
2349 3885 2697 3956 presbyteris
2733 3885 2942 3956 quibus
2974 3886 3120 3940 solet
3145 3885 3485 3940 dormienda
3514 3903 3666 3958 saepe

1969 3989 2166 4027 semen
2199 3973 2455 4027 efﬂuere.

2037 4061 2214 4114 XLIII.
2247 4061 2324 4114 De
2354 4060 2554 4114 eadem
2586 4075 2664 4114 re.

2037 4148 2214 4210 XLI,V.
2250 4150 2328 4203 De
2367 4148 2714 4220 presbyteris
2758 4149 2984 4204 villanis
3016 4148 3062 4203 si
3108 4148 3168 4203 in
3199 4148 3427 4204 civitate
3460 4150 3667 4204 offerre

1970 4237 2237 4291 audeant.

1887 4354 1932 4408 Β
2040 4326 2186 4379 XLV.
2224 4325 2304 4378 De
2327 4325 2526 4379 eadem
2557 4340 2637 4378 re.

2038 4414 2210 4468 XLVI.
2255 4415 2334 4467 De
2392 4413 2505 4467 illis
2561 4412 2662 4484 qui
2708 4429 2813 4483 per
2860 4413 3195 4467 ebrietatem
3254 4413 3668 4468 Eucharistiam

1970 4501 2346 4556 evomuerint.

2038 4591 2242 4645 XLVII.
2279 4591 2357 4644 De
2383 4590 2491 4644 hoc
2521 4589 2568 4643 si
2603 4588 2825 4661 aliquid
2874 4589 2943 4642 de
3001 4588 3174 4642 calice
3206 4590 3348 4644 sacri
3378 4591 3672 4660 sanguinis

1967 4679 2283 4733 stillaverit.

2036 4767 2262 4822 XLVIII.
2295 4768 2371 4822 De
2395 4767 2493 4820 illo
2530 4765 2629 4836 qui
2655 4764 2870 4820 evomit
2901 4764 3246 4819 sacriﬁcium
3275 4769 3333 4819 et
3363 4783 3396 4818 a
3425 4766 3662 4820 canibus

1965 4855 2346 4910 consumitur.

2031 4946 2205 5000 XLIX.
2244 4946 2319 4998 De
2351 4944 2551 4997 eadem
2580 4958 2664 4996 re.

2037 5035 2095 5088 L.
2133 5035 2211 5086 De
2246 5031 2602 5087 Eucharistia
2631 5031 2972 5085 inveterata.

2036 5121 2120 5176 LI.
2155 5121 2234 5174 De
2262 5120 2378 5174 illis
2430 5119 2531 5190 qui
2588 5135 2704 5174 non
2755 5118 2903 5173 bene
2961 5116 3341 5172 custodierint
3385 5133 3591 5189 corpus
3622 5133 3678 5184 et

1963 5209 2302 5279 sanguinem
2336 5207 2580 5262 Domini.

2037 5298 2148 5351 LII.
2185 5297 2262 5350 De
2295 5296 2494 5351 eadem
2547 5312 2628 5350 re.

2035 5384 2173 5438 LIII.
2210 5383 2286 5437 De
2333 5383 2572 5437 muliere
2613 5398 2741 5452 quae
2791 5382 3056 5452 peperit,
3104 5386 3166 5435 ut
3212 5383 3594 5438 communicet
3639 5384 3686 5437 si

1960 5471 2226 5541 voluerit.

2423 5557 2636 5612 Indicis
2659 5558 3049 5628 capitulorum
3077 5559 3224 5626 ﬁnis.
