3976 6194
414 269 513 320 751

1479 264 1892 322 BURCHARDI
1930 265 2464 323 WORMACIENSIS
2502 268 2831 324 EPISCOPI.
3739 289 3822 338 75'2

1746 531 2586 637 BUBCHARDI

1403 715 2035 772 WORMACIENSIS
2087 718 2493 774 ECCLESL‘E
2553 719 2921 776 EPISCOPI

662 901 2014 1048 DECRETORUM
2083 870 2706 1048 LIBER
2811 906 3635 1078 QUINTUS

1096 1167 1197 1231 DE
1247 1165 1788 1232 SACRAMENTO
1841 1165 2225 1232 CORPORIS
2274 1167 2378 1232 ET
2428 1167 2860 1234 SANGUINIS
2911 1168 3222 1234 DOMINI.

899 1447 1383 1501 ARGUMENTUM
1415 1446 1602 1500 LIBRI

481 1556 649 1610 Liber
685 1555 776 1609 hic
810 1571 938 1625 quae
985 1554 1054 1607 ad
1092 1557 1512 1606 sacramentum
1561 1551 1930 1606 Eucharistia’.
1985 1569 2108 1624 spe-

407 1650 558 1698 ctant
585 1644 918 1714 plenissime
948 1646 1168 1708 tractat,
1201 1641 1342 1695 adeo
1378 1645 1439 1693 ut
1469 1639 1615 1694 nihil
1665 1640 1818 1710 quod
1849 1640 1919 1694 ad
1954 1641 2104 1695 hanc

406 1750 527 1788 rem
555 1734 754 1787 attinet
783 1731 1063 1802 requiras.

338 1822 341 1824 ﬁ
408 1842 536 1895 CAP.
565 1840 606 1893 Ι.
636 1871 703 1878 -
735 1839 885 1904 Quod
907 1853 1057 1892 omne
1104 1839 1304 1890 crimen
1333 1837 1618 1903 sacriﬁciis
1660 1837 1761 1889 Deo
1785 1823 1981 1889 oblatis
2011 1835 2102 1889 de-

478 1914 671 1976 leatur,
710 1925 932 1978 quaeque
975 1911 1034 1962 in
1085 1909 1370 1976 sacriﬁciis
1409 1908 1636 1961 debeant
1679 1907 1958 1975 adhiberi,
1987 1922 2106 1975 quae

479 1999 556 2050 re]
565 1999 654 2034 iet.

480 2072 590 2138 (Em
639 2069 864 2123 decretis
915 2069 1049 2121 Julii
1119 2083 1279 2136 papae
1339 2068 1601 2135 episcoPis
1663 2081 1763 2134 per
1813 2067 2106 2134 Egyptum

350 2184 358 2188 -
408 2157 635 2227 missis.)
667 2159 806 2212 Cum
858 2171 1028 2209 omne
1083 2155 1301 2208 crimen
1350 2157 1519 2224 atque
1565 2156 1861 2223 peccatum
1900 2152 2105 2206 oblatis

411 2250 524 2302 Deo
554 2246 845 2300 sacriﬁciis
871 2245 1148 2311 deleatur,
1197 2243 1334 2314 quid
1388 2241 1458 2295 de
1483 2247 1688 2294 catero
1739 2257 1842 2311 pro
1870 2240 2106 2294 delicto-

409 2353 538 2390 rum
585 2335 910 2405 expiatione
964 2333 1204 2386 Domino
1276 2331 1528 2394 dabitur,
1591 2332 1822 2400 quando
1867 2329 1928 2382 in
1983 2328 2108 2399 ipsa

408 2424 668 2478 sacriﬁcii
715 2421 1006 2476 oblatione
1054 2421 1313 2474 erratur?
1359 2418 1699 2472 Audivimus
1741 2417 1896 2471 enim
1934 2433 2107 2488 quos-

409 2514 540 2567 dam
579 2511 934 2566 schismatica
959 2509 1274 2563 ambitione
1307 2507 1587 2574 detentos,
1637 2511 1832 2560 contra
1881 2505 2108 2560 divinos

406 2601 635 2656 ordines
665 2605 722 2653 et
749 2598 1089 2669 apostolicas
1141 2596 1554 2664 institutiones,
1589 2596 1674 2648 lac
1721 2611 1824 2664 pro
1871 2594 2004 2648 vino
2046 2594 2107 2648 in

407 2690 613 2746 divinis
644 2687 934 2742 sacriﬁciis
991 2686 1275 2742 dedicare.
1329 2685 1483 2740 Alios
1527 2701 1758 2756 quoque
1807 2684 2104 2738 intinctam

405 2778 816 2833 Eucharistiam
851 2776 1096 2846 populis,
1136 2792 1240 2851 pro
1270 2775 1696 2844 complemento
1738 2773 2101 2827 communio-

403 2867 492 2922 nis
519 2867 837 2938 porrigere.
873 2865 1160 2928 Quosdam
1191 2864 1364 2917 etiam
1397 2879 1513 2915 non
1541 2877 1873 2931 expressum
1907 2861 2105 2914 vinum

405 2957 465 3010 in
493 2959 849 3009 sacramento
904 2952 1190 3006 Dominici
1234 2951 1425 3004 calicis
1477 2950 1701 3016 oﬁ'erre,
1745 2950 1841 3003 sed
1901 2949 2104 3002 oblatis

405 3044 531 3098 uvis
563 3045 808 3113 populos
855 3041 1301 3094 communicare.
1353 3039 1510 3093 Alios
1560 3055 1692 3092 vero
1740 3054 1998 3109 pannum
2034 3038 2104 3091 li-

405 3147 578 3184 neum
610 3134 798 3182 musto
830 3129 1158 3194 intinctum,
1193 3144 1296 3197 per
1325 3131 1508 3180 totum
1535 3142 1749 3180 annum
1789 3142 2104 3194 reservare,

406 3225 462 3272 et
489 3219 548 3271 in
577 3223 838 3286 tempore
870 3215 1130 3269 sacriﬁcii
1163 3231 1290 3268 cum
1314 3231 1462 3285 aqua
1490 3219 1710 3283 partem
1739 3214 1861 3284 ejus
1891 3214 2100 3282 lavare,

407 3311 464 3361 et
492 3307 570 3359 sic
601 3307 824 3360 oﬁ‘erre.
861 3305 1020 3365 Quod
1054 3321 1224 3374 quam
1258 3305 1332 3357 sit
1375 3302 1724 3373 Evangelicaa
1755 3310 1926 3373 atque
1966 3320 2105 3374 apo-

405 3395 618 3448 stolicze
649 3393 920 3448 doctrinae
972 3393 1343 3452 contrarium.
1396 3397 1452 3445 et
1496 3391 1899 3445 consuetudini
1940 3392 2105 3446 eccle-

405 3483 644 3536 siastica:
695 3483 1016 3548 adversum,
1060 3497 1172 3534 non
1204 3480 1434 3533 difﬁcile
1483 3480 1554 3534 ab
1581 3480 1705 3550 ipso
1750 3479 1906 3533 fonte
1956 3479 2102 3532 veri-

403 3571 533 3624 tatis
567 3569 925 3641 probabitur,
984 3585 1017 3621 a
1073 3585 1187 3639 quo
1232 3568 1492 3621 ordinata
1550 3568 1676 3638 ipsa
1726 3572 2106 3621 sacramento-

403 3676 533 3713 rum
591 3659 861 3730 mysteria
929 3662 1341 3727 processerunt.
1396 3659 1536 3712 Cum
1612 3656 1764 3710 enim
1834 3657 2105 3727 magister

402 3747 668 3801 Veritatis
729 3762 926 3799 verum
1003 3745 1201 3798 salutis
1282 3749 1492 3799 nostras
1530 3745 1532 3747 ’
1568 3745 1912 3800 sacriﬁcium
1987 3745 2104 3799 suis

402 3835 834 3890 commendaret
905 3834 1221 3903 discipulis,
1290 3851 1408 3887 non
1490 3833 1602 3886 illis
1659 3834 1762 3901 lac,
1835 3834 1933 3888 sed
2001 3849 2104 3910 pa-

403 3941 536 3979 nem
570 3928 814 3988 tantum,
847 3928 904 3976 et
933 3923 1168 3976 calicem
1201 3923 1305 3975 sub
1338 3923 1445 3975 hoc
1497 3927 1851 3976 sacramento
1883 3938 2106 3993 cogno-

402 4014 632 4079 scimus,
682 4013 926 4066 dedisse.
983 4011 1212 4081 Legitur
1266 4010 1420 4063 enim
1463 4009 1524 4062 in
1583 4011 1910 4082 evangelica
1957 4012 2100 4065 veri-
2137 4015 2176 4069 C

400 4107 517 4157 tate
545 4119 559 4156 :
593 4101 822 4170 Accepit
851 4101 1010 4152 Jesus
1047 4115 1258 4169 panem
1289 4105 1346 4151 et
1375 4098 1628 4167 calicem,
1669 4103 1725 4152 et
1758 4100 2100 4154 benedicens

402 4191 557 4244 dedit
617 4188 912 4257 discipulis
970 4188 1104 4240 suis.
1173 4188 1362 4242 Cesset
1406 4203 1541 4257 ergo
1588 4189 1674 4240 lac
1725 4175 2098 4242 sacrificando

401 4278 612 4341 offerri,
650 4276 784 4347 quia
809 4276 1179 4329 manifestum
1213 4280 1271 4328 et
1300 4275 1531 4328 evidens
1558 4277 1886 4346 exemplum
1917 4277 2098 4330 Evan-

401 4367 598 4438 gelicaa
628 4365 883 4418 veritatis
913 4363 1119 4428 illuxit,
1154 4364 1303 4434 quod
1336 4373 1547 4434 praeter
1575 4381 1783 4434 panem
1818 4370 1875 4419 et
1902 4365 2098 4420 vinum

399 4456 554 4510 aliud
606 4454 800 4508 oﬁerri
830 4470 947 4507 non
994 4453 1178 4506 liceat.
1235 4453 1381 4506 Illud
1437 4469 1570 4506 vero
1621 4453 1776 4524 quod
1804 4470 1906 4525 pro
1940 4470 2096 4507 eom-

397 4545 694 4615 plemento
763 4541 1184 4596 communionis
1239 4541 1537 4594 intinctam
1590 4541 1822 4595 tradunt
1876 4543 2096 4596 Eucha-

397 4633 618 4687 ristiam
671 4631 918 4702 populis,
977 4647 1082 4684 nec
1131 4630 1236 4683 hoc
1293 4630 1584 4700 prolatum
1663 4646 1732 4683 ex
1801 4630 2097 4701 evangelio

395 4721 795 4776 testimonium
824 4723 1182 4789 receperunt,
1231 4718 1334 4771 ubi
1373 4717 1644 4788 apostolis
1675 4733 1879 4787 corpus
1928 4734 2096 4772 suum

397 4815 452 4864 et
479 4808 820 4879 sanguinem
847 4805 1286 4872 commendavit,
1337 4823 1595 4860 seorsum
1636 4805 1792 4859 enim
1822 4806 2007 4875 panis,
2042 4811 2100 4861 et

395 4914 656 4952 seorsum
693 4895 883 4951 calicis
929 4894 1348 4949 commendatio
1404 4899 1772 4948 memoratur.
1818 4895 1960 4948 Nam
2007 4895 2095 4948 in-

393 4987 633 5041 tinctum
668 5001 874 5057 panem
922 4983 1047 5038 aliis
1089 4984 1376 5037 Christum
1424 4983 1737 5053 praebuisse
1788 4999 1907 5037 non
1955 4983 2094 5054 legi-

393 5091 541 5139 mus,
573 5080 810 5144 excepto
854 5073 939 5127 illi
995 5077 1220 5126 tantum
1279 5071 1578 5142 discipulo,
1632 5087 1804 5142 quem
1853 5072 2096 5126 intincta

393 5163 616 5218 bucella
655 5162 918 5232 magistri
976 5160 1329 5231 proditorem
1385 5160 1735 5226 ostenderet,
1793 5177 1909 5215 non
1965 5177 2095 5232 quas

394 5251 736 5306 sacramenti
762 5252 934 5320 hujus
969 5248 1389 5303 institutionem
1434 5249 1705 5319 signaret.
1760 5251 1903 5304 Nam
1936 5250 2089 5321 quod

394 5339 464 5394 de
494 5355 758 5410 expresso
789 5339 976 5403 botro,
1010 5337 1067 5392 id
1097 5342 1181 5390 est
1217 5337 1285 5391 de
1323 5353 1564 5391 uvarum
1609 5337 1804 5409 granis
1842 5338 2091 5409 populus

391 5428 853 5483 communicatur
902 5426 1061 5479 valde
1115 5431 1200 5479 est
1247 5426 1484 5480 omnino
1549 5427 1871 5495 confusum,
1907 5426 2009 5482 sed
2045 5428 2090 5480 si

389 5531 619 5572 necesse
647 5514 840 5583 fuerit,
863 5513 1059 5568 botrus
1087 5513 1148 5568 in
1176 5513 1350 5568 calice
1379 5513 1810 5584 comprimatur,
1854 5519 1911 5569 et
1943 5530 2091 5585 aqua

2130 1450 2177 1503 Α
2214 1447 2520 1501 misceatur
2555 1463 2569 1500 :
2629 1447 2766 1518 quia
2805 1447 2949 1501 calix
2999 1446 3327 1501 Dominicus
3369 1448 3521 1518 juxta
3558 1450 3832 1504 canonicum

2212 1541 2568 1605 praeceptum
2605 1537 2736 1590 vino
2789 1543 2846 1589 et
2890 1552 3040 1606 aqua
3094 1535 3406 1606 permixtus
3448 1537 3606 1590 debet
3643 1537 3830 1590 oﬁ'erri:

2213 1624 2345 1694 quia
2364 1625 2622 1678 videmus
2653 1626 2710 1678 in
2738 1641 2887 1695 aqua
2910 1625 3185 1695 populum
3221 1625 3480 1695 intelligi,
3512 1624 3565 1677 in
3593 1625 3707 1678 vino
3733 1642 3832 1678 vero

2213 1713 2438 1766 ostendi
2470 1714 2810 1782 sanguinem
2835 1713 3062 1767 Christi.
3095 1714 3238 1783 Ergo
3271 1729 3399 1766 cum
3428 1713 3484 1766 in
3505 1714 3661 1767 calice
3682 1714 3829 1766 vinum

2213 1818 2362 1871 aqua
2388 1801 2712 1868 misceatur,
2757 1801 3002 1873 Christo,
3038 1803 3285 1872 populus
3343 1803 3626 1867 adunatur,
3657 1805 3705 1855 et
3739 1818 3831 1854 cre-

2213 1890 2474 1943 dentium
2507 1890 2666 1960 plebs
2691 1889 2742 1942 ei
2767 1890 2828 1943 in
2859 1907 3032 1960 quem
3061 1890 3306 1944 credidit
3334 1890 3635 1960 copulatur,
3665 1894 3709 1944 et
3727 1891 3832 1959 jun-

2213 1978 2385 2049 gitur.
2419 1978 2558 2042 Quae
2604 1979 2889 2049 copulatio
2921 1983 2977 2032 et
3024 1979 3352 2049 conjunctio
3400 1994 3554 2048 aquae
3591 1983 3638 2032 et
3661 1978 3755 2031 viui
3778 1978 3835 2030 sic

2212 2067 2486 2121 miscetur
2514 2067 2574 2120 in
2620 2068 2791 2120 calice
2847 2067 3092 2135 Domini,
3152 2071 3214 2120 ut
3256 2067 3573 2120 commixtio
3623 2067 3705 2120 illa
3751 2081 3834 2119 non

2211 2155 2392 2226 possit
2419 2155 2690 2226 separari.
2754 2156 2895 2209 Nam
2924 2155 2970 2208 si
3000 2155 3196 2209 vinum
3247 2160 3470 2209 tantum
3511 2155 3628 2225 quis
3663 2154 3834 2215 otierat,

2214 2243 2448 2313 sanguis
2523 2244 2730 2298 Christi
2779 2244 2982 2314 incipit
3036 2260 3157 2298 esse
3214 2244 3336 2298 sine
3390 2244 3587 2298 nobis:
3646 2242 3687 2296 si
3733 2257 3834 2294 vero

2214 2348 2361 2403 aqua
2391 2331 2461 2385 sit
2489 2333 2628 2399 sola,
2683 2333 2844 2402 plebs
2891 2333 3093 2402 incipit
3134 2348 3259 2386 esse
3310 2332 3430 2386 sine
3477 2331 3698 2386 Christo.
3726 2329 3837 2396 Ergo

2213 2419 2442 2490 quando
2472 2419 2668 2473 botrus
2684 2421 2840 2474 solus
2876 2420 3133 2488 offertur,
3166 2421 3224 2473 in
3255 2437 3369 2490 quo
3400 2419 3515 2472 vini
3534 2423 3732 2471 tantum
3749 2416 3841 2468 eili-

2214 2507 2399 2561 centia
2463 2507 2909 2575 demonstratur,
2971 2510 3168 2562 salutis
3232 2515 3438 2562 nostrae
3488 2508 3841 2561 sacramentum

2212 2594 2543 2666 negligitur,
2588 2597 2744 2667 quod
2791 2612 2894 2666 per
2924 2613 3132 2667 aquam
3165 2597 3538 2668 signiﬁcatur.
3584 2596 3691 2649 Non
3728 2592 3845 2646 enim

2215 2688 2402 2753 potest
2429 2683 2570 2737 calix
2607 2684 2836 2737 Domini
2867 2701 2988 2738 esse
3017 2701 3166 2755 aqua
3197 2687 3340 2750 sola,
3365 2691 3460 2739 aut
3481 2684 3659 2737 vinum
3683 2682 3844 2740 solum,

2214 2772 2327 2825 nisi
2359 2777 2666 2842 utrumque
2694 2773 3019 2827 misceatur.
3086 2776 3150 2828 Et
3178 2774 3332 2840 ideo,
3390 2773 3518 2844 quia
3541 2774 3652 2842 jam
3679 2787 3734 2823 ex
3767 2769 3847 2822 hoc

2213 2860 2462 2931 plurima
2491 2866 2548 2914 et
2577 2861 2877 2931 multiplex
2937 2862 3215 2932 majorem
3277 2863 3556 2917 emanavit
3595 2856 3843 2916 sententia,

2214 2950 2482 3020 deinceps
2514 2950 2701 3003 omnis
2728 2951 2858 3004 talis
2886 2967 3047 3005 error
3073 2957 3248 3022 atque
3286 2950 3646 3022 praesumptio
3675 2959 3845 3001 cessare

2215 3038 2404 3103 debet,
2441 3054 2511 3092 ne
2541 3054 2936 3107 perversorum
2984 3040 3314 3095 inordinata
3369 3054 3635 3110 compago
3685 3040 3847 3090 statum

2213 3126 2468 3180 veritatis
2526 3132 2778 3180 enervet.
2833 3129 2896 3182 Et
2925 3129 3052 3183 ideo
3111 3131 3338 3184 nullum
3389 3130 3644 3198 deinceps
3676 3123 3848 3178 licitum

2215 3213 2324 3268 erit
2356 3214 2510 3269 aliud
2541 3215 2598 3268 in
2643 3215 2849 3269 divinis
2893 3218 3064 3271 sacris
3117 3218 3346 3286 offerre,
3395 3217 3506 3271 nisi
3552 3217 3700 3286 juxta
3746 3210 3848 3264 anti-

2213 3317 2462 3370 quorum
2488 3303 2832 3356 sententiam
2874 3305 3269 3372 conciliorum,
3307 3320 3513 3376 panem
3559 3305 3774 3364 tantum,
3811 3299 3848 3346 et

2213 3391 2446 3445 calicem
2477 3393 2606 3445 vino
2633 3397 2688 3446 et
2729 3409 2878 3463 aqua
2936 3393 3305 3464 permixtum.
3365 3397 3441 3449 De
3490 3396 3677 3446 caetero
3729 3386 3850 3440 aliter

2214 3495 2386 3551 quam
2441 3485 2793 3550 praeceptum
2851 3487 2937 3534 est
2980 3482 3214 3550 faciens,
3288 3481 3487 3536 tandiu
3545 3471 3848 3532 sacriﬁcando

2212 3567 2473 3633 cessabit,
2560 3569 2818 3638 quandiu
2899 3570 3154 3640 legitima
3243 3569 3594 3642 pmnitenties
3674 3563 3850 3618 satisfa-

2212 3657 2401 3710 ctione
2430 3662 2726 3727 correptus
2759 3658 2829 3712 ad
2877 3660 3087 3730 gradus
3117 3659 3205 3713 sui
3253 3660 3507 3714 ofﬁcium
3535 3655 3714 3711 redeat
3736 3646 3848 3722 quod

2213 3744 2421 3798 amisit.

2214 3889 2340 3943 CAP.
2382 3889 2452 3942 II.
2487 3920 2556 3928 —
2588 3889 2745 3954 Quod
2789 3891 2849 3944 in
2885 3891 3241 3945 Eucharistia
3283 3906 3379 3945 nec
3415 3904 3558 3960 pura
3599 3900 3746 3956 aqua,
3784 3894 3846 3934 MC

2624 3993 2826 4047 parum
2854 3981 3040 4033 vinum
3067 3978 3256 4048 offerri
3285 3980 3493 4033 debeat.

2283 4101 2400 4171 (Ea:
2427 4101 2611 4155 concil.
2652 4101 3058 4170 Wormaciensi,
3113 4117 3244 4171 cap.
3313 4102 3392 4171 2.)
3453 4102 3512 4154 ln
3561 4091 3847 4153 Eucharistia

2210 4204 2325 4242 non
2356 4189 2526 4243 debet
2567 4204 2715 4259 pura
2765 4206 2915 4260 aqua
2953 4190 3168 4256 offerri,
3221 4195 3284 4245 ut
3316 4190 3550 4261 quidam
3583 4179 3847 4239 sobrietatis

2206 4293 2374 4331 causa
2404 4277 2702 4343 falluntur,
2735 4278 2836 4332 sed
2864 4278 3064 4332 vinum
3097 4295 3226 4332 cum
3259 4295 3414 4350 aqua
3445 4277 3676 4332 mixtum
3706 4289 3717 4328 :
3748 4267 3850 4338 quia

2209 4369 2266 4420 et
2290 4366 2490 4420 vinum
2522 4367 2631 4421 fuit
2659 4367 2718 4420 in
2762 4367 3177 4438 redemptionis
3207 4373 3423 4422 nostra).
3463 4362 3730 4436 mysterio,
3753 4369 3847 4410 cum

2209 4456 2346 4510 dicit
2378 4471 2390 4509 :
2423 4458 2545 4510 Non
2577 4455 2770 4509 bibam
2802 4456 2872 4510 de
2900 4457 3008 4510 hoc
3038 4457 3336 4527 genimine
3366 4455 3515 4522 vitis,
3546 4459 3601 4508 et
3629 4465 3757 4522 aqua
3777 4442 3851 4499 mi-

2208 4550 2392 4613 xtum,
2419 4545 2572 4616 quod
2619 4550 2750 4615 post
2804 4561 3023 4599 coenam
3081 4545 3269 4600 dabat.
3329 4545 3443 4600 Sed
3481 4545 3548 4598 de
3576 4543 3734 4596 latere
3760 4535 3852 4602 ejus

2207 4649 2356 4704 aqua
2389 4615 2532 4687 [cum
2580 4634 2858 4705 sanguine
2908 4650 3158 4704 egressa,
3201 4635 3404 4688 vinum
3453 4633 3521 4688 de
3545 4646 3670 4686 vera
3708 4621 3854 4680 carnis

2208 4723 2328 4792 ejus
2362 4722 2476 4776 vite
2509 4738 2641 4776 cum
2684 4739 2834 4792 aqua
2863 4739 3195 4792 expressum
3245 4723 3516 4777 ostendit.
3552 4721 3683 4774 Cum
3717 4713 3856 4784 igitur

2206 4811 2476 4882 magister
2524 4811 2780 4866 veritatis
2822 4828 3023 4866 verum
3073 4813 3270 4867 salutis
3314 4817 3524 4866 nostra:
3567 4801 3858 4862 sacriﬁcium

2207 4900 2323 4954 suis
2351 4902 2780 4956 commendaret
2809 4901 3120 4972 discipulis,
3164 4918 3377 4972 panem
3426 4904 3641 4954 tantum
3677 4899 3726 4947 et
3752 4887 3858 4942 cali-

2205 5005 2330 5044 cem
2370 4991 2475 5044 sub
2533 4990 2641 5043 hoc
2687 4995 3041 5044 sacramento
3111 4989 3426 5061 praebuisse
3475 4981 3855 5057 cognoscimus:

2204 5078 2450 5148 ideoque
2481 5083 2692 5148 praeter
2722 5095 2930 5149 panem
2961 5083 3016 5132 et
3042 5079 3236 5133 vinum
3279 5094 3413 5133 cum
3445 5092 3592 5148 aqua
3635 5072 3853 5126 mixtum.

2204 5165 2361 5219 aliud
2391 5165 2581 5220 offerri
2609 5181 2728 5220 non
2759 5167 2946 5221 debet.
2994 5167 3150 5222 Calix
3197 5167 3354 5221 enim
3409 5162 3719 5220 Dominicus
3752 5155 3853 5209 vino

2204 5256 2262 5305 et
2287 5268 2436 5322 aqua
2483 5252 2824 5305 commixtus
2877 5253 3046 5307 debet
3083 5253 3275 5307 offerri
3308 5269 3322 5306 :
3358 5251 3493 5323 quia
3539 5249 3773 5302 videmus
3811 5239 3852 5290 in

2203 5355 2352 5410 aqua
2382 5341 2666 5411 populum
2696 5340 2961 5411 intelligi,
2989 5341 3049 5394 in
3078 5342 3207 5395 vino
3237 5357 3374 5395 vero
3415 5336 3629 5393 ostendi
3663 5325 3851 5400 sangui-

2200 5444 2335 5482 nem
2365 5427 2591 5482 Christi.
2627 5429 2775 5499 Ergo
2810 5430 3042 5500 quando
3071 5429 3134 5484 in
3155 5430 3330 5484 calice
3361 5428 3494 5483 vino
3524 5440 3664 5496 aqua
3685 5420 3852 5475 misce-

2198 5519 2312 5583 tur,
2355 5516 2575 5572 Christo
2616 5518 2862 5589 populus
2901 5517 3210 5589 adunatur,
3241 5523 3302 5573 et
3335 5514 3678 5572 credentium
3723 5503 3854 5579 plebs
