3976 6194
128 280 232 333 753

1105 276 1578 333 DECRETORUM
1618 278 1805 333 LIBRI
1842 279 1949 332 XX.
1980 307 2047 317 -—-
2087 278 2299 333 LIBER
2337 277 2652 341 QUINTUS.

3526 281 3635 333 ’754-

129 402 179 455 ei
211 402 275 455 in
304 416 479 473 quem
510 400 750 454 credidit
791 401 1094 471 copulatur
1124 404 1177 454 et
1217 400 1504 471 jungitur.
1556 401 1691 464 Qum
1722 417 1824 454 co-
1857 403 1903 455 A
1940 402 2208 455 omnibus
2258 402 2601 455 veneranda.
2637 403 2704 455 Et
2746 400 2891 456 sicut
2919 401 3112 471 potior
3141 408 3227 456 est
3258 402 3476 457 caeteris
3509 420 3521 457 :
3554 403 3635 457 ita

128 490 347 561 palatio
392 495 448 543 et
497 491 826 560 conjunctio
877 506 1042 560 aquas
1075 499 1129 543 et
1174 489 1293 542 vini
1325 490 1404 542 sic
1460 491 1730 543 miscetur
1774 490 1833 542 in

132 579 303 632 calice
337 578 593 645 Domini,
618 584 683 631 ut
711 579 1040 631 commixtio
1076 578 1173 631 illa
1204 594 1317 631 non
1348 578 1528 648 possit
1556 576 1827 647 separari.

134 669 272 720 Nam
306 668 351 720 si
382 667 579 719 vinum
624 670 850 719 tantum
896 666 1024 736 quis
1072 666 1292 735 offerat,
1341 666 1573 736 sanguis
1624 659 1833 719 Christi

131 756 333 826 incipit
362 771 482 809 esse
533 756 658 809 sine
707 755 890 808 nobis.
924 754 981 808 Si
1010 771 1143 808 vero
1189 764 1337 825 aqua
1371 754 1442 808 sit
1489 756 1627 821 sola,
1672 754 1832 824 plebs

132 844 331 913 incipit
357 860 476 896 esse
521 844 643 896 sine
672 843 913 897 Christo.
958 843 1082 895 Non
1120 848 1308 911 potest
1341 842 1493 896 enim
1540 843 1683 895 calix
1717 844 1832 896 Do-

136 933 279 986 mini
313 949 432 986 esse
465 949 614 1003 aqua
659 933 780 986 sola
803 936 901 985 aut
920 932 1117 985 vinum
1144 932 1349 998 solum,
1380 931 1490 984 nisi
1518 937 1831 1001 utrumque

136 1021 243 1075 sibi
270 1021 597 1075 misceatur.

138 1148 261 1200 CAP.
299 1147 388 1200 III.
426 1176 486 1185 —
526 1148 593 1200 Ut
640 1147 699 1199 in
724 1147 990 1214 sacri/icio
1035 1148 1197 1215 panis
1227 1150 1277 1199 et
1316 1148 1501 1200 vinum
1537 1162 1654 1199 cum
1686 1161 1831 1215 aqua

812 1220 1045 1271 mixtum
1085 1217 1366 1285 offeratur.

204 1324 313 1393 (Ea:
356 1324 544 1378 concil.
596 1325 878 1392 Carthag.,
913 1340 1032 1393 cap.
1089 1323 1204 1391 23.)
1243 1325 1312 1377 Ut
1359 1322 1418 1376 in
1461 1322 1831 1376 sacramentis

138 1410 389 1481 corporis
418 1416 475 1464 et
502 1412 800 1481 sanguinis
832 1410 1059 1464 Domini
1106 1411 1249 1464 nihil
1281 1410 1526 1480 amplius
1557 1410 1832 1463 offeratur

140 1514 308 1569 quam
356 1500 511 1568 quod
560 1499 683 1567 ipse
728 1498 999 1552 Dominus
1050 1497 1206 1562 dicit,
1259 1499 1366 1551 hoc
1410 1502 1512 1563 est,
1563 1496 1727 1567 panis
1777 1501 1833 1550 et

136 1588 326 1641 vinum
371 1603 524 1657 aqua
544 1588 786 1640 mixtum
815 1603 827 1639 :
863 1603 968 1640 nec
1000 1586 1247 1657 amplius
1294 1587 1352 1639 iu
1382 1586 1655 1655 primitiis
1688 1586 1827 1639 offe-

138 1680 292 1729 ratur
322 1677 439 1730 Deo
472 1676 604 1729 vino
635 1680 691 1729 et
720 1676 1031 1729 frumento.

138 1802 262 1855 CAP.
300 1802 389 1855 IV.
422 1831 491 1839 —
523 1802 588 1855 Ut
621 1801 760 1854 nihil
807 1801 963 1854 aliud
990 1802 1049 1853 in
1093 1802 1359 1867 sacriﬁcio
1392 1800 1677 1870 offeratur,
1718 1802 1831 1855 nisi

518 1874 684 1941 panis
714 1877 763 1925 et
791 1875 978 1925 vinum
1006 1887 1152 1939 aqua
1183 1874 1435 1925 mixtum.

203 1980 325 2047 (Ea:
353 1980 540 2033 concil.
568 1980 855 2046 African,
883 1994 1002 2046 cap.
1036 1979 1113 2045 4.)
1140 1980 1209 2032 Ut
1239 1978 1299 2031 in
1326 1977 1691 2031 sacramentis
1712 1994 1831 2031 cor-

138 2067 285 2136 poris
333 2072 389 2120 et
446 2066 743 2136 sanguinis
789 2066 1014 2119 Domini
1065 2065 1206 2119 nihil
1255 2066 1501 2135 amplius
1559 2066 1832 2120 offeratur

141 2172 306 2225 quam
339 2156 490 2225 quod
540 2156 661 2224 ipse
698 2155 974 2208 Dominus
1004 2155 1262 2221 tradidit,
1303 2155 1412 2208 hoc
1442 2160 1545 2219 est,
1579 2156 1745 2225 panis
1774 2161 1831 2209 et

139 2245 331 2297 vinum
366 2260 512 2313 aqua
560 2244 825 2296 mixtum.
863 2243 1137 2296 Primitias
1178 2259 1331 2308 vero,
1368 2258 1469 2297 ceu
1517 2245 1629 2297 mel
1660 2249 1713 2298 et
1746 2246 1830 2298 lac

142 2333 287 2403 quod
329 2348 445 2385 uno
496 2332 585 2385 die
637 2330 1059 2384 solemnissimo
1114 2331 1175 2384 in
1224 2332 1509 2385 infantum
1555 2332 1827 2402 mysterio

142 2421 279 2474 solet
304 2420 517 2487 offerri,
543 2420 802 2490 quamvis
832 2421 891 2472 in
913 2420 1078 2473 altari
1099 2420 1429 2486 offerantur,
1456 2437 1615 2474 suam
1638 2426 1830 2475 tamen

142 2510 386 2563 habeant
428 2510 719 2579 propriam
766 2508 1246 2574 benedictionem,
1292 2516 1355 2563 ut
1394 2526 1427 2562 a
1473 2516 1827 2564 sacramento

141 2599 391 2669 corporis
440 2598 721 2652 Dominici
769 2603 826 2651 et
881 2597 1178 2667 sanguinis
1228 2598 1673 2668 distinguantur,
1727 2616 1830 2653 nec

142 2688 383 2757 amplius
420 2687 479 2740 in
512 2686 782 2757 primitiis
829 2686 1118 2755 offeratur,
1152 2703 1326 2757 quam
1350 2687 1419 2740 de
1452 2687 1574 2740 uvis
1623 2693 1679 2741 et
1711 2688 1825 2741 fru-

140 2776 363 2828 mentis.
1441 2837 1445 2840 η

142 2883 263 2937 CAP.
324 2884 387 2934 V.
452 2913 519 2921 ——
570 2885 642 2935 De
695 2884 950 2951 passione
1025 2883 1245 2936 Domini
1305 2887 1363 2937 in
1438 2884 1830 2938 consecratione

702 2956 939 3021 corporis
969 2954 1259 3008 miscenda.

211 3063 313 3127 (Ex
361 3060 503 3113 decr.
556 3060 797 3114 Alcman.
840 3076 973 3129 pap.
1030 3076 1152 3129 cap.
1210 3060 1285 3130 5.)
1337 3061 1398 3113 In
1447 3064 1832 3114 sacramento-

144 3166 265 3203 rum
316 3165 548 3219 quoque
594 3148 999 3217 oblationibus,
1050 3166 1176 3219 qum
1226 3148 1376 3202 inter
1420 3149 1712 3202 Missarum
1745 3166 1829 3201 so-

146 3237 352 3290 lemnia
383 3236 628 3291 Domino
678 3238 1016 3302 offeruntur,
1049 3237 1236 3307 passio
1266 3237 1496 3290 Domini
1545 3237 1834 3292 miscenda

144 3332 241 3393 est,
296 3331 361 3379 ut
421 3327 563 3395 ejus,
630 3327 790 3395 cujus
848 3343 1055 3396 corpus
1113 3330 1169 3379 et
1215 3327 1446 3395 sanguis
1504 3327 1828 3393 conficitur,

143 3415 326 3484 passio
360 3415 698 3481 celebretur,
731 3415 811 3468 ita
840 3420 903 3468 ut
932 3414 1178 3484 repulsis
1227 3415 1602 3485 opinionibus
1633 3433 1830 3486 super-

142 3504 455 3568 stitionum,
503 3503 668 3574 panis
698 3508 923 3556 tantum
970 3509 1027 3556 et
1056 3503 1254 3557 vinum
1305 3519 1452 3573 aqua
1482 3504 1830 3573 permixtum

141 3593 197 3645 in
228 3592 504 3645 sacrificio
541 3592 874 3645 offerantur.
924 3593 1045 3645 Non
1076 3592 1245 3645 debet
1280 3592 1456 3655 enim,
1492 3595 1557 3645 ut
1586 3607 1617 3643 a
1656 3591 1830 3660 patri-

142 3681 243 3733 bus
287 3681 631 3750 accepimus,
686 3685 743 3733 et
790 3680 913 3749 ipsa
964 3680 1110 3733 ratio
1160 3680 1346 3743 docet,
1394 3679 1453 3732 in
1504 3678 1675 3733 calice
1726 3680 1829 3732 Do-

144 3769 280 3823 mini
330 3775 429 3822 aut
471 3769 670 3822 vinum
705 3769 911 3832 solum,
963 3773 1063 3821 aut
1110 3784 1257 3837 aqua
1313 3768 1432 3819 sola
1481 3766 1694 3833 offerri,
1732 3767 1832 3820 sed

143 3865 449 3928 utrumque
480 3858 848 3927 permixtum,
885 3857 1017 3925 quia
1046 3861 1358 3926 utrumque
1395 3872 1459 3908 ex
1506 3856 1679 3908 latere
1712 3857 1833 3924 ejus

144 3946 199 3999 in
228 3963 329 3999 sua
373 3947 629 4016 passione
676 3945 1011 4016 profluxisse
1040 3945 1271 4014 legitur.
1328 3946 1453 4014 Ipsa
1482 3960 1612 3997 vero
1666 3944 1831 3997 Veri—

147 4040 223 4087 tas
264 4051 365 4088 nos
414 4034 698 4093 instruxit,
741 4034 973 4087 calicem
1014 4038 1071 4085 et
1114 4048 1319 4101 panem
1371 4032 1428 4085 in
1474 4038 1830 4086 sacramento

145 4124 365 4192 offerre,
396 4123 626 4193 quando
675 4123 757 4176 ait
793 4138 804 4174 :
839 4121 1072 4191 Accepit
1102 4123 1265 4174 Iesus
1312 4108 1521 4190 panem
1556 4127 1613 4174 et
1655 4122 1831 4175 bene-

1942 491 2131 562 potius
2162 491 2360 557 excoli,
2396 496 2453 544 et
2478 490 2737 544 venerari
2769 491 2961 545 debet.

1943 598 2070 652 CAP.
2104 598 2192 651 VI.
2227 628 2293 636 -—
2338 597 2463 662 Quae
2510 601 2709 665 species
2751 598 2824 650 ad
2853 599 3028 651 altare
3071 614 3175 652 non
3210 599 3284 651 ad
3325 600 3635 665 sacriﬁcan-

2041 668 2190 735 dum,
2221 668 2315 722 sed
2346 669 2416 721 ad
2447 669 2860 721 benedictionem
2894 670 3189 737 simplicem
3218 670 3536 737 offerantur.

2013 756 2123 825 (Em
2165 772 2354 809 canon.
2409 757 2661 824 apostol.,
2716 758 2893 824 capite
2935 757 3011 825 4.)
3066 757 3268 811 Offerri
3316 774 3432 811 non
3470 757 3640 810 liceat

1943 843 2162 913 aliquid
2210 844 2279 898 ad
2336 843 2511 896 altare
2560 847 2770 913 praster
2814 858 2992 895 novas
3049 844 3345 917 spicas,vet
3394 861 3546 905 uvas,
3583 848 3639 897 et

1942 934 2132 986 oleum
2160 933 2232 986 ad
2262 931 2589 996 luminaria,
2614 936 2669 985 et
2700 931 2876 995 fabas,
2909 935 2963 983 et
2992 931 3307 1000 thymiama
3336 932 3406 985 ad
3434 932 3636 985 incen-

1940 1037 2086 1084 sum,
2120 1025 2378 1091 tempore
2409 1036 2522 1090 quo
2558 1024 2753 1072 sancta
2784 1018 3104 1073 celebratur
3135 1019 3367 1073 oblatio.

2390 1108 2520 1163 CAP.
2548 1109 2659 1161 VII.
2693 1138 2760 1146 —
2796 1110 2867 1161 De
2893 1108 3076 1161 eadem
3103 1124 3177 1161 re.

2011 1198 2117 1268 (Ea:
2157 1199 2298 1252 decr.
2335 1198 2527 1251 Melch.
2554 1212 2712 1265 pap.,
2746 1199 2921 1264 capite
2971 1200 3045 1264 l.)
3082 1197 3214 1250 Haec
3244 1196 3461 1266 species
3495 1213 3661 1274 quas‘

1939 1303 2057 1340 non
2092 1287 2221 1340 licet
2273 1286 2475 1339 offerre
2529 1301 2701 1354 super
2733 1286 2909 1337 altare
2959 1285 3121 1353 juxta
3170 1285 3637 1337 constitutionem

1941 1376 2330 1446 apostolorum
2379 1390 2697 1443 eorumque
2733 1384 3142 1441 successurum,
3176 1374 3245 1427 ad
3280 1374 3515 1426 domum
3549 1390 3637 1426 sa-

1941 1465 2239 1517 cerdotum
2292 1463 2643 1528 deferantur,
2694 1468 2812 1514 eta
2858 1461 3242 1514 sacerdotibus
3295 1462 3635 1515 benedican-

1940 1558 2053 1619 tur,
2095 1556 2151 1607 et
2181 1553 2425 1622 simplici
2458 1551 2859 1605 benedictione
2891 1550 3187 1603 benedicta
3217 1550 3447 1603 demum
3476 1568 3508 1602 a
3532 1568 3634 1620 po-

1940 1642 2093 1712 pulis
2132 1646 2453 1695 sumantur.
2511 1640 2675 1694 Fabae
2715 1644 2937 1692 tantum
2986 1643 3041 1691 et
3073 1655 3215 1702 uvae,
3248 1655 3410 1691 novae
3442 1639 3635 1706 spicas,

1942 1737 1998 1784 et
2048 1731 2260 1797 oleum,
2310 1734 2364 1783 et
2419 1729 2792 1783 odoramenta
2837 1728 2906 1780 ad
2959 1727 3277 1787 incensum,
3330 1731 3386 1778 et
3437 1732 3639 1779 cratera

1941 1836 2070 1891 quae
2099 1818 2345 1889 apostoli
2376 1818 2795 1871 constituerunt
2824 1832 2996 1886 super
3026 1816 3202 1869 altare
3233 1814 3562 1867 offerantur.

1942 1928 2071 1982 CAP.
2118 1927 2261 1981 VIII.
2312 1927 2463 1981 Nihil
2515 1928 2575 1979 in
2623 1925 2894 1991 sacriﬁcio
2938 1927 3135 1991 prater
3182 1924 3327 1991 quod
3380 1924 3636 1976 Dominus

2498 1998 2693 2050 statuit
2726 1995 3076 2063 offerendum.

2016 2088 2126 2157 (Ea:
2173 2102 2362 2141 canon.
2414 2087 2665 2154 apostol.,
2718 2089 2889 2153 capite
2940 2087 3011 2148 3.)
3045 2083 3101 2138 Si
3133 2082 3260 2152 quis
3314 2082 3632 2152 episcopus,

1940 2182 2039 2230 aut
2066 2176 2379 2246 presbyter,
2408 2179 2613 2244 praeter
2641 2173 3058 2226 ordinationem
3087 2171 3313 2225 Domini
3346 2172 3455 2223 alia
3484 2187 3641 2240 quas-

1942 2266 2073 2319 dam
2122 2265 2183 2317 in
2235 2262 2512 2316 sacrificio
2547 2262 2767 2327 offerat,
2818 2278 2989 2331 super
3045 2262 3243 2325 altare,
3297 2259 3353 2312 id
3388 2264 3490 2327 est,
3542 2264 3639 2311 aut

1940 2354 2075 2419 mel,
2133 2357 2231 2405 aut
2280 2353 2383 2418 lac,
2448 2355 2545 2403 aut
2592 2366 2697 2419 pro
2753 2350 2887 2402 vino
2929 2349 3186 2414 siceram,
3237 2353 3335 2401 aut
3383 2347 3638 2400 confecta

1941 2442 2229 2512 quaedam,
2295 2445 2395 2492 aut
2450 2438 2721 2503 volatilia,
2780 2446 2877 2491 aut
2944 2436 3215 2489 animalia
3272 2436 3483 2505 aliqua,
3540 2437 3637 2486 aut

1939 2530 2260 2600 legumina,
2323 2521 2522 2582 contra
2572 2527 3038 2581 constitutionem
3098 2525 3324 2579 Domini
3383 2524 3633 2588 faciens,

1940 2619 2281 2688 deponatur.

1942 2727 2068 2780 CAP.
2103 2726 2187 2779 IX.
2221 2755 2291 2763 --
2343 2727 2410 2778 Ut
2456 2722 2759 2790 presbyteri
2800 2737 2897 2775 vas
2942 2722 3201 2775 mundum
3251 2720 3502 2785 habeant,
3544 2718 3639 2771 ubi

2151 2810 2343 2864 corpus
2380 2796 2598 2847 Domini
2623 2809 2739 2847 cum
2762 2792 3051 2858 diligentia
3077 2792 3419 2846 recondatur.

2010 2886 2119 2950 (Ea:
2152 2884 2339 2937 concil.
2387 2885 2673 2948 Turonen.,
2711 2884 2887 2948 capite
2916 2882 2990 2951 si.)
3027 2882 3095 2934 Ut
3122 2880 3308 2933 omnis
3336 2878 3637 2948 presbyter

1940 2973 2148 3025 habeat
2192 2971 2465 3041 pixidem,
2500 2974 2596 3023 aut
2646 2985 2741 3022 vas
2785 2974 2943 3022 tanto
2986 2973 3342 3022 sacramento
3371 2966 3633 3035 dignum,

1942 3060 2040 3113 ubi
2071 3075 2276 3129 corpus
2301 3057 2660 3111 Dominicum
2685 3056 2989 3127 diligenter
3012 3057 3373 3120 recondatur,
3394 3054 3462 3107 ad
3487 3053 3637 3106 viati-

1940 3164 2069 3200 cum
2100 3147 2499 3201 recedentibus
2519 3163 2551 3199 a
2579 3146 2804 3199 saeculo.
2835 3146 2971 3209 Quae
2994 3151 3217 3198 tantum
3245 3161 3401 3198 sacra
3422 3144 3634 3197 oblatio

1940 3235 2181 3288 intincta
2212 3235 2382 3288 debet
2430 3250 2551 3287 esse
2585 3232 2644 3285 in
2678 3233 2959 3302 sanguine
3007 3232 3236 3298 Christi,
3269 3238 3331 3285 ut
3362 3230 3637 3285 veraciter

1941 3324 2240 3393 presbyter
2287 3323 2468 3394 possit
2512 3322 2700 3376 dicere
2751 3320 3006 3387 infirmo,
3051 3337 3259 3391 corpus
3304 3325 3359 3374 et
3406 3318 3635 3389 sanguis

1941 3412 2169 3465 Domini
2217 3411 2476 3481 proficiat
2524 3411 2649 3476 tibi,
2684 3414 2789 3463 etc.
2838 3411 3188 3480 Sempcrque
3228 3410 3297 3462 sit
3347 3425 3519 3478 super
3548 3408 3637 3460 al—

1943 3507 2060 3552 tare
2094 3500 2355 3553 obserata
2398 3503 2634 3568 propter
2665 3515 2857 3551 mures
2887 3504 2939 3551 et
2971 3498 3217 3551 nefarios
3266 3497 3548 3561 homines,
3582 3501 3637 3549 et

1941 3589 2011 3641 de
2045 3587 2287 3656 septimo
2334 3586 2392 3638 in
2438 3586 2749 3655 septimum
2799 3585 2949 3639 diem
3000 3601 3225 3654 semper
3270 3590 3542 3649 mutetur,
3579 3585 3635 3638 id

1940 3682 2043 3743 est,
2090 3676 2188 3727 illa
2217 3692 2249 3727 a
2280 3674 2614 3744 presbytero
2656 3679 2935 3738 sumatur,
2988 3679 3040 3728 et
3077 3674 3207 3739 alia,
3255 3690 3384 3742 qua:
3434 3672 3634 3725 eodem

1939 3765 2028 3818 die
2088 3769 2413 3816 consecrata
2464 3768 2567 3826 est,
2624 3762 2684 3815 in
2733 3762 2923 3815 locum
2973 3763 3095 3831 ejus
3146 3762 3509 3830 subrogetur,
3564 3776 3633 3813 ne

1940 3854 2085 3907 forte
2116 3852 2327 3905 diutius
2360 3855 2659 3915 reservata,
2689 3849 2937 3917 mucida,
2972 3850 3120 3919 quod
3153 3850 3317 3915 absit,
3350 3848 3465 3902 fiat.

1942 3964 2068 4016 CAP.
2118 3961 2179 4013 X.
2231 3989 2297 3997 —
2351 3961 2417 4014 Ut
2457 3958 3207 4081 presbyt’elrbEzticharistiam
3266 3960 3325 4010 in
3376 3961 3636 4026 promptu

2720 4045 2753 4081 a
2790 4044 2851 4081 ea
2882 4072 2891 4081 .

2720 4034 2891 4082 abeat.

2013 4121 2119 4189 (Ea;
2162 4119 2345 4172 concil.
2392 4119 2687 4183 Wormac.,
2720 4132 2838 4186 cap.
2873 4117 2948 4185 5.)
2984 4119 3053 4171 Ut
3083 4117 3378 4187 presbyter
3408 4131 3635 4183 semper

143 4210 294 4275 dixit,
342 4211 612 4281 deditque
660 4209 954 4279 discipulis
1002 4210 1141 4273 suis,
1191 4209 1385 4262 dicens
1429 4226 1441 4263 :
1482 4208 1734 4278 Accipite
1775 4213 1831 4261 et
1862 4246 1902 4300 Β
1943 4203 2351 4259 Eucharistiam
2406 4202 2614 4255 habeat
2664 4206 2946 4271 paratam,
2990 4207 3049 4254 ut
3078 4202 3308 4271 quando
3370 4200 3494 4271 quis
3548 4200 3634 4253 in-

145 4301 501 4366 manducate,
548 4300 655 4353 hoc
704 4304 788 4352 est
835 4314 1038 4368 corpus
1088 4313 1280 4351 meum
1324 4297 1473 4367 quod
1526 4313 1630 4367 pro
1673 4297 1833 4349 vobis

146 4390 418 4441 tradetur.
469 4388 765 4453 Similiter,
812 4392 1119 4456 postquam
1165 4386 1425 4449 cmnavit,
1481 4386 1697 4454 accepit
1736 4401 1835 4438 ca-

146 4476 327 4540 licem,
381 4476 649 4544 deditque
704 4474 997 4544 discipulis
1040 4473 1157 4527 suis
1199 4473 1394 4526 dicens
1437 4490 1449 4526 :
1485 4472 1735 4542 Accipite
1782 4478 1838 4526 et

144 4563 314 4617 bibite
370 4580 433 4616 ex
481 4580 547 4616 eo
592 4579 808 4629 omnes,
876 4563 1011 4632 quia
1059 4562 1149 4614 hic
1196 4566 1279 4614 est
1344 4561 1485 4614 calix
1542 4560 1836 4630 sanguinis

148 4654 275 4718 mei,
326 4652 428 4723 qui
460 4668 564 4721 pro
614 4651 770 4704 vobis
805 4651 1131 4704 effundetur
1160 4650 1218 4703 in
1262 4650 1659 4703 remissionem
1701 4665 1835 4719 pec-

147 4748 419 4794 catorum.
480 4740 732 4794 Crimina
785 4741 939 4792 enim
992 4745 1163 4809 atque
1213 4744 1443 4808 peccata
1492 4738 1693 4791 oblatis
1749 4738 1836 4790 his

150 4831 387 4883 Domino
436 4829 723 4882 sacrificiis
776 4829 1060 4882 delentur.
1120 4828 1330 4882 Idcirco
1377 4832 1433 4880 et
1478 4826 1665 4896 passio
1715 4827 1838 4895 ejus

148 4920 202 4971 in
254 4918 343 4971 his
395 4917 904 4971 commemoranda
959 4921 1065 4983 est,
1121 4932 1231 4986 qua
1283 4914 1566 4983 redempti
1618 4930 1836 4977 sumus,

146 5011 199 5059 et
231 5008 436 5076 saepius
490 5006 801 5071 recitanda,
852 5010 1023 5075 atque
1065 5006 1185 5058 haec
1236 5004 1477 5057 Domino
1530 5004 1834 5057 offerenda.

146 5094 373 5148 Talibus
436 5094 635 5147 hostiis
694 5094 1075 5148 delectabitur
1144 5098 1196 5147 et
1260 5092 1579 5162 placabitur
1646 5092 1837 5145 Domi-

148 5198 268 5248 nus,
335 5190 391 5237 et
452 5191 681 5253 peccata
731 5183 980 5237 dimittet
1036 5181 1309 5252 ingentia.
1373 5181 1520 5233 Nihil
1579 5181 1730 5233 enim
1782 5180 1841 5232 in

148 5272 430 5325 sacrificiis
480 5273 667 5341 majus
717 5289 839 5326 esse
888 5276 1092 5341 potest,
1144 5286 1315 5339 quam
1371 5285 1578 5339 corpus
1607 5274 1663 5322 et
1706 5284 1837 5321 san-

149 5362 268 5423 guis
301 5361 526 5426 Christi,
570 5376 674 5413 nec
706 5362 822 5414 ulla
853 5359 1065 5413 oblatio
1096 5359 1201 5411 hac
1232 5357 1422 5426 potior
1453 5364 1556 5421 est,
1591 5356 1689 5408 sed
1722 5357 1841 5408 haec

150 5462 344 5498 omnes
374 5446 649 5515 pracellit
674 5465 688 5498 :
722 5462 851 5515 quae
879 5460 1023 5513 pura
1044 5443 1386 5496 conscientia
1410 5441 1673 5505 Domino,
1709 5441 1843 5493 offe-

147 5535 325 5588 renda
359 5539 462 5600 est,
513 5542 571 5587 et
622 5550 763 5604 pura
810 5539 1000 5587 mente
1050 5530 1516 5597 consummanda,
1568 5535 1740 5599 atque
1773 5530 1841 5583 ab

1942 4295 2201 4347 firmatus
2234 4290 2426 4359 fuerit,
2460 4296 2559 4343 aut
2607 4291 2874 4360 parvulus
2919 4290 3187 4343 infirmus
3239 4290 3411 4344 fuerit
3443 4289 3635 4343 statim

1945 4397 2076 4433 eum
2164 4379 2567 4443 communicet,
2652 4395 2724 4431 ne
2814 4377 2935 4431 sine
3028 4379 3434 4433 communione
3510 4394 3633 4432 m0-

1944 4469 2144 4521 riatur.

1946 4576 2073 4630 CAP.
2108 4575 2201 4627 ΧΙ.
2237 4602 2309 4613 —
2350 4576 2444 4627 Tot
2475 4573 2763 4627 oblationes
2804 4580 2931 4641 quot
2958 4575 3156 4643 popqu
3200 4576 3479 4639 sufﬁciant
3508 4574 3635 4641 offe-

2086 4644 2305 4709 rendas,
2330 4647 2545 4698 relictas
2567 4647 2624 4696 in
2653 4648 2951 4698 crastinum
2980 4661 3084 4698 non
3116 4645 3490 4697 reservandus.

2017 4736 2122 4803 (Ea:
2150 4736 2306 4802 epist.
2339 4733 2618 4785 Clementis
2644 4748 2764 4799 pa.,
2793 4749 2836 4785 c.
2873 4732 2985 4801 28.)
3023 4734 3182 4786 Certe
3216 4737 3373 4784 tanta
3403 4731 3461 4784 in
3494 4731 3636 4784 alta-

1948 4823 1994 4875 ri
2024 4822 2349 4874 holocausta
2379 4820 2693 4873 ofl'erentur
2725 4826 2939 4889 quanta
2976 4820 3191 4888 populo
3241 4819 3499 4872 sufficere
3541 4821 3637 4872 de-

1945 4910 2121 4963 beant
2153 4926 2164 4962 :
2202 4909 2355 4978 quod
2396 4908 2439 4960 si
2470 4908 2809 4961 remanserit
2854 4908 2911 4960 id
2943 4908 3254 4961 crastinum
3298 4923 3415 4960 non
3462 4923 3639 4959 reser-

1947 5003 2172 5061 ventur,
2208 4998 2304 5049 sed
2355 5012 2482 5048 cum
2516 4995 2723 5048 timore
2758 5002 2813 5049 et
2860 5001 3108 5049 tremore
3140 4995 3477 5048 clericorum
3508 4994 3637 5048 dili-

1948 5087 2140 5157 gentia
2198 5090 2626 5137 consumantur.
2692 5085 2800 5147 Qui
2855 5090 3045 5138 autem
3102 5084 3329 5137 residua
3384 5083 3638 5153 corporis

1951 5173 2197 5237 Domini,
2250 5188 2374 5242 quae
2424 5172 2480 5224 in
2539 5173 2784 5226 sacrario
2838 5174 3035 5226 relicta
3091 5177 3225 5224 sunt
3270 5178 3635 5238 consumunt,

1947 5279 2063 5315 non
2122 5261 2314 5313 statim
2364 5261 2435 5313 ad
2488 5278 2823 5314 communes
2876 5261 3184 5313 sumendos
3232 5260 3386 5314 cibos
3437 5276 3637 5314 conve-

1950 5351 2130 5414 niant,
2164 5365 2267 5401 nec
2298 5354 2502 5419 putent
2529 5355 2741 5403 sanctas
2773 5349 3023 5418 portioni
3054 5350 3419 5403 commiscere
3447 5349 3637 5402 cibum

1949 5439 2047 5509 qui
2080 5454 2179 5508 per
2204 5438 2555 5507 aqualiculus
2577 5438 2828 5507 digestus
2860 5438 2919 5490 in
2949 5453 3231 5491 secessum
3259 5439 3558 5492 emittitur.
3583 5438 3640 5491 Si

1951 5528 2126 5598 igitur
2161 5544 2328 5580 mane
2378 5526 2675 5579 Dominica
2721 5526 3057 5597 porrigitur,
3106 5544 3287 5597 usque
3319 5527 3390 5581 ad
3424 5532 3639 5580 sextam
