4028 6190
382 154 484 205 755

1459 147 1867 207 BURCHARDI
1904 148 2437 207 WORMACIENSIS
2475 146 2812 206 EPISCOPI.
3771 158 3864 208 756

373 274 646 346 jejunent
669 271 920 328 ministri
949 273 1050 345 qui
1079 288 1205 328 eam
1237 273 1717 343 consumpserint.
1744 274 1814 327 Et
1841 272 1889 326 si
1916 271 2087 327 tertia
2113 277 2161 330 Λ
2201 289 2362 341 num,
2413 273 2561 326 alter
2608 271 2816 326 dixerit
2858 287 2872 326 :
2919 271 3178 338 Domine,
3229 288 3344 326 non
3393 288 3521 326 sum
3571 273 3770 344 dignus
3815 283 3870 330 ut

381 364 470 416 vel
503 367 708 432 quarta
740 363 883 418 hora
914 363 1258 433 acceperint,
1286 363 1553 432 jejunent
1580 377 1764 432 usque
1797 361 1867 415 ad
1895 377 2090 431 vespe-

383 467 529 505 ram.
561 451 650 506 Sic
682 455 900 505 secreta
951 450 1422 515 sanctificatione,
1460 454 1673 503 aeterna
1717 449 2092 503 custodienda

385 543 518 591 sunt
547 547 923 592 sacramenta.

389 646 517 698 CAP.
568 645 682 698 XII.
737 674 804 683 —
855 643 1164 698 Oblationes
1205 642 1270 694 de
1306 641 1532 694 sabbato
1581 641 1640 693 in
1680 641 1967 694 sabbatum
2010 642 2091 693 in-

827 768 842 778 ,
1087 711 1390 766 novandas.

462 803 566 872 (Em
617 801 842 856 concilio
887 803 1101 868 Aurel.,
1139 803 1315 870 capite
1363 801 1440 869 4.)
1485 799 1631 853 Illud
1663 799 1836 853 etiam
1885 814 2092 852 annec-

391 891 630 944 tendum
683 889 924 953 videtur,
975 893 1038 941 ut
1087 889 1406 942 oblationes
1457 903 1585 956 quae
1629 887 1689 941 in
1746 887 1913 940 altari
1961 887 2096 940 offe-

393 985 615 1045 runtur,
648 977 717 1031 de
749 978 982 1030 sabbato
1016 977 1076 1030 in
1110 977 1410 1030 sabbatum
1439 991 1664 1046 semper
1697 975 2046 1028 innoventur
2079 989 2091 1026 :

395 1067 528 1138 quia
561 1083 741 1135 panes
782 1065 1189 1136 propositionis
1223 1065 1323 1134 qui
1354 1080 1527 1134 super
1574 1079 1833 1118 mensam
1869 1061 2096 1116 Domini

365 1155 777 1225 'ponebantur,
841 1171 874 1206 a
921 1153 1153 1208 sabbato
1195 1154 1256 1206 in
1288 1153 1588 1205 sabbatum
1625 1166 1850 1220 semper
1908 1156 2096 1204 muta-

393 1244 626 1306 bantur,
658 1257 730 1294 ne
778 1241 875 1295 diu
927 1241 1133 1294 servati
1183 1240 1396 1293 mucidi
1443 1238 1606 1304 ﬁant,
1640 1245 1714 1305 et,
1749 1246 1812 1292 ut
1864 1239 2098 1309 quidam

394 1331 659 1392 saeviunt,
715 1329 850 1397 igne
892 1335 1277 1382 concrement.
1330 1329 1492 1392 Quod
1544 1329 1590 1380 si
1622 1327 1830 1397 aliquis
1870 1327 2096 1380 diabolo

396 1419 708 1487 instigante
734 1415 841 1469 hoc
870 1416 1056 1470 facere
1087 1416 1545 1486 prmsumpserit,
1579 1417 1886 1469 anathema
1907 1415 1999 1468 sit.

398 1527 526 1577 CAP.
571 1523 712 1578 XIII.
767 1553 834 1615 ἶ
869 1524 934 1576 Ut
980 1528 1243 1615 premente
1280 1526 1330 1575 et
1354 1524 1703 1615 precipiente
1749 1521 2094 1591 presbytero,
2131 1562 2168 1615 Β

774 1593 1036 1645 diaconus
1064 1595 1325 1661 populum
1355 1597 1722 1648 communicet.

469 1683 585 1749 (Eo:
614 1683 840 1735 concilio
871 1681 1156 1747 Carthag.,
1196 1684 1372 1748 capite
1401 1680 1512 1749 38.)
1543 1682 1613 1734 Ut
1641 1681 1917 1734 diaconus
1945 1696 2098 1750 pra!-

400 1775 560 1822 sente
607 1767 936 1838 presbytero
995 1767 1410 1821 Eucharistiam
1461 1767 1716 1837 corporis
1761 1768 1968 1822 Christi
1998 1783 2099 1838 po-

401 1859 556 1928 pulo,
591 1858 638 1909 si
665 1857 972 1910 necessitas
997 1857 1168 1926 cogit,
1197 1857 1389 1926 jussus
1419 1862 1636 1926 eroget.

403 1964 530 2016 CAP.
581 1962 714 2015 XIV.
763 1991 832 2001 —
880 1962 1032 2027 Quod
1085 1978 1285 2025 magna
1329 1963 1584 2016 discretio
1639 1977 1750 2016 esse
1796 1962 1985 2015 debeat
2037 1961 2103 2016 de

590 2035 931 2101 perceptione
961 2037 1199 2102 corporis
1227 2039 1276 2086 et
1299 2037 1588 2102 sanguinis
1617 2036 1902 2086 Dominici.

475 2120 595 2188 (Ex
621 2122 778 2188 epist.
813 2121 1105 2174 Clementis
1131 2137 1252 2190 pa.,
1283 2125 1458 2190 capite
1489 2123 1600 2188 3‘2.)
1631 2122 1692 2174 In
1733 2121 2102 2191 perceptione

402 2207 659 2276 corporis
723 2212 778 2260 et
844 2208 1140 2279 sanguinis
1207 2209 1491 2262 Dominici
1548 2225 1758 2277 magna
1817 2209 2099 2275 discretio,

402 2295 734 2349 adhibenda
783 2301 886 2349 est.
921 2297 1249 2350 Cavendum
1283 2303 1369 2349 est
1399 2297 1552 2350 enim
1585 2313 1657 2349 ne
1688 2297 1735 2350 si
1765 2297 2012 2350 nimium
2042 2297 2103 2349 in

405 2383 643 2453 longum
699 2383 994 2437 differatur
1045 2385 1112 2438 ad
1158 2384 1471 2455 perniciem
1517 2385 1724 2438 animae
1774 2387 2101 2456 pertineat,

406 2472 626 2525 dicente
679 2471 920 2524 Domino
957 2488 970 2526 :
1007 2472 1123 2526 Nisi
1171 2473 1646 2526 manducaveritis
1698 2489 1927 2527 carnem
1979 2473 2105 2527 Filii

407 2557 680 2624 hominis,
727 2562 782 2610 et
810 2558 1072 2612 biberitis
1102 2559 1225 2629 ejus
1258 2561 1621 2630 sanguinem,
1673 2577 1788 2615 non
1825 2561 2105 2616 habebitis

408 2646 584 2700 vitam
615 2646 675 2698 in
705 2645 883 2699 vobis.
931 2647 986 2701 Si
1017 2662 1150 2701 vero
1199 2647 1501 2702 indiscrete
1533 2649 1863 2718 accipiatur,
1895 2649 2103 2702 timen-

408 2733 547 2787 dum
599 2739 682 2785 est
723 2732 863 2786 illud
923 2735 1072 2804 quod
1123 2735 1200 2788 ait
1245 2737 1595 2804 Apostolus:
1631 2736 1739 2799 Qui
1797 2737 2106 2790 manducat

2199 361 2376 414 intres
2405 361 2512 415 sub
2539 366 2752 414 tectum
2799 376 2991 414 meum
3028 378 3041 414 :
3074 361 3240 414 ambo
3285 347 3636 415 Salvatorem
3669 362 3870 417 honori-

2198 451 2454 515 ficantes,
2501 448 2762 520 quamvis
2809 464 2926 502 non
2965 465 3083 502 uno
3134 449 3306 503 modo
3359 466 3372 502 :
3421 450 3594 503 ambo
3652 455 3868 520 peccatis

2200 537 2418 604 miseri,
2479 536 2651 590 ambo
2714 536 3159 590 misericordiam
3221 537 3588 607 consequuti.
3648 539 3727 590 Ad
3781 539 3871 591 hoc

2201 625 2370 690 valet,
2423 625 2572 695 quod
2605 640 2816 689 magna
2861 625 3172 679 secundum
3217 626 3516 696 propriam
3549 624 3870 681 voluntatem

2202 713 2263 767 in
2293 729 2390 765 ore
2421 714 2701 782 cujusque
2735 713 3006 779 sapiebat.

2205 802 2330 855 CAP.
2364 803 2524 855 XVll.
2557 830 2626 840 -—
2654 802 2804 854 Laici
2833 809 2910 854 ter
2931 803 3211 854 minimum
3240 803 3300 854 in
3330 817 3475 856 anno
3497 805 3870 858 communicent.

2276 893 2384 955 (Ea:
2413 892 2570 958 epist.
2609 890 2772 942 Fabii
2795 904 2918 957 pa.,
2947 891 3121 958 capite
3165 889 3240 958 4.)
3297 890 3368 942 Ut
3399 890 3445 942 si
3481 906 3601 942 non
3646 891 3871 960 frequen-

2204 979 2337 1043 tius,
2386 979 2472 1031 vel
2513 983 2604 1031 ter
2653 977 2784 1030 laici
2833 977 3094 1030 homines
3143 979 3583 1030 communicent
3616 978 3671 1031 in
3726 995 3870 1042 anno,

2207 1066 2318 1119 nisi
2349 1066 2494 1119 forte
2525 1065 2653 1135 quis
2687 1065 2996 1135 majoribus
3027 1064 3381 1134 quibuslibet
3430 1065 3761 1119 criminibus
3794 1068 3876 1120 im-

2207 1154 2492 1224 pediatur,
2529 1154 2586 1206 id
2638 1159 2740 1221 est,
2776 1154 2834 1207 in
2865 1154 3078 1207 Pascha
3124 1164 3180 1206 et
3211 1155 3575 1218 Pentecoste,
3625 1159 3680 1207 et
3722 1155 3872 1208 Natali

2209 1242 2458 1296 Domini.

2211 1333 2336 1385 CAP.
2385 1331 2572 1384 XVIII.
2609 1360 2677 1368 —
2713 1331 2802 1384 An
2849 1332 3256 1385 Eucharistiam
3309 1333 3409 1398 qui
3445 1346 3660 1399 semper
3699 1338 3869 1400 peccat,

2704 1416 2912 1470 semper
2937 1404 3174 1470 accipere
3195 1402 3405 1455 debeat.

2281 1493 2388 1557 (Ea:
2419 1490 2584 1544 dictis
2631 1492 2902 1560 Cyprian.
2933 1495 2983 1543 et
3014 1493 3247 1544 aliorum
3280 1496 3600 1544 sanctorum
3640 1493 3832 1546 Patrum
3857 1495 3868 1559 )

2211 1580 2451 1634 Sanctus
2500 1579 2817 1650 Cyprianus
2875 1578 3016 1633 dixit
3057 1596 3070 1632 :
3121 1579 3483 1633 Eucharistia
3535 1579 3777 1650 quotidie
3817 1582 3869 1634 ad

2208 1668 2398 1723 cibum
2449 1668 2645 1721 salutis
2701 1667 2997 1737 accipitur.
3054 1668 3295 1721 Sanctus
3347 1667 3689 1720 Ambrosius
3723 1668 3868 1721 dixit:

2208 1757 2267 1810 Si
2321 1757 2797 1826 quotiescumque
2843 1755 3156 1809 effunditur
3183 1755 3423 1824 sanguis
3475 1755 3681 1809 Christi
3711 1756 3763 1809 in
3803 1772 3870 1809 re-

2209 1842 2544 1896 missionem
2572 1845 2937 1912 peccatorum
2959 1842 3289 1907 effunditur,
3315 1843 3506 1896 debeo
3530 1858 3746 1912 semper
3762 1844 3868 1896 acci-

2207 1947 2366 2000 pere,
2393 1931 2490 2000 qui
2515 1946 2744 2000 semper
2762 1946 2952 2000 pecco,
2986 1931 3166 1984 debeo
3189 1947 3424 2000 semper
3455 1931 3668 1984 habere
3687 1929 3869 1983 medici-

2209 2035 2366 2073 nam.
2398 2019 2452 2073 S.
2490 2019 2741 2073 Hilarius
2789 2019 3088 2089 episcopus
3119 2020 3265 2073 dixit
3297 2037 3310 2074 :
3345 2021 3406 2074 Si
3439 2024 3603 2073 tanta
3639 2036 3744 2072 non
3768 2022 3867 2071 sunt

2209 2111 2439 2177 peccata
2467 2112 2532 2160 ut
2560 2107 3083 2160 excommunicetur
3113 2107 3262 2177 quis,
3295 2124 3414 2161 non
3449 2125 3511 2161 se
3548 2108 3710 2161 debet
3737 2124 3765 2160 a
3789 2123 3867 2159 me-

2211 2191 2400 2246 dicina
2420 2194 2679 2263 corporis
2703 2194 2928 2248 Domini
2951 2189 3238 2265 separare.
3273 2197 3439 2250 Unde
3462 2196 3770 2250 timendum
3789 2201 3865 2257 est,

2211 2296 2282 2333 ne
2305 2281 2406 2334 diu
2426 2282 2743 2335 abstractus
2768 2299 2801 2334 a
2826 2282 3034 2336 Christi
3055 2299 3314 2353 corpore,
3330 2285 3563 2338 alienus
3575 2290 3870 2337 remaneata

2210 2369 2410 2422 salute.
2447 2371 2585 2423 Nam
2633 2371 2999 2424 manifestum
3033 2377 3118 2423 est
3146 2388 3242 2424 eos
3286 2372 3511 2434 vivere,
3565 2371 3659 2442 qui
3705 2387 3870 2440 corpus

2212 2457 2334 2526 ejus
2357 2457 2671 2527 attingunt,
2706 2459 2828 2528 ipso
2861 2459 3104 2512 Domino
3140 2459 3363 2512 dicente
3398 2476 3413 2512 :
3451 2461 3572 2513 Nisi
3608 2459 3870 2512 manduca-

2210 2546 2407 2599 veritis
2456 2561 2688 2600 carnem
2719 2545 2846 2600 Filii
2895 2547 3170 2612 hominis,
3211 2553 3268 2601 et
3316 2548 3585 2601 biberitis
3614 2549 3728 2618 ejus
3769 2564 3870 2599 san-

2213 2630 2473 2700 guinem,
2505 2647 2623 2684 non
2657 2631 2939 2684 habebitis
2969 2632 3142 2684 vitam
3173 2633 3232 2684 in
3258 2633 3445 2685 vobis.
3482 2633 3590 2696 Qui
3621 2633 3871 2701 enimjam

2212 2733 2446 2787 peccare
2477 2717 2693 2787 quievit
2721 2717 3144 2772 communicare
3175 2734 3290 2771 non
3318 2719 3570 2773 desinat.

411 2827 468 2876 et
494 2820 642 2875 bibit
685 2836 892 2890 corpus
922 2827 977 2874 et
1015 2824 1356 2893 sanguinem
1407 2824 1632 2877 Domini
1661 2823 1918 2895 indigne,
1949 2823 2103 2894 judi-
2138 2834 2178 2889 (ζ
2217 2807 2344 2859 (ῙΑΡο
2371 2805 2807 2895 XIX-1‘:
2824 2807 3056 2895 εξξῼμίξ
3078 2807 3642 2895 ίᾴ-ἰφυεηῦονῃίηίσξδ
3673 2811 3725 2860 in
3761 2809 3870 2871 QW'

410 2910 560 2963 cium
608 2909 714 2962 sibi
747 2909 1054 2964 manducat
1085 2918 1139 2964 et
1178 2911 1341 2965 bibit.
1373 2913 1537 2965 Juxta
1568 2913 1823 2981 ejusdem
1858 2911 2104 2982 apostoli

411 3013 628 3061 vocem,
680 2997 925 3066 probare
972 3015 1029 3050 se
1061 2998 1228 3052 debet
1277 3000 1470 3063 homo,
1513 3006 1569 3052 et
1619 3000 1698 3053 sic
1731 3000 1800 3053 de
1831 3016 1976 3070 pane
2007 3000 2105 3053 illo

412 3087 565 3152 edat,
618 3085 770 3138 etde
802 3086 973 3138 calice
1018 3086 1198 3150 bibat,
1242 3093 1304 3140 ut
1351 3089 1613 3141 videlicet
1657 3089 1949 3142 abstinens
2002 3089 2104 3142 ali-

414 3179 557 3244 quot
589 3173 791 3226 diebus
834 3173 904 3226 ab
939 3173 1211 3244 operibus
1240 3174 1441 3236 carnis,
1474 3181 1530 3228 et
1559 3175 1870 3244 purificans
1900 3192 2108 3246 corpus

413 3261 784 3330 animamque
841 3277 1002 3314 suam
1077 3267 1364 3332 praeparet
1421 3279 1478 3315 se
1537 3263 1606 3316 ad
1674 3264 2108 3334 percipiendum

416 3353 638 3402 tantum
674 3355 1092 3403 sacramentum
1144 3352 1406 3420 exemplo
1439 3351 1638 3418 David,
1684 3351 1802 3422 qui,
1837 3353 1943 3406 nisi
1973 3369 2109 3406 con-

414 3433 597 3487 fessus
636 3433 810 3488 fuerit
857 3451 915 3487 se
957 3434 1297 3488 abstinuisse
1339 3435 1410 3488 ab
1458 3451 1629 3506 opere
1677 3437 1986 3507 conjugali,
2041 3438 2110 3492 ab

414 3522 540 3576 heri
573 3527 627 3575 et
656 3523 865 3576 nudius
897 3523 1122 3589 tertius,
1156 3539 1518 3594 nequaquam
1569 3540 1748 3594 panes
1777 3527 2114 3595 propositio-

416 3610 507 3664 nis
537 3627 566 3663 a
599 3611 887 3665 sacerdote
920 3612 1244 3682 accepisset.

417 3699 546 3753 CAP.
600 3699 706 3753 XV.
758 3730 824 3740 —
858 3703 936 3756 De
983 3701 1285 3768 quotidana
1329 3703 1673 3772 perceptione
1719 3703 2108 3756 Eucharistiae.

489 3787 606 3856 (Ea:
635 3788 796 3842 dictis
827 3790 1090 3857 August.)
1137 3789 1397 3853 Quotidie
1450 3790 1816 3844 Eucharistiee
1861 3807 2115 3844 commu-

418 3875 654 3928 nionem
705 3877 1022 3946 percipere,
1064 3893 1168 3930 nec
1212 3879 1400 3942 laudo,
1434 3894 1539 3931 nec
1589 3879 1851 3949 vitupero
1880 3896 1892 3933 :
1923 3880 2116 3934 Omni-

416 3965 523 4018 bus
569 3969 762 4018 tamen
815 3965 1123 4019 Dominicis
1152 3966 1350 4019 diebus
1395 3968 1941 4021 communicandum
1988 3968 2116 4021 hor-

417 4058 528 4106 tor.
560 4052 616 4105 Si
648 4057 838 4106 tamen
872 4059 1058 4106 metus
1091 4053 1150 4107 in
1201 4055 1409 4108 affectu
1437 4056 1707 4124 peccandi
1758 4061 1858 4122 est,
1891 4058 2114 4124 gravari

419 4141 602 4209 magis
636 4139 760 4193 dico
791 4132 1161 4194 Eucharistim
1190 4143 1554 4212 perceptione
1594 4159 1765 4213 quam
1798 4144 2107 4214 puriﬁcari.

423 4229 487 4280 Et
515 4226 642 4280 ideo
691 4229 955 4296 quamvis
986 4228 1113 4298 quis
1169 4236 1402 4298 peccato
1461 4232 1794 4285 mordeatur
1841 4233 2112 4303 peccandi

421 4330 536 4367 non
567 4313 769 4367 habeat
794 4315 863 4367 de
881 4320 1086 4368 caetero
1108 4316 1483 4385 voluntatem,
1513 4323 1568 4372 et
1588 4321 2113 4374 communicaturus

422 4401 560 4454 satis
617 4400 786 4456 faciat
842 4403 1107 4474 lacrymis
1162 4409 1220 4458 et
1273 4406 1652 4474 orationibus,
1709 4412 1766 4461 et
1819 4409 2112 4463 confidens

423 4489 492 4543 de
524 4490 753 4543 Domini
786 4491 1172 4559 miseratione,
1216 4494 1444 4548 accedat
1475 4495 1541 4549 ad
1576 4497 1985 4550 E-icharistiam
2023 4497 2112 4551 in-

421 4578 680 4649 trepidus
712 4583 767 4632 et
796 4596 1048 4634 securus.
1081 4581 1190 4636 Sed
1220 4583 1328 4637 hoc
1357 4585 1425 4637 de
1455 4584 1551 4636 illo
1596 4584 1722 4638 dico
1753 4600 1923 4654 quem
1959 4601 2114 4638 mor-

421 4668 560 4720 talia
593 4672 825 4736 peccata
853 4685 970 4722 non
1002 4676 1259 4738 gravant.

858 4759 983 4812 CAP.
1012 4759 1144 4812 XVI.
1177 4789 1248 4800 —
1273 4760 1356 4813 De
1385 4760 1569 4813 eadem
1597 4775 1674 4814 re.

494 4845 616 4913 (Ea:
663 4845 824 4901 dictis
872 4847 1113 4915 ejusdem
1158 4849 1233 4902 ad
1276 4849 1647 4920 Ianuarium.)
1695 4849 1908 4903 Dixerit
1951 4849 2115 4919 quis-

422 4933 598 5004 piam,
631 4950 746 4988 non
790 4935 1049 5006 quotidie
1083 4936 1472 5005 accipiendam
1505 4937 1943 5001 Eucharistiam,
1973 4937 2114 4990 alius

423 5022 673 5076 affirmet
718 5023 993 5094 quotidie.
1041 5025 1231 5077 Faciat
1278 5026 1672 5095 unusquisque
1718 5026 1872 5096 quod
1913 5042 2112 5078 secun-

423 5111 557 5164 dum
604 5112 775 5166 fidem
827 5129 988 5167 suam
1021 5113 1114 5183 pie
1159 5113 1335 5168 credit
1376 5130 1496 5167 esse
1535 5113 1882 5169 faciendum.
1921 5116 2114 5185 Neque

423 5199 575 5252 enim
619 5199 989 5270 litigaverunt
1017 5203 1169 5256 inter
1202 5219 1282 5270 se,
1322 5207 1421 5256 aut
1468 5203 1769 5273 quisquam
1822 5219 2020 5257 eorum
2054 5221 2113 5257 se

421 5287 586 5340 alteri
634 5289 963 5359 praeposuit,
1022 5291 1285 5345 Zachmus
1330 5295 1384 5343 et
1431 5290 1524 5344 illc
1579 5291 1877 5354 centurio;
1933 5307 2112 5361 quum

420 5377 564 5429 alter
593 5391 791 5430 eorum
823 5379 1077 5445 gaudens
1121 5379 1179 5434 in
1211 5381 1381 5434 domo
1413 5396 1515 5434 sua
1554 5380 1868 5452 susceperit
1914 5380 2110 5434 Domi-

2498 2875 2809 2942 dragesima
2831 2876 3014 2944 ﬁdeles
3036 2880 3476 2932 communicandi
3498 2882 3628 2932 sint.

2288 2963 2396 3032 (Em
2426 2963 2586 3017 dictis
2634 2965 2855 3018 Silverii
2893 2980 3053 3033 pap.,
3086 2969 3266 3034 capite
3311 2967 3388 3034 3.)
3423 2967 3676 3036 Singulis
3713 2967 3874 3019 diebus

2217 3051 2529 3105 Dominicis
2558 3052 2616 3104 in
2663 3051 3127 3122 Quadragesima,
3162 3059 3376 3122 praeter
3426 3055 3534 3108 hos
3563 3056 3659 3124 qui
3699 3069 3872 3106 excom-

2221 3139 2497 3192 municati
2544 3146 2698 3208 sunt,
2729 3146 2785 3194 et
2829 3146 3034 3211 praeter
3067 3141 3192 3194 illos
3238 3142 3339 3212 qui
3369 3142 3435 3195 in
3481 3142 3704 3212 publica
3729 3141 3871 3212 poeni-

2218 3229 2402 3282 tentia
2434 3235 2586 3294 sunt,
2619 3236 2974 3283 sacramenta
3003 3229 3259 3299 corporis
3289 3235 3347 3282 et
3375 3231 3679 3300 sanguinis
3707 3228 3868 3285 Christi

2222 3317 2501 3370 sumenda
2568 3321 2702 3370 sunt
2754 3334 2769 3372 :
2818 3324 2874 3370 et
2929 3317 2988 3370 in
3041 3334 3201 3372 ccena
3269 3319 3548 3385 Domini,
3617 3319 3672 3372 in
3722 3317 3872 3387 vigilia

2223 3406 2472 3469 Paschm,
2522 3406 2665 3460 etin
2698 3406 2792 3460 die
2839 3406 3294 3460 Resurrectionis
3345 3409 3602 3470 Domini,
3638 3413 3692 3460 et
3720 3409 3873 3460 Pente

2223 3501 2423 3558 costes,
2471 3498 2528 3547 et
2579 3495 2639 3547 in
2697 3495 2882 3549 Natali
2943 3494 3188 3561 Domini,
3247 3495 3488 3565 penitus
3537 3497 3606 3549 ab
3658 3494 3871 3548 omnibus

2223 3582 2765 3636 communicandum
2798 3587 2902 3637 est.

2227 3672 2354 3725 CAP.
2398 3671 2501 3725 XX.
2550 3702 2617 3710 —
2678 3675 2745 3726 Ut
2797 3674 2856 3724 in
2902 3687 3049 3725 coma
3100 3675 3316 3727 Domini
3367 3674 3737 3728 Eucharistiz
3779 3687 3870 3741 per-

2738 3745 2908 3811 ceptio
2930 3759 3038 3796 non
3068 3745 3401 3812 negligatur.

2299 3813 2410 3880 (Ea:
2463 3812 2606 3866 decr.
2658 3813 2898 3868 Sotheris
2950 3830 3104 3883 pap.,
3155 3831 3276 3883 cap.
3335 3818 3418 3882 5.)
3478 3817 3540 3869 In
3600 3831 3747 3869 caena
3796 3814 3868 3866 Do-

2226 3901 2369 3954 mini
2402 3918 2432 3954 a
2468 3902 2812 3972 quibusdam
2844 3905 3132 3973 perceptio
3166 3904 3543 3958 Eucharistim
3592 3901 3865 3972 negligitur.

2229 3990 2366 4053 Quae
2397 3991 2669 4060 quoniam
2717 3991 2778 4043 in
2809 3991 3005 4044 eadem
3055 3993 3147 4045 die
3205 3994 3276 4046 ab
3327 3994 3604 4047 omnibus
3634 3989 3863 4047 fidelibus.

2142 4107 2184 4160 Β
2229 4079 2476 4149 exceptis
2505 4079 2594 4133 his
2641 4079 2849 4149 quibus
2879 4096 2982 4149 pro
3023 4082 3291 4148 gravibus
3322 4081 3664 4135 criminibus
3706 4074 3868 4132 inhibi-

2224 4171 2347 4220 tum
2403 4173 2507 4234 est,
2577 4167 2946 4237 percipienda
3002 4169 3103 4234 sit,
3164 4169 3582 4224 ecclesiasticus
3638 4184 3757 4220 usus
3801 4165 3864 4216 de

2222 4259 2522 4319 monstrat,
2555 4271 2685 4308 cum
2718 4255 2888 4309 etiam
2935 4257 3282 4325 poenitentes
3322 4259 3526 4312 eadem
3558 4258 3646 4312 die
3674 4255 3735 4308 ad
3774 4267 3862 4322 per-

2221 4343 2485 4413 cipienda
2515 4344 2772 4413 corporis
2803 4348 2860 4398 et
2891 4345 3186 4415 sanguinis
3220 4346 3506 4400 Dominici
3545 4346 3860 4402 sacramenta,

2219 4430 2677 4486 reconcilientur.

2224 4521 2351 4574 Car.
2403 4521 2534 4574 XXI.
2581 4551 2649 4559 —
2704 4524 2778 4574 De
2807 4521 3163 4576 histrionibus
3193 4526 3243 4575 et
3273 4525 3473 4588 magis,
3521 4525 3571 4575 si
3597 4518 3863 4576 communio-

2400 4607 2518 4643 nem
2557 4606 2674 4644 cum
2704 4595 2908 4644 ceteris
2937 4592 3189 4661 ﬁdelibus
3219 4596 3460 4662 accipere
3495 4594 3722 4647 debeant.

2295 4679 2410 4743 (Ea:
2464 4681 2622 4748 epist.
2672 4681 2850 4733 sancti
2900 4681 3158 4748 Cyprian.
3203 4683 3367 4749 episc.
3425 4682 3502 4736 ad
3551 4673 3862 4739 Eucrotium.)

2226 4765 2540 4836 Cyprianus
2573 4766 2833 4820 Eucratio
2877 4767 3149 4820 confratri
3175 4769 3440 4821 salutem.
3476 4771 3582 4822 Pro
3613 4764 3861 4820 dilectione

2223 4859 2320 4907 tua
2350 4859 2407 4908 et
2437 4855 2756 4908 reverentia
2783 4859 2847 4907 ut
2883 4855 2952 4908 ad
3002 4857 3413 4910 consulendum
3447 4873 3537 4910 me
3583 4848 3860 4909 existimasti

2226 4939 2396 4995 frater
2425 4942 2778 5010 charissime,
2813 4943 2951 5013 quid
2983 4944 3123 4997 mihi
3166 4945 3430 4998 videatur
3465 4947 3530 4999 de
3565 4943 3798 4998 histrione
3820 4940 3858 4987 et

2225 5041 2391 5096 mago
2443 5027 2560 5087 illo,
2595 5027 2694 5097 qui
2724 5028 2874 5096 apud
2905 5043 3002 5081 vos
3055 5029 3417 5095 constitutus,
3460 5030 3636 5082 adhuc
3665 5027 3714 5079 in
3755 5021 3857 5075 artis

2223 5130 2340 5167 sum
2408 5115 2684 5168 dedecore
2748 5121 3088 5185 perseverat.
3147 5121 3205 5170 et
3269 5118 3538 5188 magister
3595 5124 3646 5168 et
3705 5114 3856 5167 doctor

2224 5202 2693 5269 erudiendorum,
2728 5203 2841 5257 imo
2874 5205 3299 5273 perdendorum
3332 5221 3632 5276 puerorum
3661 5201 3709 5255 id
3737 5194 3852 5270 quod

2223 5293 2372 5345 male
2406 5292 2625 5360 didicit,
2674 5293 2891 5347 ueteris
2921 5310 3151 5364 quoque
3194 5293 3467 5355 insinuat,
3517 5311 3585 5347 an
3617 5291 3705 5346 tali
3731 5300 3851 5341 sacra

2223 5380 2630 5436 communione
2677 5397 2807 5435 cum
2865 5381 3083 5436 caeteris
3128 5382 3459 5437 Christianis
3517 5382 3700 5436 debeat
3738 5372 3845 5432 dari,
