3976 6194
130 298 232 347 757
1102 292 1579 351 DECRETORUM
1621 294 1804 351 LIBRI
1845 295 1951 351 XX.
1993 324 2062 333 -—
2104 296 2315 351 LIBER
2354 295 2669 360 QUINTUS.

122 423 211 470 aut
273 417 577 471 nobiscum
650 418 1113 471 communicare:
1166 423 1306 488 puto
1374 436 1475 472 nec
1544 417 1903 488 majestatiA

123 503 348 569 divinas,
382 519 488 557 nec
513 502 869 572 Evangelicaa
901 502 1221 571 disciplina!
1245 519 1581 573 congruere,
1615 508 1676 555 ut
1704 520 1818 573 pu-

125 595 219 645 dor
254 598 313 645 et
357 594 547 645 honor
595 591 873 657 Ecclesiae,
926 596 1044 645 tam
1090 592 1245 661 turpi
1295 600 1349 646 et
1386 592 1589 645 infami
1619 597 1818 645 conta-

126 683 290 751 gione
322 681 529 734 faadetu
542 697 584 733 r.

123 774 236 823 the.
287 770 445 823 XXII.
508 800 574 807 —
652 770 912 839 Quandiu
985 773 1358 838 unusquisque
1414 774 1539 823 ante
1604 785 1816 823 sacram

288 843 710 893 communionem
753 842 820 893 ab
860 856 1028 895 uxore
1058 857 1111 894 se
1136 843 1405 894 abstinere
1430 842 1635 893 debeat.

180 930 289 995 (Ea:
337 930 524 981 concil.
580 929 905 992 Elibertan.,
947 943 1067 996 cap.
1112 929 1191 995 3.)
1224 927 1421 981 Omnis
1479 927 1652 979 homo
1686 931 1814 980 ante

120 1032 327 1069 sacram
381 1017 853 1070 communionem
913 1034 945 1069 a
1003 1017 1237 1084 propria
1295 1032 1471 1069 uxore
1532 1016 1813 1069 abstinere

117 1105 276 1158 debet
303 1111 433 1167 tres,
469 1111 569 1159 aut
599 1106 879 1175 quinque,
912 1110 1011 1157 aut
1046 1111 1266 1174 septem
1305 1105 1443 1157 dies.

116 1195 232 1247 CAP.
282 1196 437 1247 XXII.
487 1223 558 1233 —
622 1194 775 1258 Quod
816 1197 958 1245 inter
1003 1195 1291 1247 catholicos
1358 1209 1463 1245 non
1525 1208 1812 1246 connume-

174 1270 343 1323 retur.
378 1268 474 1332 qui
510 1268 567 1316 in
617 1268 739 1317 istis
790 1266 964 1317 tribus
1017 1265 1363 1331 temporibus,
1406 1265 1632 1325 Pascha,
1680 1268 1811 1318 Pen-

177 1342 384 1397 tecoste,
416 1337 604 1389 Natali
635 1337 868 1399 Domini,
895 1350 1000 1387 non
1044 1338 1417 1388 communicat.

178 1423 283 1487 (Ea:
345 1439 543 1476 canone
608 1424 909 1489 Agathen.)
978 1423 1289 1475 Saeculares
1367 1440 1517 1488 vero,
1595 1423 1693 1493 qui
1751 1423 1809 1475 in

119 1511 291 1563 Natali
325 1512 628 1574 Dominici,
680 1512 909 1577 Pascha,
946 1516 999 1564 et
1032 1511 1088 1563 in
1123 1514 1453 1565 Pentecoste
1504 1528 1618 1565 non
1654 1528 1809 1565 com-

118 1600 543 1663 municaverint,
578 1601 843 1653 catholici
873 1617 987 1654 non
1036 1601 1363 1666 credantur,
1396 1618 1499 1653 nec
1532 1600 1681 1653 inter
1711 1616 1809 1653 ca-

117 1688 343 1741 tholicos
374 1689 708 1742 habeantur.

118 1778 229 1830 CAP.
288 1777 457 1831 XXIV.
508 1808 575 1816 —
629 1780 695 1832 Ut
741 1778 939 1831 oblatio
987 1780 1181 1832 altaris
1228 1780 1460 1846 singulis
1514 1780 1801 1833 Dominicis

779 1850 966 1902 diebus
1006 1854 1121 1917 ﬁat.

174 1939 279 1999 (Em
332 1936 475 1990 decr.
528 1938 685 1990 Fabii
718 1953 899 2005 papae,
933 1952 1051 2005 cap.
1092 1940 1165 2005 5.)
1228 1938 1597 1991 Decernimus
1647 1941 1711 1989 ut
1741 1937 1800 1990 in

119 2025 413 2078 Dominicis
435 2025 702 2078 omnibus
733 2025 932 2079 diebus
954 2026 1150 2079 altaris
1172 2026 1402 2089 oblatio,
1437 2027 1507 2079 ab
1534 2025 1800 2079 omnibus

116 2115 253 2177 viris,
288 2114 375 2167 vel
398 2114 735 2167 mulieribus
757 2114 875 2177 ﬁat,
909 2119 1026 2167 tam
1046 2115 1210 2185 panis
1240 2131 1414 2184 quam
1443 2114 1582 2178 vini,
1605 2119 1669 2168 ut
1697 2130 1801 2183 per

118 2202 202 2254 has
270 2202 693 2255 immolationes
742 2218 775 2254 a
824 2208 1191 2271 peccatorum
1259 2218 1494 2255 suorum
1555 2201 1799 2255 fascibus

120 2291 437 2345 liberentur.

527 2380 656 2433 CAP.
689 2380 835 2433 XXV.
869 2410 937 2418 —
970 2383 1042 2433 De
1080 2379 1264 2433 eadem
1291 2396 1368 2433 re.

179 2472 288 2523 (Ea:
344 2469 485 2522 decr.
538 2469 797 2536 ejusdem,
846 2485 965 2537 cap.
1019 2469 1123 2534 IO.)
1154 2469 1512 2524 Oblationem
1569 2485 1796 2539 quoque

118 2562 165 2609 et
194 2574 390 2625 pacem
430 2557 486 2609 in
524 2556 767 2609 Ecclesia
811 2558 993 2610 facere
1035 2558 1255 2627 jugiter
1284 2557 1663 2611 admoneatur
1691 2575 1794 2627 po-

112 2648 271 2715 pulus
329 2645 731 2700 Christianus:
792 2646 927 2715 quia
966 2646 1089 2716 ipsa
1143 2646 1357 2699 oblatio
1413 2647 1521 2699 sibi
1580 2652 1634 2699 et
1680 2648 1795 2699 suis

114 2747 375 2801 magnum
408 2734 720 2787 remedium
755 2740 837 2786 est.
886 2735 1231 2795 animarum,
1281 2740 1338 2787 et
1392 2735 1447 2787 in
1500 2736 1624 2805 ipsa
1652 2752 1792 2804 pace

109 2836 228 2873 vera
257 2822 608 2874 unanimitas
639 2827 695 2875 et
724 2823 1027 2875 concordia
1058 2823 1501 2877 demonstratur.

104 2927 219 2979 CAP.
246 2929 422 2982 XXVI.
456 2958 524 2968 —
580 2931 653 2981 De
698 2928 1016 2983 diaconibus
1074 2929 1218 2997 quod
1270 2931 1599 2997 presbyteris
1649 2946 1787 2982 com-

514 3001 819 3052 munionem
846 3000 979 3051 dare
997 3015 1102 3052 non
1119 3001 1360 3053 debeant.

163 3088 266 3153 (Ea:
296 3088 511 3141 Niceno
532 3089 774 3152 concilio,
798 3104 919 3157 cap.
958 3088 1066 3155 18.)
1100 3088 1359 3142 Pervenit
1390 3089 1460 3141 ad
1491 3104 1789 3158 magnum,

102 3180 462 3244 sanctumque
515 3176 842 3239 concilium,
898 3176 1052 3246 quod
1095 3176 1154 3229 iu
1181 3176 1523 3246 quibusdam
1573 3177 1713 3230 locis
1739 3183 1793 3229 et

100 3263 411 3316 civitatibus
468 3264 816 3335 presbyteris
870 3264 1115 3333 gratiam
1148 3282 1323 3318 sacras
1374 3266 1792 3319 communionis

102 3350 310 3404 diaconi
334 3352 634 3421 porrigant
660 3394 673 3416 ,
712 3354 865 3422 quod
899 3370 1000 3405 nec
1040 3354 1259 3422 regula,
1294 3370 1395 3406 nec
1436 3354 1790 3407 consuetudo

102 3438 345 3503 tradidit,
380 3445 443 3492 ut
500 3441 569 3493 ab
607 3441 695 3493 his
742 3441 841 3509 qui
894 3446 1235 3511 potestatem
1267 3452 1381 3495 non
1412 3442 1624 3495 habent
1653 3442 1788 3495 oﬁ‘e-

104 3527 275 3590 rendi,
346 3527 431 3580 illi
485 3528 583 3598 qui
629 3528 879 3582 offerunt
932 3530 1139 3584 Christi
1219 3546 1428 3599 corpus
1487 3530 1787 3599 accipiant.

102 3615 320 3669 Necnon
362 3620 418 3668 et
450 3616 591 3669 illud
629 3617 898 3680 innotuit,
927 3619 1080 3687 quod
1115 3618 1345 3688 quidam
1389 3618 1611 3671 diaconi
1660 3624 1792 3670 ante

102 3704 386 3773 episcopos
417 3721 576 3758 sacra
604 3706 795 3759 oblata
824 3706 1174 3775 contingant.
1210 3708 1338 3760 IIth
1383 3706 1559 3775 igitur
1598 3706 1793 3758 omnia

100 3797 436 3856 resecentur,
481 3798 537 3845 et
569 3794 627 3845 in
661 3809 762 3846 sua
800 3795 1025 3847 diaconi
1079 3811 1349 3848 mensura
1397 3802 1789 3864 permaneant,

103 3879 331 3932 scientes
391 3881 543 3950 quod
596 3881 996 3952 episcoporum
1046 3883 1277 3952 quidem
1338 3882 1587 3935 ministri
1656 3883 1788 3947 sint,

105 3967 388 4021 inferiores
444 3974 632 4022 autem
685 3971 1029 4040 presbyteris
1072 3972 1409 4025 habeantur.
1438 3974 1544 4025 Per
1594 3972 1791 4025 orbem

105 4072 230 4125 ergo
271 4063 398 4127 post
442 4059 801 4128 presbyteros
855 4060 1097 4129 gratiam
1148 4077 1320 4113 sacrm
1370 4061 1791 4114 communionis

104 4146 388 4215 accipiant,
439 4152 537 4199 aut
586 4148 855 4218 episcopo
918 4149 1018 4211 eis,
1068 4155 1166 4202 aut
1226 4150 1555 4219 presbytero
1605 4150 1793 4218 porri-

104 4240 280 4301 gente.
313 4236 421 4288 Sed
454 4251 556 4288 nec
596 4237 791 4289 sedere
840 4237 900 4289 in
932 4238 1118 4290 medio
1168 4238 1629 4308 presbyterorum
1665 4238 1787 4290 dia-
1822 4260 1862 4311 υ

102 4322 247 4374 conis
278 4322 446 4377 liceat
479 4339 491 4375 :
527 4324 663 4393 quia
693 4325 739 4377 si
768 4326 876 4378 hoc
919 4324 1037 4385 ﬁat,
1086 4331 1293 4395 praeter
1323 4326 1579 4394 regulam
1613 4332 1669 4379 et
1699 4342 1789 4379 or-

103 4409 282 4463 dinem
311 4412 587 4480 probatur
617 4413 877 4466 existere.
928 4414 983 4465 Si
1018 4414 1145 4483 quis
1206 4421 1397 4467 autem
1435 4416 1603 4466 etiam
1663 4420 1791 4483 post

104 4497 193 4551 has
220 4499 583 4554 deﬁnitiones
608 4502 835 4556 obedire
866 4503 1134 4567 noluerit,
1167 4520 1198 4555 a
1229 4503 1547 4556 ministerio
1570 4520 1787 4556 cessare

106 4586 342 4641 debebit.

108 4674 225 4727 CAP.
293 4677 496 4729 XXVII.
566 4706 635 4717 -
696 4679 775 4731 De
843 4680 1067 4761 eulogiis
1108 4679 1308 4748 populo
1357 4696 1390 4731 a
1457 4680 1787 4749 presbyteris

166 4818 269 4881 (Ea;
295 4817 437 4871 decr.
474 4820 561 4871 Pii
614 4750 1097 4888 papae,
1156 4821 1224 4873 Ut
1280 4821 1349 4874 de
1408 4821 1789 4875 oblationibus

105 4918 221 4970 qua!
251 4905 572 4958 offeruntur
599 4923 630 4959 a
662 4908 876 4976 populo
920 4914 974 4960 et
1006 4909 1419 4962 consecrationi
1459 4916 1787 4979 supersunt,

102 4992 178 5043 vel
211 4992 277 5045 de
335 4994 584 5062 panibus
649 5012 793 5065 quos
857 4996 1108 5050 offerunt
1132 4997 1326 5051 ﬁdeles
1358 4998 1429 5051 ad
1462 5000 1785 5063 Ecclesiam,

101 5079 179 5130 vel
210 5084 355 5133 certe
388 5079 459 5133 de
491 5081 608 5133 suis
660 5082 960 5152 presbyter
1008 5084 1413 5137 convenienter
1469 5091 1659 5154 partes
1698 5087 1787 5138 in-

100 5163 233 5218 cisas
264 5168 472 5222 habeat
503 5168 560 5221 in
586 5186 713 5223 vase
745 5170 953 5235 nitido,
987 5176 1051 5225 ut
1096 5177 1223 5242 post
1244 5174 1535 5226 Missarum
1578 5174 1789 5226 solem-

99 5252 209 5321 nia,
256 5256 354 5325 qui
403 5257 833 5312 communicare
885 5276 993 5313 non
1022 5260 1256 5313 fuerunt
1284 5262 1489 5328 parati,
1535 5261 1790 5329 eulogias

101 5342 250 5395 omni
280 5343 370 5396 die
397 5345 712 5409 Dominico,
745 5352 800 5400 et
832 5347 890 5400 in
925 5348 1126 5402 diebus
1142 5349 1300 5401 festis
1332 5349 1464 5403 inde
1488 5350 1789 5418 accipiant,

100 5434 151 5479 et
176 5430 288 5496 illa,
323 5433 472 5486 unde
507 5434 764 5505 eulogias
812 5438 1108 5506 presbyter
1139 5437 1373 5491 daturus
1420 5442 1523 5502 est,
1570 5442 1698 5489 ante
1732 5437 1790 5489 in

102 5517 215 5569 haec
246 5520 415 5573 verba
448 5521 771 5576 henedicat.

3535 304 3641 357 758

2170 422 2301 474 CAP.
2334 420 2556 473 XXVIII.
2592 450 2659 459 —
2688 424 2876 477 Oratio
2904 422 3137 490 simplex
3162 424 3400 489 eulogia.

2000 526 2239 579 Domine
2291 532 2504 593 sancte,
2540 529 2704 581 Pater
2737 529 3121 598 omnipotens,
3179 534 3393 584 aaterne
3455 532 3620 595 Deus,

1924 613 2261 668 benedicere
2287 616 2538 684 digneris
2568 616 2720 670 hunc
2751 622 3065 686 panemtua
3086 623 3278 671 sancta
3299 623 3354 671 et
3386 619 3629 689 spiritali

1923 702 2345 771 benedictione,
2374 709 2440 757 ut
2473 705 2544 756 sit
2566 705 2833 757 omnibus
2856 706 3005 757 salus
3035 706 3242 759 mentis
3264 711 3320 759 et
3350 708 3623 776 corporis,

1923 799 2094 862 atque
2125 798 2321 845 contra
2346 809 2547 845 omnes
2580 794 2811 847 morbos
2846 799 2903 847 et
2934 794 3227 847 universas
3259 795 3626 849 inimicorum

1922 880 2157 934 insidias
2214 886 2491 935 tutamen.
2569 884 2677 935 Per
2741 883 3050 935 Dominum
3109 887 3370 937 nostrum
3428 886 3625 937 Jesum

1924 968 2214 1022 Christum
2272 970 2477 1023 Filium
2538 974 2699 1023 tuum
2751 986 2960 1039 panem
3014 970 3161 1035 vitae,
3226 971 3325 1041 qui
3369 972 3437 1024 de
3482 974 3622 1026 coelo

1922 1057 2218 1111 descendit
2247 1062 2298 1111 et
2328 1057 2425 1111 dat
2470 1058 2641 1111 vitam
2676 1063 2733 1111 et
2789 1059 3029 1111 salutem
3077 1059 3310 1125 mundo,
3344 1063 3401 1111 et
3430 1064 3619 1113 tecum

1921 1146 2059 1197 vivit
2088 1151 2144 1198 et
2170 1151 2391 1215 regnat.
2430 1149 2555 1211 Per,
2588 1152 2692 1201 etc.

2097 1270 2225 1323 CAP.
2279 1272 2449 1325 XXIX.
2476 1302 2544 1311 —
2596 1276 2670 1326 De
2702 1288 2845 1341 pane
2886 1274 2983 1341 qui
3011 1272 3311 1339 efferendus
3342 1278 3436 1326 est.

1991 1376 2097 1444 (Ea:
2127 1377 2269 1430 decr.
2306 1378 2484 1430 Amtii
2522 1394 2700 1445 papae,
2755 1394 2874 1445 cap.
2908 1379 2979 1441 3.)
3016 1380 3195 1431 Panes
3225 1394 3371 1448 quos
3420 1380 3532 1432 Deo
3556 1380 3616 1432 in

1918 1463 2259 1517 sacriﬁcium
2293 1465 2528 1527 offertis,
2559 1469 2656 1517 aut
2696 1482 2729 1518 a
2758 1465 3195 1535 vobismetipsis,
3226 1471 3325 1519 aut
3355 1484 3387 1518 a
3417 1469 3615 1520 vestris

1916 1553 2111 1622 pueris
2140 1569 2331 1606 coram
2364 1554 2521 1606 vobis
2563 1554 2742 1607 nitide
2792 1570 2855 1605 ac
2894 1554 3143 1607 studiose
3188 1554 3348 1617 ﬁant,
3401 1562 3456 1607 et
3484 1557 3612 1609 dili-

1917 1646 2117 1709 genter
2148 1642 2499 1705 observetur,
2532 1647 2598 1694 ut
2626 1643 2812 1711 panis,
2846 1647 2901 1694 et
2929 1642 3149 1707 vinum,
3180 1648 3235 1695 et
3272 1658 3441 1711 aqua,
3494 1646 3614 1695 sine

1914 1730 2123 1799 quibus
2154 1730 2333 1783 Missae
2381 1736 2679 1800 nequeunt
2708 1730 3007 1795 celebrari,
3034 1731 3411 1784 mundissimo
3443 1736 3613 1802 atque

1912 1818 2163 1872 studiose
2225 1823 2561 1883 tractentur,
2620 1822 2675 1872 et
2706 1819 2849 1873 nihil
2908 1819 2967 1872 in
3021 1819 3102 1871 eis
3149 1819 3279 1886 vile,
3310 1818 3454 1872 nihil
3495 1836 3614 1874 non

1912 1906 2215 1975 probatum
2256 1907 2603 1971 inveniatur,
2630 1908 2798 1976 juxta
2823 1908 2965 1961 illud
2988 1907 3139 1977 quod
3172 1907 3249 1959 ait
3274 1908 3564 1977 Scriptura
3599 1925 3611 1961 :

1910 1993 1992 2047 Sit
2022 1993 2194 2046 timor
2253 1993 2478 2047 Domini
2508 1994 2824 2057 vobiscum,
2860 2000 2917 2046 et
2951 2010 3079 2046 cum
3131 1994 3431 2063 diligentia
3470 2012 3608 2047 cun-

1910 2086 2001 2135 cta
2030 2082 2215 2135 facite.

1910 2192 2036 2243 CAP.
2072 2189 2216 2243 XXX.
2260 2217 2328 2229 —-
2375 2192 2447 2243 De
2491 2188 2823 2257 presbyteris
2871 2190 2968 2256 qui
3015 2204 3206 2255 corpus
3264 2190 3609 2243 Dominicum

2087 2261 2159 2313 ad
2188 2260 2538 2325 deferendum
2560 2261 2793 2326 inﬁrmis
2823 2260 3153 2313 mulierculis
3184 2260 3427 2312 tradunt.

1980 2368 2083 2433 (Ea:
2140 2367 2325 2419 concil.
2362 2364 2630 2429 Remensi,
2665 2381 2783 2433 cap.
2840 2366 2917 2435 ‘2.)
2954 2365 3218 2418 Pervenit
3244 2365 3313 2418 ad
3340 2365 3606 2418 notitiam

1908 2461 2184 2518 nostram,
2219 2455 2372 2525 quod
2403 2455 2641 2524 quidam
2672 2455 2991 2523 presbyteri
3040 2455 3097 2507 iu
3158 2458 3382 2507 tantum
3416 2455 3604 2524 parvi-

1905 2545 2160 2615 pendant
2214 2544 2406 2598 divina
2460 2544 2749 2613 mysteria,
2792 2550 2856 2596 ut
2912 2543 3075 2608 laico,
3110 2547 3209 2595 aut
3240 2542 3467 2596 feminae
3510 2560 3604 2596 sa-

1905 2650 2065 2686 crum
2117 2650 2321 2703 corpus
2370 2632 2596 2686 Domini
2648 2631 2876 2685 tradant
2896 2631 2967 2684 ad
3015 2631 3391 2685 deferendum
3448 2632 3606 2685 inﬁr-

1906 2720 2035 2779 mis,
2068 2723 2125 2770 et
2149 2720 2359 2789 quibus
2408 2719 2765 2788 prohibetur,
2801 2736 2870 2771 ne
2928 2718 3238 2772 sacrarium
3269 2718 3601 2787 ingredian-

1903 2810 2015 2872 tur,
2068 2824 2171 2859 nec
2221 2808 2288 2859 ad
2350 2808 2527 2859 altare
2579 2808 3064 2877 appropinquent,
3114 2807 3225 2860 illis
3256 2813 3449 2860 sancta
3480 2824 3603 2860 san-

1904 2900 2126 2948 ctorum
2148 2896 2609 2949 committuntur.
2640 2897 2797 2957 Quod
2817 2912 2987 2964 quam
3012 2895 3085 2947 sit
3105 2895 3398 2957 horribile,
3426 2912 3598 2965 quam

1824 2978 1864 3032 C
1904 2984 2237 3037 detestabile
2280 2983 2540 3036 omnium
2578 2982 2978 3052 religiosorum
3021 2983 3423 3036 animadvertit
3462 3000 3598 3053 pru-

1902 3072 2115 3125 dentia.
2152 3072 2331 3141 Igitur
2361 3072 2647 3126 interdicit
2676 3087 2779 3141 per
2804 3071 2998 3124 omnia
3028 3072 3300 3141 synodus,
3348 3088 3419 3125 ne
3472 3072 3597 3125 talis

1902 3160 2208 3215 temeraria
2256 3162 2629 3231 praesumptio
2683 3160 2922 3213 ulterius
2976 3161 3093 3217 ﬁat.
3154 3161 3246 3214 sed
3310 3160 3597 3214 omnimo-

1902 3249 1987 3303 dis
2016 3250 2312 3319 presbyter
2342 3266 2443 3319 per
2503 3249 2901 3318 semetipstum
2935 3249 3229 3302 inﬁrmum
3282 3249 3601 3302 communi-

1900 3344 2009 3392 cet.
2045 3338 2207 3401 Quod
2262 3338 2309 3390 si
2340 3337 2505 3391 aliter
2558 3338 2774 3403 fecerit,
2810 3338 3022 3407 gradus
3055 3337 3142 3390 sui
3173 3337 3427 3408 periculo
3460 3338 3599 3390 sub-

1896 3427 2125 3498 jacebit.

1902 3534 2029 3587 CAP.
2087 3532 2258 3585 XXXI.
2319 3562 2379 3570 —
2436 3534 2503 3585 Ut
2532 3530 2803 3597 defunctis
2857 3534 3206 3585 Eucharistia
3254 3547 3359 3584 non
3415 3532 3591 3585 detur.

1974 3641 2083 3705 (Ea:
2123 3639 2309 3690 concil.
2375 3637 2656 3701 Carthag.,
2704 3652 2823 3703 cap.
2892 3639 2969 3700 6.)
3028 3639 3167 3688 Item
3226 3637 3459 3705 placuit,
3538 3642 3599 3690 ut

1901 3726 2231 3794 corporibus
2307 3725 2703 3777 defunctorum
2799 3723 3150 3776 Eucharistia
3217 3740 3333 3776 non
3407 3724 3593 3777 detur.

1899 3814 2185 3883 Scriptum
2230 3817 2315 3865 est
2366 3811 2567 3865 enim:
2630 3811 2903 3880 Accipite,
2963 3818 3020 3864 et
3077 3812 3246 3864 edite.
3309 3812 3597 3865 Cadavera

1902 3906 2114 3965 autem,
2175 3917 2279 3954 nec
2334 3901 2585 3969 accipere
2648 3903 2900 3969 possunt,
2964 3915 3063 3951 nec
3118 3900 3326 3953 edere:
3384 3904 3441 3952 et
3494 3916 3597 3953 nec

1899 3993 2015 4061 jam
2066 3996 2321 4045 mortuos
2352 3989 2613 4044 homines
2668 3988 2944 4057 baptizari
2998 3988 3167 4041 faciat
3232 3990 3593 4058 presbytero-

1902 4097 2029 4133 rum
2064 4080 2307 4146 ignavia.

1901 4188 2027 4240 CAP.
2058 4187 2349 4239 XXXIL—
2403 4187 2467 4239 Ut
2527 4184 2818 4237 oblationes
2870 4187 2927 4235 in
2980 4183 3278 4250 majoribus
3327 4184 3484 4247 festis
3528 4182 3596 4235 ab

2326 4256 2568 4309 omnibus
2596 4258 2974 4322 aequanimiter
3001 4255 3165 4321 ﬁant.

1974 4365 2081 4428 (Ea:
2143 4364 2329 4416 concil.
2390 4363 2670 4415 Matiscen.
2730 4376 2848 4429 cap.
2905 4362 3010 4425 50.)
3060 4360 3123 4412 In
3180 4359 3394 4429 synodo
3438 4357 3597 4411 Mati-

1902 4451 2083 4504 sceusi
2113 4450 2404 4504 decretum
2436 4455 2535 4512 est,
2577 4454 2636 4501 ut
2666 4448 2725 4501 in
2771 4448 3038 4501 omnibus
3080 4448 3283 4501 diebus
3332 4448 3597 4501 Domini-

1899 4540 1977 4593 cis
2035 4539 2276 4609 aliisque
2334 4537 2732 4591 festivitatibus
2786 4536 2998 4589 oblatio
3054 4536 3124 4589 ab
3162 4536 3451 4599 omnibus,
3496 4536 3597 4606 qui

1901 4628 1973 4681 ad
2024 4627 2246 4681 Missam
2304 4627 2694 4691 convenerint,
2758 4626 3057 4694 utriusque
3116 4642 3280 4677 sexus
3326 4625 3597 4678 offeratur

1899 4717 1961 4769 in
2012 4715 2275 4781 Ecclesia,
2330 4715 2544 4783 singuli
2593 4714 2848 4782 singulas
2906 4712 3222 4766 oblationes
3270 4714 3593 4776 oIl‘erentes,

1904 4805 2085 4858 Finita
2115 4806 2274 4859 Missa
2305 4822 2337 4856 a
2369 4802 2698 4873 presbytero
2747 4802 3064 4854 oblationes
3110 4801 3407 4869 accipiant.
3460 4800 3592 4851 0m-

1902 4894 1990 4946 nis
2041 4898 2233 4947 autem
2293 4893 2390 4961 qui
2442 4891 2587 4943 hanc
2647 4889 3052 4943 difﬁnitionem
3106 4904 3209 4958 per
3260 4887 3593 4940 inobedien-

1900 4983 2039 5034 tiam
2090 4995 2361 5033 evacuare
2435 4978 2885 5048 praesumpserit,
2948 4980 3312 5031 anathemate
3385 4972 3597 5045 percolo

1897 5069 2069 5123 latur.

1903 5176 2029 5227 CAP.
2067 5174 2289 5226 XXXIII.
2328 5203 2394 5210 —
2447 5172 2604 5236 Quod
2650 5174 2917 5226 ministris
2960 5172 3156 5223 altaris
3208 5184 3378 5237 supra
3422 5169 3597 5221 altare

2362 5245 2489 5297 solis
2531 5246 2920 5297 communicare
2957 5244 3132 5294 liceat.

1973 5351 2087 5421 (Ea:
2116 5350 2302 5401 concil.
2338 5349 2623 5402 Laodicen.
2668 5363 2786 5415 cap.
2847 5346 2955 5415 19.)
3007 5344 3155 5399 Solis
3205 5348 3397 5397 autem
3425 5342 3597 5415 mini-

1905 5438 2033 5491 stris
2065 5453 2223 5489 sacro
2256 5437 2447 5490 ordini
2486 5435 2691 5489 deditis
2722 5435 2790 5488 ad
2836 5435 3011 5487 altare
3042 5433 3329 5498 accedere,
3357 5438 3413 5486 et
3444 5448 3601 5486 com-

1908 5526 2199 5579 municare
2250 5525 2432 5578 liceat.
