3976 6194
369 283 478 336 759

1449 279 1850 337 BURCHARDI
1888 277 2421 336 WORMACIENSIS
2461 274 2797 332 EPISCOPI.
3723 291 3809 342 760

371 405 501 460 CAP.
535 403 758 460 XXXIV.
804 433 873 445 —
933 405 1002 460 Ut
1056 405 1239 460 nullus
1293 405 1449 471 infra
1499 405 1873 474 presbyterum
1923 404 2071 459 ordi-
2103 403 2150 456 A
2187 401 2475 472 pollutum
2552 400 2708 466 dicit,
2789 399 2900 454 nisi
2977 399 3159 454 lotum
3236 415 3382 471 aqua
3434 401 3482 454 ei
3543 419 3703 475 usque
3753 410 3809 462 ad

441 480 625 542 natus,
686 491 797 530 rem
850 492 889 530 α
936 477 1249 545 presbytero
1311 480 1673 530 consecratam
1729 477 1890 530 alteri
1938 491 2068 545 por-

442 549 611 601 riaat.

442 562 611 612 rigat.

445 633 554 705 (Ex
609 635 752 689 decr.
813 635 1062 701 Silyestr.
1116 649 1291 704 papa,
1339 649 1458 703 cap.
1511 634 1585 702 7.)
1643 634 1841 688 Nullns
1889 633 2071 704 acoly-

369 723 625 784 thorum,
661 723 745 775 vel
783 722 1261 776 subdiaconorum
1302 737 1424 776 rem
1465 726 1852 776 consecratam
1887 738 1918 775 a
1947 737 2071 791 pre-

372 812 598 882 sbytero
627 811 748 880 jam
775 810 900 864 aliis
950 811 1248 881 porrigat:
1283 811 1419 881 quia
1444 811 1600 864 aliud
1648 816 1734 864 est
1787 809 2068 875 minister,

373 900 529 955 aliud
561 899 860 965 adsistens,
902 898 1013 952 nisi
1063 904 1286 952 tantum
1333 904 1652 969 supportet,
1684 899 1838 969 quod
1873 897 1926 951 ei
1983 913 2065 951 sa-

377 989 577 1042 cerdos
602 987 960 1058 imposuerit,
1003 1002 1100 1040 ore
1129 1003 1231 1040 suo
1264 987 1644 1041 benedictum.

379 1096 508 1151 CAP.
542 1094 830 1149 XXXV.-—
884 1095 962 1146 De
1015 1092 1128 1147 illis
1187 1095 1285 1161 qui
1334 1096 1459 1162 post
1510 1094 1753 1162 aliquam
1817 1092 2072 1159 degusta-

768 1168 963 1218 tionem
999 1167 1325 1232 sacriﬁcium
1353 1167 1673 1233 acceperint.

447 1255 556 1324 (Ea:
584 1253 729 1308 decr.
781 1253 1038 1320 Eutychii
1085 1268 1262 1321 papae,
1298 1255 1474 1321 capite
1521 1253 1593 1320 2.)
1626 1252 1734 1316 Qui
1794 1251 2076 1322 acceperit

376 1342 717 1396 sacriﬁcium
768 1346 895 1412 post
944 1341 1154 1405 cibum,
1216 1346 1316 1395 aut
1346 1345 1476 1410 post
1504 1341 1756 1411 aliquam
1813 1340 2074 1411 parvissi-

376 1447 530 1484 mam
571 1429 965 1496 refectionem,
1015 1428 1125 1481 nisi
1154 1443 1257 1498 pro
1315 1429 1543 1494 viatico,
1579 1428 1741 1497 pueri
1768 1433 1884 1482 tres
1931 1427 2072 1494 dies,

376 1519 624 1588 majores
654 1524 892 1588 septem,
923 1516 1112 1570 clerici
1135 1515 1342 1586 viginti
1373 1517 1493 1570 dies
1515 1517 1829 1586 pcnniteant

379 1627 510 1681 CAP.
548 1624 760 1678 XXXVI.
802 1651 870 1664 —
913 1625 978 1676 Ut
1011 1623 1295 1691 presbyter
1342 1624 1633 1678 illiteratus
1674 1626 1898 1678 Missam
1937 1623 2076 1678 cele-

949 1697 1107 1746 brare
1134 1709 1240 1746 non
1283 1693 1493 1750 debeat.

447 1785 558 1852 (Ea:
617 1782 762 1836 decr.
823 1782 1066 1834 Fabiani
1090 1797 1269 1850 papae,
1330 1784 1506 1850 capite
1563 1784 1672 1850 l0.)
1725 1782 2079 1837 Sacriﬁcium

385 1888 497 1926 non
532 1875 620 1924 est
678 1869 1081 1940 accipiendum
1129 1870 1198 1924 de
1229 1886 1402 1923 manu
1451 1871 1783 1938 sacerdotis,
1814 1871 1914 1942 qui
1959 1888 2083 1924 ora-

381 1960 588 2026 tiones,
647 1959 733 2012 vel
789 1958 1082 2026 lectiones,
1140 1963 1196 2012 et
1250 1958 1502 2028 reliquas
1558 1959 1978 2013 observationes
2021 1960 2082 2012 in

382 2048 566 2112 Missa,
599 2047 914 2100 secundum
952 2045 1129 2100 ritum
1159 2046 1399 2116 implere
1436 2062 1550 2100 non
1583 2052 1792 2116 posset.

387 2137 514 2191 CAP.
573 2135 812 2189 XXXVII.
872 2166 940 2173 —
995 2137 1098 2188 Pro
1151 2138 1313 2187 unius
1379 2135 1648 2190 oblatione
1702 2137 1928 2191 alterius
1977 2152 2086 2190 non

1043 2205 1421 2274 spernendam.

458 2296 711 2363 (Eugenii
734 2310 914 2363 papae,
959 2297 1134 2362 capite
1186 2293 1294 2363 t7.)
1315 2295 1615 2364 Presbyter
1644 2310 1747 2364 pro
1782 2294 1953 2348 unius
1985 2295 2085 2349 ob-

384 2384 617 2448 latione,
653 2382 881 2436 alterius
907 2398 1021 2436 non
1050 2387 1300 2451 spernat.

389 2475 520 2528 CAP.
552 2472 931 2527 XXXVIII.'—
984 2471 1048 2524 Ut
1087 2470 1468 2524 dissidentium
1501 2473 1742 2537 fratrum
1795 2471 2086 2528 oblationes

990 2556 1097 2594 non
1125 2543 1482 2609 recipiantur.

459 2633 569 2699 (Ea:
607 2631 828 2684 concilio
860 2630 1149 2695 Africano,
1195 2633 1372 2698 capite
1403 2629 1513 2699 93.)
1555 2629 1885 2684 Oblationes
1919 2631 2085 2684 dissi-

391 2721 649 2776 dentium
682 2719 946 2786 fratrum,
977 2733 1164 2788 neque
1191 2717 1251 2770 in
1293 2718 1560 2786 sacrario,
1605 2734 1794 2790 neque
1831 2719 1893 2773 in
1922 2735 2086 2790 gazo-

389 2807 650 2880 phylacio
680 2806 1053 2876 recipiantur.

393 2899 519 2953 CAP.
555 2896 771 2950 XXXIX.
800 2923 874 2934 —
933 2895 999 2947 Ut
1043 2893 1343 2958 refutanda
1389 2895 1500 2946 sint
1555 2909 1737 2949 eorum
1781 2895 1944 2961 dona,
1991 2897 2088 2964 qui

923 2979 1188 3032 pauperes
1218 2966 1553 3033 opprimunt.

461 3055 578 3125 (Ea:
605 3053 803 3120 eodem,
838 3053 1014 3120 capite
1035 3052 1142 3113 94.)
1174 3053 1405 3117 Eorum,
1449 3053 1548 3122 qui
1590 3051 1872 3124 pauperes
1895 3053 2089 3125 oppri-

397 3149 584 3209 munt,
617 3142 769 3195 dona
795 3157 828 3194 a
851 3139 1239 3194 sacerdotibus
1270 3140 1592 3194 refutanda.

609 3231 735 3284 CAP.
763 3229 865 3283 XL.
895 3257 964 3269 —
997 3231 1067 3282 De
1095 3229 1425 3296 presbyteris
1451 3230 1876 3284 immolantibus.

469 3320 578 3390 (Ea:
607 3319 829 3372 concilio
856 3318 1169 3385 Ancyrano,
1219 3318 1402 3386 capite
1445 3318 1518 3386 l.)
1572 3319 1936 3388 Presbyteros
1988 3318 2093 3373 im-

399 3409 699 3472 molantes,
732 3411 786 3460 et
834 3406 1047 3459 iterum
1097 3406 1381 3458 luctamen
1421 3406 1717 3472 adeuntes,
1749 3406 1796 3460 si
1840 3407 1945 3461 hoc
1973 3423 2092 3461 non

399 3513 502 3568 per
530 3495 855 3549 illusionem
887 3493 1137 3565 aliquam
1179 3493 1275 3548 sed
1308 3510 1374 3547 ex
1407 3493 1644 3548 veritate
1678 3495 1955 3563 fecerunt,
1989 3512 2094 3550 nec

400 3591 532 3639 ante
587 3588 850 3655 parentes
899 3587 955 3636 et
1007 3583 1359 3647 atfectantes,
1415 3587 1588 3652 atque
1653 3583 1975 3648 suadentes,
2030 3590 2096 3639 ut

401 3674 751 3728 aestimarent
820 3671 1053 3740 quidem
1110 3670 1408 3724 tormentis
1441 3670 1646 3740 aptari,
1697 3672 1794 3725 sed
1833 3672 1920 3726 his
1969 3672 2092 3726 visu

399 3767 620 3816 tantum
653 3765 709 3814 et
745 3759 942 3814 habitu
973 3759 1195 3829 subjici,
1242 3760 1350 3813 hoc
1399 3759 1612 3829 placuit
1657 3759 1937 3814 honorem
1964 3761 2095 3832 qui-

398 3851 528 3906 dem
557 3849 808 3920 propriae
839 3848 987 3902 sedis
1031 3848 1278 3901 retinere
1313 3864 1326 3901 :
1376 3848 1579 3902 otferre
1616 3853 1830 3914 autem,
1877 3854 1977 3903 aut
2020 3850 2096 3904 al-

398 3938 556 4010 loqui
608 3938 908 4009 populum,
966 3942 1065 3990 aut
1123 3936 1360 3989 omnino
1419 3936 1867 4004 sacerdotalibus
1928 3937 2091 4008 fungi

398 4027 600 4082 ofﬁciis
629 4041 746 4080 non
779 4025 971 4078 licere.

843 4114 971 4168 CAP.
1005 4112 1136 4166 XLI.
1167 4141 1235 4150 -—-
1269 4111 1348 4163 De
1376 4111 1646 4165 eademre.

2179 505 2481 560 vesperum
2529 488 2746 542 intrare
2790 487 3096 542 Ecclesiam
3145 503 3260 541 non
3307 488 3634 545 conceditur.
3680 493 3811 556 Quod

2179 584 2375 633 tamen
2403 578 2569 632 aliter
2591 577 2842 648 populus
2870 575 3140 646 spiritalis
3162 575 3502 645 intelligens,
3530 579 3624 631 sub
3647 583 3811 636 eodem

2178 664 2474 721 intellectu
2533 664 2790 735 accipiet,
2854 680 2968 734 quo
3011 663 3233 734 praefati
3287 679 3476 716 sumus
3521 666 3644 735 quia
3685 671 3812 738 quasi

2181 772 2284 825 per
2311 755 2601 809 somnium
2627 754 2912 821 illuditur,
2940 753 3039 824 qui
3063 757 3310 806 tentatus
3329 753 3678 809 immundicia
3699 760 3814 811 veris

2181 843 2527 914 imaginibus
2546 843 2606 896 in
2627 843 2972 913 cogitatione
2991 842 3344 912 inquinatur.
3367 842 3472 896 Sed
3495 843 3734 898 levandus
3753 853 3815 899 est

2181 947 2350 1002 aqua,
2387 937 2449 984 ut
2475 931 2669 1001 culpas
2695 930 3054 1000 cogitationis
3089 929 3352 1000 lacrymis
3407 930 3608 995 abluat,
3648 938 3695 985 et
3733 935 3816 987 nisi

2180 1020 2342 1092 prius
2371 1019 2520 1090 ignis
2549 1018 2886 1074 tentationis
2911 1017 3227 1079 recesserit,
3253 1033 3410 1070 reum
3435 1033 3491 1071 se
3513 1018 3660 1087 quasi
3677 1037 3816 1091 usque

2182 1108 2254 1162 ad
2287 1123 2591 1177 vesperum
2623 1113 2946 1176 cognoscat.
2972 1106 3080 1159 Sed
3103 1105 3268 1159 estin
3289 1106 3483 1158 eadem
3501 1106 3732 1161 illusione
3750 1125 3818 1161 ne-

2182 1194 2426 1248 cessaria
2454 1194 2618 1248 valde
2659 1193 2949 1260 discretio,
2997 1210 3128 1264 quas
3171 1193 3455 1246 subtiliter
3497 1195 3705 1262 pensari
3742 1198 3816 1249 de-

2183 1283 2335 1350 beat,
2407 1299 2475 1336 ex
2536 1299 2651 1354 qua
2702 1299 2762 1336 re
2821 1282 3033 1336 accidat
3085 1281 3264 1336 menti
3322 1282 3660 1337 dormientis.
3710 1284 3818 1338 Nam

2184 1371 2497 1442 aliquando
2530 1388 2598 1425 ex
2643 1372 2896 1441 crapula,
2957 1371 3265 1442 aliquando
3319 1387 3384 1424 ex
3416 1379 3624 1425 natura:
3665 1390 3820 1442 super-

2185 1458 2424 1527 ﬂuitate,
2484 1459 2573 1512 vel
2647 1459 3005 1526 inﬁrmitate,
3064 1459 3376 1529 aliquando
3431 1475 3492 1512 ex
3539 1460 3822 1529 cogitatione

2185 1548 2485 1618 contingit.
2523 1549 2586 1601 Et
2638 1548 2870 1618 quidem
2901 1563 3079 1618 quum
3120 1564 3184 1601 ex
3219 1553 3440 1601 naturas
3471 1547 3819 1617 superﬂuitate,

2187 1637 2275 1689 vel
2312 1635 2647 1689 inﬁrmitate
2674 1635 2945 1700 evenerit,
3002 1635 3336 1689 omnimodo
3380 1635 3500 1688 haec
3544 1635 3708 1688 illusio
3737 1653 3821 1689 non

2189 1730 2274 1780 est
2302 1724 2608 1778 timenda:
2663 1724 2761 1795 qui
2807 1723 2953 1778 hanc
2998 1725 3227 1777 animus
3277 1724 3532 1778 nesciens
3583 1725 3822 1795 pertulisse

2190 1812 2374 1882 magis
2407 1812 2686 1866 dolendus
2733 1816 2818 1865 est
2871 1828 3043 1883 quam
3094 1811 3313 1865 fecisse.
3352 1812 3533 1877 Quum
3575 1828 3690 1865 vero
3713 1811 3823 1866 ultra

2190 1901 2430 1955 modum
2474 1901 2763 1970 appetitus
2817 1901 2967 1970 gulae
3013 1901 3074 1954 in
3118 1901 3415 1955 sumendis
3461 1901 3715 1954 alimentis
3757 1917 3825 1954 ra-

2191 1989 2368 2060 pitur,
2401 1994 2572 2059 atque
2615 1989 2824 2043 idcirco
2877 1989 3188 2042 humerum
3239 1988 3589 2058 receptacula
3634 2004 3824 2058 gravan-

2191 2081 2304 2146 tur,
2364 2077 2537 2131 habet
2589 2076 2791 2130 exinde
2851 2077 3078 2130 animus
3137 2077 3394 2146 aliquem
3460 2080 3683 2138 reatum,
3737 2092 3824 2129 non

2193 2171 2386 2220 tamen
2423 2181 2603 2236 usque
2644 2165 2711 2219 ad
2757 2165 3203 2235 prohibitionem
3242 2164 3594 2235 percipiendi
3628 2164 3826 2232 corporis

2195 2254 2403 2309 Christi
2451 2254 2539 2307 vel
2609 2254 2914 2307 missarum
2971 2253 3250 2306 solemnia
3305 2252 3644 2320 celebrandi,
3691 2268 3827 2322 quum

2193 2343 2448 2409 fortasse,
2477 2349 2574 2396 aut.
2605 2343 2783 2396 festus
2814 2342 2934 2396 dies
2975 2342 3171 2409 exigit,
3219 2347 3324 2396 aut
3373 2341 3616 2395 exhiberi
3664 2344 3826 2408 myste-

2194 2434 2344 2488 rium
2376 2449 2477 2503 pro
2537 2451 2604 2487 eo
2637 2434 2790 2504 quod
2823 2433 3085 2487 sacerdos
3131 2434 3278 2487 alius
3319 2434 3381 2487 in
3411 2435 3531 2486 loco
3561 2433 3716 2497 deest,
3740 2431 3830 2500 ipsa

2195 2523 2502 2576 necessitas
2555 2522 2868 2592 compellit,
2900 2521 3137 2575 mutatis
3189 2521 3444 2575 vestibus
3489 2524 3672 2574 cantet.
3726 2520 3830 2572 Nam

2194 2611 2243 2664 si
2265 2611 2470 2664 adsunt
2499 2609 2620 2677 alii,
2653 2609 2752 2680 qui
2781 2609 3021 2679 implere
3063 2609 3406 2679 mysterium
3434 2609 3660 2674 valeant,
3685 2607 3830 2661 illusio

2193 2715 2296 2768 per
2348 2699 2641 2768 crapulam
2696 2699 2844 2752 facta
2924 2714 2954 2750 a
2995 2697 3366 2768 perceptione
3442 2697 3577 2750 sacri
3627 2694 3831 2766 mysterii

2194 2788 2502 2858 prohibere
2557 2803 2677 2841 non
2736 2787 2927 2855 debet,
2979 2787 3075 2841 sed
3134 2787 3204 2842 ab
3280 2787 3662 2841 immolatione
3724 2783 3832 2837 sacri
3904 2795 3905 2798 ‘

2197 2877 2454 2946 mysterii
2499 2875 2809 2941 abstinere,
2850 2885 2914 2928 ut
2951 2875 3216 2943 arbitror,
3269 2876 3562 2930 humiliter
3611 2873 3769 2938 debet,
3802 2872 3832 2922 si

2121 2954 2161 3009 C
2199 2968 2390 3017 tamen
2423 2963 2759 3018 dormientis
2815 2969 3065 3016 mentem
3115 2963 3272 3034 turpi
3325 2963 3709 3033 imaginatione
3753 2975 3832 3013 non

2200 3051 2566 3106 concusserit.
2606 3052 2748 3105 Nam
2796 3057 2930 3106 sunt
2958 3052 3168 3122 quibus
3200 3052 3280 3106 ita
3321 3053 3647 3123 plerumque
3691 3048 3833 3103 illusio

2201 3140 2472 3204 nascitur,
2509 3145 2573 3193 ut
2611 3155 2814 3193 eorum
2867 3139 3112 3206 animus,
3173 3140 3344 3194 etiam
3409 3141 3466 3192 in
3513 3154 3694 3192 somno
3742 3151 3832 3189 cor-

2201 3229 2359 3297 poris
2385 3228 2622 3298 positus,
2654 3228 2918 3298 turpibus
2947 3228 3458 3298 imaginationibus
3487 3245 3596 3282 non
3626 3226 3832 3281 fedetur.

2201 3316 2323 3380 Qua
2351 3316 2412 3370 in
2442 3332 2503 3370 re
2552 3331 2733 3370 unum
2786 3316 2867 3370 ibi
2912 3317 3249 3384 ostenditur,
3304 3317 3428 3388 ipsa
3457 3332 3609 3370 mens
3642 3331 3724 3368 rea
3751 3327 3832 3366 non

2201 3408 2396 3458 tamen
2430 3405 2520 3469 sit,
2565 3405 2652 3458 vel
2690 3419 2794 3458 suo
2820 3403 3037 3474 judicio
3086 3404 3308 3458 libera:
3362 3421 3536 3474 quum
3574 3419 3628 3458 se
3657 3408 3706 3456 et
3737 3401 3832 3454 dor-

2202 3493 2404 3547 mienti
2457 3509 2697 3563 corpore
2756 3493 2898 3546 nihil
2962 3493 3229 3546 meminit
3283 3493 3514 3559 vidisse,
3580 3498 3749 3545 tamen
3791 3488 3832 3539 in

2201 3581 2411 3652 vigiliis
2453 3580 2745 3651 corporeis
2802 3581 3068 3635 meminit
3116 3582 3176 3634 in
3226 3581 3544 3652 ingluviem
3603 3578 3833 3634 cecidisse.

2205 3669 2303 3725 Sin
2332 3685 2465 3724 vero
2499 3686 2568 3723 ex
2588 3669 2742 3740 turpi
2773 3669 3118 3746 cogitatione
3148 3670 3440 3741 vigilantis
3486 3669 3658 3723 oritur
3694 3665 3836 3720 illusio

2204 3758 2561 3826 dormientis,
2592 3763 2750 3829 patet
2790 3759 2984 3812 animo
3034 3765 3226 3812 reatus
3270 3775 3426 3812 suus.
3469 3758 3622 3812 Videt
3663 3754 3787 3809 enim
3815 3768 3836 3803 a

2204 3864 2317 3918 qua
2348 3847 2535 3902 radice
2589 3846 2912 3918 inquinatio
2959 3847 3058 3902 illa
3115 3847 3490 3917 processerit:
3544 3845 3666 3916 quia
3723 3839 3835 3911 quod

2205 3936 2477 4007 cogitavit
2544 3935 2748 4004 sciens,
2819 3937 2927 3990 hoc
2978 3937 3218 4006 pertulit
3295 3938 3567 3990 nesciens.
3619 3936 3834 4002 Proptera

2202 4027 2376 4079 talem
2407 4024 2808 4094 pollutionem,
2843 4041 2876 4077 a
2896 4040 3054 4078 sacro
3084 4025 3358 4095 mysterio
3387 4042 3454 4078 eo
3485 4025 3572 4078 die
3605 4021 3833 4076 abstinere

2205 4118 2446 4183 oportet.
2505 4113 2610 4166 Sed
2661 4112 3020 4182 pensandum
3072 4118 3176 4179 est,
3229 4113 3358 4183 ipsa
3389 4112 3646 4183 cogitatio
3688 4114 3834 4163 utrum

473 4207 580 4270 (Em
607 4201 806 4265 eodem,
847 4215 969 4268 cap.
1019 4203 1120 4266 l2.)
1165 4199 1399 4251 Diaconi
1429 4198 1715 4266 similiter,
1753 4199 1854 4270 qui
1883 4199 2091 4254 immo-
2119 4235 2164 4289 υ
2205 4203 2263 4256 in
2293 4201 2680 4272 suggestione,
2714 4201 2820 4255 hac
2850 4201 2910 4254 in
2953 4201 3348 4267 delectatione,
3385 4203 3491 4266 vel,
3524 4199 3666 4271 quod
3701 4195 3836 4263 majus

400 4293 684 4356 laverunt,
712 4289 992 4342 honorem
1021 4286 1254 4357 quidem
1286 4286 1556 4352 habeant,
1587 4293 1808 4342 cessent
1851 4304 1980 4341 vero
2023 4289 2093 4343 ab

401 4380 561 4434 omni
592 4394 750 4431 sacro
783 4375 1072 4446 mysterio,
1121 4374 1238 4428 sive
1289 4392 1319 4429 a
1354 4392 1523 4445 pane,
1579 4377 1695 4430 sive
1727 4393 1760 4430 a
1818 4377 1988 4430 calice
2017 4377 2094 4431 of-

398 4467 660 4533 ferendo,
695 4466 781 4519 vel
812 4464 1194 4535 praedicando.
1233 4464 1389 4528 Quod
1442 4465 1490 4518 si
1532 4464 1768 4536 quidam
1800 4466 2092 4536 episcopo-

401 4571 530 4611 rum
553 4552 764 4608 conscii
820 4557 954 4606 sunt
990 4551 1202 4606 laboris
1251 4568 1474 4617 eorum,
1521 4558 1579 4606 et
1628 4553 1990 4620 humilitatis,
2039 4558 2094 4608 et

402 4640 874 4704 mansuetudinis,
927 4645 982 4694 et
1025 4640 1311 4694 voluerint
1340 4641 1421 4694 eis
1464 4641 1678 4711 aliquid
1711 4641 1960 4712 amplius
1989 4643 2089 4696 tri-

399 4734 598 4798 buere,
633 4730 716 4784 vel
744 4728 1016 4793 adimere,
1043 4744 1217 4797 penes
1238 4728 1388 4798 ipsos
1410 4729 1519 4783 erit
1540 4734 1803 4800 potestas.

399 4821 528 4877 CAP.
560 4819 715 4873 XLII.
765 4847 836 4857 ——
880 4820 956 4872 De
991 4817 1339 4886 presbyteris,
1391 4818 1587 4886 quibus
1621 4820 1753 4874 solet
1780 4819 2091 4875 dormienda

936 4903 1074 4956 saepe
1102 4903 1277 4942 semen
1305 4890 1542 4956 efﬂuere.

467 4980 846 5050 (Interrogatio
901 4977 1136 5044 August.
1202 4977 1502 5045 Anglorum
1558 4979 1836 5048 apostoli.)
1875 4978 1934 5034 Si
1966 4985 2092 5050 post

394 5069 739 5135 illusionem,
802 5081 932 5136 quae
988 5081 1092 5136 per
1151 5065 1442 5118 somnium
1492 5067 1636 5122 solet
1668 5068 1942 5133 accidere,
2002 5069 2090 5124 vel

395 5173 601 5227 corpus
633 5154 860 5210 Domini
894 5153 1136 5224 quilibet
1165 5154 1418 5223 accipere
1451 5156 1654 5224 valeat,
1687 5158 1772 5211 vel
1802 5157 1850 5211 si
1905 5174 2092 5212 sacer-

397 5246 496 5299 dos
528 5245 622 5312 sit,
656 5259 814 5297 sacra
845 5241 1113 5314 mysteria
1143 5242 1450 5296 celebrare.

804 5350 932 5404 CAP.
961 5350 1142 5404 XLIII.
1174 5379 1242 5388 ——
1285 5349 1367 5402 De
1396 5347 1580 5403 eadem
1603 5365 1681 5404 re.

469 5437 781 5507 (Responsio
822 5437 1061 5504 Gregor.)
1105 5436 1171 5490 Et
1197 5436 1431 5506 quidem
1472 5435 1625 5489 hunc
1657 5437 2088 5492 Testamentum

394 5523 605 5580 veteris
630 5523 795 5595 legis,
823 5524 968 5578 sicut
997 5524 1054 5578 in
1085 5523 1365 5594 superiori
1393 5523 1644 5595 capitulo
1687 5525 1807 5595 jam
1838 5525 2090 5581 diximus

2204 4295 2305 4356 est,
2335 4290 2393 4343 in
2419 4288 2631 4360 peccati
2662 4305 2939 4342 consensu
2991 4289 3278 4343 ceciderit.
3311 4289 3515 4344 Tribus
3569 4287 3708 4342 enim
3747 4298 3835 4336 mo-

2202 4378 2287 4431 dis
2315 4377 2588 4447 impletur
2615 4393 2785 4430 omne
2834 4381 3152 4447 peccatum,
3189 4377 3472 4444 videlicet,
3511 4372 3835 4445 suggestione.

2203 4465 2601 4533 delectatione,
2633 4481 2937 4518 consensu.
2975 4465 3279 4536 Suggestio
3311 4465 3524 4536 quippe
3556 4465 3618 4518 tit
3641 4477 3729 4532 per
3748 4458 3836 4511 dia-

2200 4553 2421 4621 bolum,
2435 4553 2736 4608 delectatio
2756 4569 2859 4622 per
2870 4569 3124 4618 carnem,
3144 4569 3456 4607 consensus
3479 4568 3576 4622 per
3587 4549 3836 4621 spiritum:

2203 4642 2338 4712 quia
2360 4649 2415 4694 et
2445 4641 2691 4711 primam
2721 4643 2950 4710 culpam
2974 4658 3210 4712 serpens
3235 4641 3536 4712 suggessit,
3553 4641 3681 4702 “Eva,
3723 4634 3839 4686 velut

2201 4747 2354 4796 caro,
2387 4730 2660 4784 delectata
2684 4737 2789 4796 est,
2821 4730 3023 4797 Adam,
3054 4747 3190 4784 vero
3223 4733 3380 4784 velut
3402 4729 3624 4799 spiritus
3646 4734 3840 4778 consen-

2201 4819 2292 4873 sit.
2330 4820 2394 4872 Et
2425 4817 2744 4871 necessaria
2784 4822 2867 4870 est
2911 4833 3122 4888 magna
3167 4817 3437 4871 discretio
3485 4817 3626 4869 inter
3650 4821 3839 4878 sugges-

2198 4907 2418 4961 tionem
2487 4911 2658 4976 atque
2727 4905 3182 4971 delectationem,
3233 4905 3383 4959 inter
3464 4899 3837 4957 delectationem

2201 4999 2372 5065 atque
2402 5009 2761 5059 consensum,
2807 4993 3059 5063 judicem
3107 4995 3195 5047 sui
3252 4993 3552 5063 praesidere
3606 4988 3835 5042 animum.

2200 5086 2388 5150 Quum
2410 5083 2564 5138 enim
2596 5083 2881 5154 malignus
2911 5083 3145 5153 spiritus
3193 5088 3488 5152 peccatum
3533 5075 3758 5148 suggerit
3794 5071 3837 5122 in

2200 5177 2413 5240 mente,
2447 5173 2493 5226 si
2521 5174 2676 5226 nullo
2699 5172 2915 5246 peccati
2943 5171 3241 5227 delectatio
3262 5176 3550 5242 sequatur,
3590 5166 3834 5238 peccatum

2201 5262 2437 5316 omnino
2466 5267 2861 5332 perpetratum
2891 5277 3005 5315 non
3036 5264 3139 5316 est.
3193 5261 3380 5325 Quum
3433 5274 3557 5312 vero
3612 5246 3833 5308 delectari

2199 5365 2330 5404 caro
2358 5349 2612 5420 coeperit,
2644 5355 2780 5404 tunc
2821 5356 3115 5420 peccatum
3150 5349 3351 5420 incipit
3395 5347 3562 5411 nasci,
3592 5343 3634 5397 si
3679 5343 3831 5393 autem

2199 5437 2370 5492 etiam
2423 5437 2494 5492 ad
2551 5453 2894 5492 consensum
2969 5454 3034 5491 ex
3121 5437 3524 5491 deliberatione
3576 5424 3830 5486 consentit»

2200 5531 2334 5582 tunc
2378 5532 2676 5598 peccatum
2741 5526 3104 5598 cognoscitur
3145 5524 3362 5597 perﬁci.
3413 5525 3475 5578 In
3521 5513 3829 5590 suggestione
