4028 6190
206 261 317 312 761

1226 250 1702 307 DECRETORUM
1744 251 1934 307 LIBRI
1971 252 2078 307 ΧΧ.
2117 279 2187 289 -——
2228 247 2440 304 LIBER
2477 249 2792 312 QUINTUS.

3647 256 3755 307 762

210 383 407 453 igitur
437 378 686 452 peccati,
736 376 782 430 si
812 392 977 431 meus
1027 380 1114 430 est
1159 375 1218 428 in
1260 375 1663 439 delectatione,
1718 374 1785 428 ﬁt
1835 390 1944 427 nu-
1973 377 2020 428 A
2061 373 2186 428 CAP.
2217 372 2446 427 XLVIII.
2504 400 2578 412 —
2629 377 2697 433 De
2727 374 2819 453 illo
2861 375 2960 442 qui
3012 376 3203 453 evomit
3255 376 3602 442 sacriﬁcium,
3640 381 3690 429 et
3721 392 3755 428 a

208 472 597 535 trimentum,
633 469 696 521 in
728 482 1010 520 consensu
1041 464 1329 534 perfectio.
1368 465 1432 517 Et
1459 480 1609 533 saepe
1641 462 1947 531 contingit,

207 566 283 614 ut
340 560 454 612 hoc
502 574 621 628 quo
692 555 979 623 malignus
1032 552 1263 622 spiritus
1318 551 1564 604 seminat
1624 551 1684 602 in
1737 551 1948 619 cogita-

210 648 407 713 tione,
472 662 608 699 caro
667 645 727 697 in
797 641 1235 696 delectationem
1319 640 1527 706 trahat,
1584 653 1689 691 nec
1751 642 1949 691 tamen

213 738 461 791 animus
496 735 689 787 eidem
742 730 1108 785 delectationi
1140 728 1463 782 consentiat
1495 744 1507 780 :
1557 732 1614 780 et
1647 742 1777 778 cum
1816 741 1948 779 caro

216 823 506 879 delectari
552 822 679 875 sine
716 820 921 872 animo
974 821 1242 886 nequeat,
1295 818 1414 886 ipse
1466 820 1662 868 tamen
1721 813 1949 867 animus

215 914 420 967 carnis
447 910 845 979 voluptatibus
886 907 1191 971 reluctans,
1226 905 1283 958 in
1311 904 1688 958 delectatione
1734 902 1949 955 carnali

213 1004 427 1072 aliquo
457 1000 635 1053 modo
666 998 877 1065 ligatur
909 994 1142 1059 invitus,
1179 998 1240 1047 ut
1283 994 1336 1047 ei
1361 1009 1424 1046 ex
1457 991 1678 1045 ratione
1715 996 1947 1045 contra-

216 1091 415 1154 dicat;
465 1104 536 1141 ne
571 1084 913 1149 consentiat,
966 1088 1023 1135 et
1074 1087 1265 1135 tamen
1318 1080 1695 1135 delectatione
1736 1080 1949 1149 ligatus

214 1179 323 1243 sit,
360 1177 461 1230 sed
495 1176 737 1245 ligatum
767 1189 824 1224 se
857 1171 1228 1224 vehementer
1276 1169 1639 1239 ingemiscat.
1689 1167 1847 1220 Unde
1891 1174 1948 1220 et

213 1266 323 1319 ille
385 1264 611 1317 caelitus
668 1259 1009 1314 exercitatus
1075 1256 1398 1328 przecipuus
1448 1256 1611 1309 miles
1660 1254 1944 1324 gemebat,

215 1354 432 1407 dicens
469 1369 482 1404 :
518 1351 692 1403 Video
720 1348 892 1401 aliam
936 1349 1124 1415 legem
1174 1345 1235 1399 in
1281 1345 1558 1399 membris
1600 1343 1742 1396 meis
1776 1360 1946 1413 repu-

217 1445 511 1511 gnantem
544 1438 655 1506 legi
700 1437 912 1489 mentis
954 1451 1119 1501 meas,
1174 1439 1229 1486 et
1282 1434 1568 1503 captivum
1617 1448 1709 1485 me
1742 1431 1950 1485 ducen-

216 1534 347 1583 tem
388 1528 445 1579 in
492 1529 614 1594 lege
645 1524 880 1595 peccati,
922 1538 1051 1593 qua:
1106 1528 1193 1575 est
1244 1522 1303 1575 in
1356 1521 1632 1575 membris
1685 1520 1845 1573 meis.
1890 1519 1948 1573 Si

218 1622 430 1669 autem
463 1614 717 1682 captivus
766 1618 891 1663 erat
930 1609 1170 1662 minime
1212 1611 1523 1680 pugnabat.
1590 1609 1948 1679 Quapropter

218 1711 281 1758 et
318 1703 581 1772 captivus
613 1705 753 1765 erat,
789 1704 844 1752 et
875 1700 1172 1768 pugnabat
1204 1699 1552 1770 :igiturlegi
1582 1699 1789 1751 mentis
1827 1699 1950 1767 ejus

216 1793 342 1857 lex,
376 1806 507 1860 qua)
560 1788 619 1841 in
661 1786 917 1840 meubris
949 1792 1052 1850 est,
1096 1788 1481 1858 repugnabat.
1531 1787 1589 1841 Si
1620 1792 1810 1840 autem
1842 1803 1948 1855 pu-

217 1879 468 1951 gnabat,
504 1876 758 1945 captivus
795 1891 912 1927 non
947 1879 1084 1927 erat.
1134 1877 1335 1947 Itaque
1368 1882 1453 1929 est
1526 1878 1717 1943 homo,
1752 1885 1817 1929 ut
1874 1876 1950 1927 ita

218 1966 500 2031 dixerim,
528 1963 782 2033 captivus
816 1966 871 2015 et
902 1962 1064 2016 liber.
1116 1964 1288 2017 Liber
1320 1982 1385 2017 ex
1417 1964 1659 2035 justitia,
1695 1963 1950 2034 captivus

221 2074 296 2110 ex
330 2053 703 2108 delectatione
738 2066 910 2120 quam
944 2055 1144 2119 portat
1174 2052 1412 2105 invitus.

223 2164 364 2217 CAP.
410 2160 577 2213 XLIV.
625 2186 692 2197 —
738 2157 819 2209 De
874 2156 1223 2222 presbyteris
1266 2160 1493 2212 villanis
1542 2162 1592 2213 si
1634 2160 1691 2212 in
1732 2160 1951 2212 civitate

837 2227 1024 2293 offerre
1047 2230 1328 2283 audeant.

303 2322 416 2392 (Ea:
439 2320 619 2375 concil.
670 2319 923 2383 Neocavs.,
965 2330 1090 2384 cap.
1150 2320 1266 2386 13.)
1316 2317 1643 2388 Presbyteri
1692 2316 1842 2369 ruris
1892 2315 1952 2368 in

226 2411 475 2468 ecclesia
504 2406 741 2462 civitatis
772 2404 1036 2474 episcopo
1095 2412 1409 2477 praesente,
1465 2408 1554 2459 vel
1598 2404 1950 2476 presbyteris

230 2500 400 2555 urbis
431 2497 625 2568 ipsius,
658 2496 863 2549 oﬁerre
910 2509 1024 2546 non
1051 2500 1327 2564 possunt,
1368 2511 1471 2547 nec
1500 2510 1711 2566 panem
1744 2493 1950 2547 sancti-

229 2592 470 2645 ﬁcatum
498 2588 648 2651 dare,
684 2585 1031 2652 calicemque
1066 2583 1392 2653 porrigere.
1426 2585 1484 2637 Si
1524 2599 1656 2636 vero
1690 2584 1952 2636 absentes

231 2680 301 2734 hi
335 2677 566 2738 fuerint,
601 2684 655 2730 et
698 2675 766 2728 ad
825 2672 1073 2727 dandam
1124 2672 1453 2727 orationem
1499 2676 1794 2738 vocentur,
1848 2670 1953 2724 soli

240 2770 385 2822 dare
416 2765 722 2819 debebunt.

675 2853 804 2907 CAP.
841 2850 990 2903 XLV.
1022 2879 1093 2889 —
1123 2851 1206 2902 De
1234 2850 1419 2903 eadem
1442 2866 1516 2902 rc.

322 2947 432 3010 (Em
463 2943 605 2997 decr.
665 2940 912 2996 Soiheris
934 2954 1108 3006 papae,
1140 2954 1267 3006 cap.
1324 2938 1435 3007 I3.)
1486 2936 1811 3007 Presbyteri
1846 2935 1945 3006 qui
1984 2936 2024 2990 C

248 3031 735 3102 conreligionales
789 3043 904 3081 non
954 3032 1109 3095 sunt,
1161 3026 1221 3078 in
1268 3026 1540 3090 ecclesiis,
1575 3025 1953 3095 prreseutibus

243 3119 533 3191 episcopis
566 3119 651 3171 vel
701 3114 1050 3188 presbyteris
1088 3114 1353 3179 civitatis,
1390 3114 1595 3168 offerre
1645 3130 1758 3166 non
1791 3117 1949 3183 pote-

245 3215 408 3275 runt,
465 3224 567 3260 nec
595 3220 807 3276 panem
841 3203 994 3269 dare,
1050 3202 1110 3254 in
1153 3201 1414 3255 oratione
1463 3206 1657 3255 autem
1716 3202 1953 3255 calicem

246 3297 491 3351 dabunt.
522 3294 686 3358 Quod
721 3293 767 3345 si
816 3292 1074 3344 absentes
1122 3295 1256 3342 sunt
1317 3290 1559 3343 civitatis
1609 3290 1950 3351 sacerdotes,

246 3390 309 3440 et
341 3385 553 3438 fuerint
582 3380 807 3436 invitati
840 3381 898 3433 in
930 3379 1268 3444 orationem,
1303 3379 1407 3431 soli
1437 3384 1677 3448 possunt
1707 3378 1862 3431 dare.

250 3494 389 3549 Cap.
418 3491 593 3545 XLVI.
625 3521 692 3527 —
724 3492 799 3541 De
825 3488 937 3541 illis
968 3488 1065 3555 qui
1090 3500 1189 3552 per
1217 3486 1527 3539 ebrietatem
1566 3487 1955 3538 eucharistiam

931 3557 1275 3610 evomuerint.

326 3653 438 3716 (Ea:
463 3647 827 3704 Pcenitentiali
866 3644 1065 3713 Beda.)
1098 3644 1156 3697 Si
1188 3643 1315 3713 quis
1344 3659 1451 3712 per
1479 3642 1813 3696 ebrietatem
1869 3643 1957 3695 vel

256 3739 624 3792 voracitatem
672 3733 1078 3789 eucharistiam
1126 3731 1467 3796 evomuerit,
1500 3731 1585 3784 XL
1613 3730 1733 3783 dies
1766 3728 1957 3798 pceni-

250 3832 375 3881 teat
407 3843 419 3879 :
449 3825 658 3890 clerici,
704 3824 789 3876 vel
821 3820 1109 3887 monachi,
1145 3835 1242 3873 seu
1278 3819 1526 3882 diaconi,
1558 3819 1646 3874 XL
1677 3817 1798 3871 dies
1836 3834 1959 3887 poe-

255 3916 499 3979 uiteaut,
532 3911 870 3982 presbyteri,
920 3910 1049 3963 LXX
1101 3908 1241 3973 dies,
1297 3907 1552 3978 episcopi
1606 3908 1712 3961 XC.
1760 3907 1819 3961 Si
1850 3922 1955 3977 pro

253 4002 607 4057 inﬁrmitatis
632 4016 802 4054 causa
824 3996 1160 4063 evomuerit,
1185 3998 1278 4050 VII
1310 3997 1429 4050 dies
1448 3995 1741 4066 pmniteat.

256 4111 388 4163 CAP.
422 4108 622 4164 XLVII.
659 4110 731 4161 De
765 4108 876 4172 hoc,
919 4107 971 4158 si
1035 4103 1250 4170 aliquid
1308 4104 1373 4156 de
1411 4104 1576 4157 calice
1633 4104 1779 4155 sacri
1821 4117 1957 4156 san—

845 4177 1030 4244 guinis
1056 4175 1366 4229 stillaverit.

328 4285 437 4355 (Ea:
458 4286 601 4339 decr.
629 4286 718 4339 Pii
741 4298 921 4352 papae,
947 4282 1077 4350 'cap.
1109 4281 1183 4350 3.)
1213 4280 1270 4334 Si
1324 4296 1455 4333 vero
1504 4295 1607 4349 per
1654 4279 1955 4349 negligen-

257 4374 399 4427 tiam
433 4375 502 4426 de
539 4373 711 4426 calice
751 4371 967 4440 aliquid
1009 4368 1307 4423 stillaverit
1349 4368 1408 4421 in
1458 4373 1693 4433 terram,
1725 4368 1954 4438 lingua-

253 4464 433 4528 bitur,
467 4462 659 4515 tabula
686 4460 936 4514 radetur.
991 4458 1049 4513 Si
1096 4474 1213 4511 non
1245 4456 1416 4510 fuerit
1460 4456 1671 4521 tabula,
1731 4464 1794 4509 ut
1840 4472 1957 4509 non

255 4551 641 4615 conculcetur,
674 4549 827 4601 locus
848 4545 1203 4609 corradetur,
1232 4550 1289 4598 et
1315 4545 1373 4598 in
1405 4545 1539 4614 igne
1560 4550 1951 4609 consumatur,

256 4644 316 4692 et
345 4638 487 4691 cinis
516 4639 663 4691 intra
693 4638 871 4691 altare
900 4635 1265 4699 recondetur,
1304 4640 1359 4687 et
1401 4633 1665 4686 sacerdos
1695 4632 1956 4703 quadra-

254 4726 420 4796 ginta
448 4726 566 4780 dies
594 4726 881 4796 pmniteat.
915 4724 971 4777 Si
1005 4738 1173 4793 super
1224 4724 1400 4776 altare
1443 4721 1742 4775 stillaverit
1791 4721 1953 4785 calix,

255 4816 485 4868 sorbeat
536 4816 799 4868 minister
846 4814 1078 4875 stillam,
1125 4815 1180 4864 et
1209 4816 1322 4865 tres
1374 4811 1494 4864 dies
1546 4810 1841 4879 paeniteat.
1897 4809 1957 4865 Si

256 4920 361 4977 per
390 4904 629 4957 linteum
652 4902 847 4959 altaris
880 4902 948 4955 ad
974 4900 1125 4954 aliud
1160 4901 1308 4953 stilla
1338 4900 1680 4970 pervenerit,
1715 4904 1958 4969 quatuor

257 4994 379 5046 dies
408 4992 705 5062 pmniteat.
738 4991 793 5045 Si
826 5006 1010 5060 usque
1065 4988 1319 5054 tertium,
1352 5004 1555 5041 novem
1599 4986 1739 5040 dies.
1772 4986 1829 5040 Si
1862 5004 1955 5039 us-

254 5098 370 5153 que
399 5089 684 5152 quartum,
721 5078 1057 5151 quindecim
1108 5077 1275 5130 dies:
1332 5082 1388 5131 et
1434 5076 1770 5129 linteamina
1830 5092 1958 5144 quas

253 5171 569 5241 tetigerunt
597 5170 807 5223 stillam
850 5168 1033 5221 tribus
1086 5165 1345 5219 minister
1383 5165 1576 5218 abluat
1598 5164 1831 5230 vicibus,
1866 5180 1955 5217 ca-

257 5259 359 5312 lice
408 5258 809 5328 subterposito,
880 5261 936 5310 et
1000 5271 1150 5326 aqua
1201 5253 1513 5308 ablutionis
1563 5257 1842 5320 sumatur,
1903 5257 1959 5306 et

254 5348 418 5417 juxta
448 5348 623 5400 altare
655 5345 999 5399 recondatur

2607 444 2836 497 canibus
2867 446 3216 499 consumitur.

2130 534 2234 599 (Ea:
2282 534 2657 586 Paenitentiali
2718 534 2940 601 Theod.)
3001 533 3106 596 Qui
3161 532 3480 586 evomuerit
3537 533 3748 586 sacriﬁ—

2056 622 2207 675 cium
2239 626 2295 674 et
2320 638 2351 673 a
2384 622 2619 674 canibus
2650 623 3026 686 consumitur,
3062 638 3277 674 annum
3347 637 3525 674 unum
3566 621 3747 690 paeni-

2056 715 2172 765 teat
2206 728 2218 764 :
2250 709 2337 762 sin
2385 716 2599 777 autem,
2649 712 3027 780 quadraginta
3077 710 3197 763 dies
3246 711 3547 778 pceniteat.
3608 710 3663 763 Si
3697 710 3755 762 in

2056 800 2147 853 die
2184 798 2413 868 quando
2462 799 2971 852 communicaverit
3018 798 3360 851 sacriﬁcium
3415 799 3755 866 evomuerit,

2054 888 2103 941 si
2142 893 2274 941 ante
2332 888 2580 940 mediam
2616 894 2837 941 noctem
2870 894 2985 941 tres
3036 886 3526 957 superpositioues
3565 887 3752 940 faciat.

2055 976 2113 1030 Si
2162 978 2294 1044 post
2340 976 2589 1029 mediam
2647 982 2894 1043 noctem,
2954 977 3116 1039 duas,
3168 977 3225 1029 Si
3274 980 3403 1047 post
3446 975 3758 1028 matutinas

2056 1080 2262 1118 unam.

2479 1154 2607 1207 CAP.
2638 1154 2808 1207 XLIX.
2842 1181 2913 1193 —
2942 1156 3013 1207 De
3037 1152 3221 1205 eadem
3246 1168 3322 1205 re.

2131 1240 2241 1311 (Ea:
2273 1243 2638 1296 Paenitentiali
2675 1241 2954 1311 Romano.)
2994 1242 3050 1295 Si
3078 1257 3210 1299 vero
3242 1232 3582 1294 sacriﬁcium
3624 1255 3758 1293 evo-

2056 1330 2291 1396 muerit,
2347 1332 2726 1400 quadraginta
2778 1332 2898 1383 dies
2954 1330 3246 1399 pmniteat.
3290 1330 3346 1383 Si
3402 1327 3760 1382 inﬁrmitatis

2058 1434 2254 1483 causa,
2289 1424 2507 1488 septem
2547 1420 2713 1473 dies:
2762 1418 2803 1469 si
2848 1419 2905 1471 in
2966 1419 3158 1488 ignem
3214 1419 3464 1487 projicit,
3527 1422 3759 1470 centum

2059 1507 2311 1575 psalmos
2343 1513 2530 1560 cantet
2564 1525 2576 1561 :
2613 1508 2659 1559 si
2690 1524 2822 1560 vero
2853 1524 3019 1560 canes
3051 1507 3400 1560 lambueriut
3429 1507 3600 1559 talem
3660 1521 3760 1558 vo-

2062 1594 2291 1662 mitum,
2324 1601 2553 1649 centum
2579 1596 2699 1649 dies
2728 1595 2826 1665 qui
2848 1595 3078 1659 evomit,
3112 1595 3404 1665 poeniteat.

2340 1704 2467 1757 CAP.
2506 1704 2566 1756 L.
2601 1734 2665 1741 —
2700 1705 2768 1755 De
2799 1702 3131 1755 eucharistia
3163 1704 3481 1754 inveterata.

2135 1794 2243 1856 (Ex
2277 1793 2465 1845 concil.
2525 1793 2833 1855 Aureliam,
2896 1806 3015 1858 cap.
3051 1788 3126 1859 5.)
3173 1790 3353 1843 Omne
3422 1785 3764 1840 sacriﬁcium

2062 1882 2293 1933 sordida
2325 1885 2605 1933 vetustate
2637 1880 2946 1948 perditum,
2983 1879 3115 1947 igne
3149 1877 3603 1931 comburendum
3660 1879 3762 1941 est,

2060 1974 2118 2022 et
2150 1969 2294 2023 cinis
2319 1971 2484 2039 juxta
2515 1968 2693 2020 altare
2724 1968 3107 2037 sepeliendus.

2061 2076 2188 2131 CAP.
2227 2077 2314 2130 LI.
2350 2104 2418 2116 —
2448 2080 2520 2129 De
2549 2076 2661 2128 illis
2715 2077 2811 2143 qui
2848 2090 2953 2127 non
2998 2075 3122 2127 bene
3168 2073 3522 2127 custodierint
3571 2084 3765 2140 corpus

2578 2151 2627 2199 et
2664 2149 2981 2213 sanguinem
3012 2148 3244 2199 Domini.

2130 2236 2242 2306 (Ea:
2297 2236 2495 2289 eodem.
2522 2252 2642 2303 cap.
2678 2236 2756 2304 6.)
2796 2234 2902 2299 Qui
2949 2250 3063 2287 non
3113 2234 3256 2287 bene
3298 2230 3635 2285 custodierit
3674 2244 3761 2281 sa-

2060 2326 2367 2393 criﬁcium,
2400 2330 2452 2378 et
2484 2341 2628 2391 mus,
2663 2325 2748 2377 vel
2781 2324 3010 2394 aliquod
3064 2322 3220 2376 aliud
3258 2320 3469 2375 animal
3510 2318 3766 2372 comede-

2060 2413 2134 2466 rit
2164 2414 2330 2475 illud,
2364 2412 2746 2483 quadraginta
2779 2413 2898 2466 dies
2930 2411 3223 2482 pcenileat.
3279 2409 3384 2473 Qui
3413 2413 3601 2461 autem
3634 2422 3765 2477 per-

2063 2502 2273 2554 diderit
2304 2501 2444 2553 illud
2480 2501 2537 2553 in
2591 2502 2846 2566 ecclesia,
2889 2506 2988 2553 aut
3037 2516 3165 2570 pars
3215 2500 3337 2569 ejus
3391 2496 3675 2561 ceciderit,
3709 2498 3764 2547 et

2063 2606 2179 2642 non
2210 2590 2446 2642 inventa
2484 2589 2676 2655 fuerit,
2738 2590 2862 2643 XXX
2900 2588 3018 2642 dies
3065 2589 3358 2659 pmniteat.
3412 2585 3765 2658 Perfundeps

2061 2677 2282 2747 aliquid
2324 2694 2497 2747 super
2553 2679 2728 2731 altare
2775 2679 2843 2731 de
2888 2677 3062 2729 calice
3113 2676 3343 2746 quando
3392 2676 3650 2741 offertur,
3696 2673 3763 2725 VI

2062 2766 2182 2820 dies
2216 2766 2512 2835 pmniteat,
2550 2772 2645 2819 aut
2674 2766 2720 2819 si
2753 2765 3162 2830 abundantius,
3193 2765 3282 2816 VII
3316 2763 3436 2821 dies
3467 2762 3759 2832 pmniteat.

2062 2854 2171 2918 Qui
2203 2859 2392 2907 autem
2423 2855 2717 2925 perfundit
2765 2854 2998 2907 calicem
3029 2855 3164 2907 dum
3208 2851 3539 2905 solemnitas
3572 2850 3761 2903 missae

2064 2943 2408 3009 celebratur,
2470 2945 2553 2997 XL
2641 2943 2762 2997 dies
2836 2942 3129 3012 poeniteat.
3184 2942 3238 2996 Si
3295 2957 3429 2993 vero
3480 2939 3764 2993 celebrata

2065 3032 2239 3084 missa
2272 3032 2568 3102 presbyter
2608 3032 2927 3101 neglexerit
2978 3031 3234 3099 accipere
3288 3018 3652 3091 sacriﬁcium,
3696 3026 3763 3079 si-

2064 3120 2282 3174 militer
2301 3121 2385 3174 XL
2415 3121 2533 3174 dies
2567 3121 2855 3191 poeniteat,
2887 3125 2941 3172 et
2973 3120 3071 3188 qui
3094 3118 3377 3188 acceperit
3425 3116 3764 3170 sacriﬁcium

2064 3209 2319 3278 pollutus
2351 3214 2634 3263 nocturno
2667 3214 2949 3276 tempore,
2982 3208 3071 3259 VII
3105 3207 3243 3259 dies.
3285 3205 3564 3258 Diacouus
3621 3204 3764 3257 obli-

2063 3298 2285 3350 viscens
2307 3298 2654 3352 oblalionem
2690 3298 2895 3350 oﬁ'errc
2918 3296 3096 3349 donec
3129 3295 3402 3347 offeratur
3426 3294 3760 3356 linteamcn,
3814 3320 3828 3335 ο

2065 3387 2297 3455 quando
2370 3386 2685 3439 recitantur
2732 3385 2970 3437 nomina
3042 3383 3448 3453 pausantium.,
3501 3382 3767 3434 similiter

2064 3476 2360 3542 paeniteat.
2397 3474 2504 3537 Qui
2539 3474 2952 3543 negligentiam
3005 3488 3141 3540 erga
3175 3471 3517 3524 sacriﬁcium
3546 3470 3760 3535 fecerit,

2065 3566 2130 3615 ut
2161 3562 2448 3616 vermibus
2470 3566 2874 3631 consumptum
2906 3562 2975 3614 ad
3009 3561 3252 3613 nihilum
3323 3559 3636 3623 devenerit,
3685 3560 3763 3610 III

2066 3651 2534 3721 quadragesimus
2567 3666 2696 3702 cum
2723 3666 2869 3719 pane
2902 3660 2955 3702 et
2995 3665 3142 3718 aqua
3174 3648 3468 3717 poeniteat.
3505 3646 3561 3700 Si
3610 3645 3763 3697 intc-

2067 3754 2236 3807 grum
2264 3740 2557 3791 inventum
2589 3737 2781 3801 fuerit,
2815 3736 2872 3789 in
2906 3754 2971 3790 eo
3019 3736 3229 3788 vermis
3283 3735 3674 3798 comburantur,
3709 3737 3766 3785 et

2068 3826 2209 3880 cinis
2239 3827 2344 3880 sub
2376 3827 2538 3879 altari
2565 3825 2865 3894 condatur,
2899 3830 2954 3878 et
2985 3824 3084 3893 qui
3135 3823 3471 3893 neglexerit,
3527 3826 3761 3890 quater-

2069 3916 2157 3968 nis
2188 3916 2387 3970 diebus
2435 3930 2599 3968 suam
2625 3913 3039 3983 negligentiam
3090 3912 3284 3964 solvat.
3336 3911 3395 3965 Si
3420 3925 3551 3963 cum
3584 3909 3756 3961 amis-

2068 4005 2229 4058 sione
2276 4003 2496 4073 saporis
2553 4003 2910 4055 decoloratur
2957 4000 3317 4065 sacriﬁcium,
3376 4001 3455 4053 XX
3505 3997 3625 4050 dies
3666 4013 3761 4049 ex-

2068 4095 2338 4164 pleantur
2358 4092 2603 4163 jejunio,
2650 4090 3109 4162 conglutinatam
3140 4104 3293 4155 vero,
3362 4087 3455 4140 VII
3512 4085 3630 4139 dies
3662 4084 3759 4154 qui

2072 4183 2287 4247 mersit,
2321 4180 2613 4251 poeniteat.

2510 4270 2636 4323 CAP.
2673 4268 2782 4321 LII.
2812 4299 2879 4305 ~—
2921 4268 3003 4319 De
3026 4266 3207 4319 eadem
3234 4280 3309 4317 re.

2137 4358 2257 4427 (Ea:
2288 4359 2652 4413 Pcznitentiali
2700 4357 2974 4423 Romano.)
3029 4355 3084 4408 Si
3117 4352 3381 4407 ceciderit
3420 4349 3758 4405 sacriﬁcium

2067 4447 2135 4501 de
2165 4447 2428 4500 manibus
2459 4445 2749 4499 offerentis
2782 4450 3107 4498 terratenus
3154 4446 3215 4494 ut
3258 4458 3374 4495 non
3410 4439 3760 4504 inveniatur,

2068 4552 2238 4591 omne
2269 4538 2652 4607 quodcunque
2683 4535 2977 4587 inventum
3032 4531 3204 4586 fuerit
3252 4531 3312 4584 in
3361 4531 3481 4583 loco
3546 4530 3604 4582 in
3649 4544 3762 4597 quo

2067 4625 2335 4680 ceciderit
2360 4626 2750 4691 comburetur,
2786 4628 2840 4675 et
2871 4622 3012 4675 cinis
3039 4627 3100 4673 ut
3133 4635 3325 4689 supra,
3356 4618 3759 4681 abscondatur,

2068 4718 2123 4767 et
2152 4713 2243 4767 cui
2297 4713 2564 4767 acciderit
2623 4711 2875 4764 medium
2927 4724 3142 4761 annum
3195 4706 3485 4777 poeniteat.
3543 4704 3601 4758 Si
3633 4720 3762 4755 vero

2067 4802 2409 4856 sacriﬁcium
2440 4802 2735 4854 inventum
2774 4798 2966 4864 fuerit,
3002 4799 3157 4850 locus
3190 4795 3379 4865 scopis
3429 4792 3758 4856 mandetur,

2068 4896 2124 4944 et
2152 4897 2399 4944 stramen
2434 4895 2496 4943 ut
2533 4905 2726 4958 supra,
2772 4887 3021 4957 ignetur,
3077 4892 3130 4938 et
3168 4885 3310 4938 cinis
3342 4889 3403 4936 ut
3443 4897 3637 4951 supra,
3672 4896 3760 4933 re-

2067 4979 2348 5032 condatur
2378 4983 2433 5031 et
2464 4977 2724 5030 sacerdos
2755 4977 2836 5030 XX
2870 4975 2989 5029 dies
3020 4974 3313 5044 paauiteat.

2068 5094 2195 5147 CAP.
2231 5093 2369 5146 LIII.
2405 5122 2469 5131 —
2502 5095 2574 5145 De
2620 5092 2838 5171 muliere
2881 5090 3269 5214 quatpcperit,
3320 5090 3379 5139 ut
3418 5086 3764 5138 communicet

2743 5178 2793 5214 si
2822 5177 2885 5214 υο
2913 5176 3068 5214 ueri...

2743 5178 2793 5215 ετ
2822 5176 3068 5214 vetuerit.

2139 5254 2243 5319 (E1:
2272 5252 2458 5304 concii.
2513 5249 2798 5323 Carthag.)
2832 5248 3031 5307 Mulier
3080 5246 3264 5319 enixa,
3300 5244 3347 5298 si
3404 5244 3540 5319 vult,
3602 5260 3760 5303 com-

2068 5339 2404 5393 munionem
2438 5337 2717 5408 percipiat

1661 5522 1838 5562 FINIS
1883 5522 2059 5562 LIBRI
2107 5521 2359 5569 QUINTI.
