3976 6194
297 205 404 258 763
1388 202 1793 259 eoacmam
1832 200 2366 259 WORMACIENSIS
2402 160 2737 256 EPISCOPI.
3670 205 3767 258 764

1191 407 1488 481 INDEX
1546 407 2239 481 CAPITULORUM
2299 407 2553 479 LIBRI
2616 406 2912 480 SEXTI.

293 563 422 617 Cap.
456 565 506 616 1.
535 560 596 619 Si
629 560 759 632 quis
784 566 1100 633 spontanee
1127 562 1421 616 voluntate
1453 561 1829 617 homicidium
1860 578 2000 633 per-
2026 562 2074 616 A
2110 565 2200 616 26.
2245 563 2322 616 De
2352 560 2464 615 illis
2498 559 2598 631 qui
2626 558 2900 614 veneﬁcio
2923 556 3236 613 homicidia
3259 557 3629 613 committunt.

368 650 696 721 petraverit,
720 651 884 720 juxta
929 651 1157 705 decreta
1181 650 1512 705 Melchiadis
1565 667 1747 723 papae,
1785 655 1842 705 et
1869 650 1999 705 Tri-
2111 653 2200 706 27.
2231 650 2311 704 De
2341 649 2439 703 illo
2473 664 2579 719 per
2606 649 2770 719 cujus
2815 647 3170 713 delationem
3221 646 3427 717 aliquis
3470 646 3767 704 interfectus

365 738 651 792 buriensis
682 737 910 793 concilii
950 743 1180 806 statuta,
1235 739 1410 793 talem
1463 740 1860 810 paenitentiam
1904 756 1996 794 ac-
2180 738 2372 794 fuerit.

370 826 562 897 cipere
592 826 781 881 debet.
2109 828 2197 881 28.
2231 826 2389 890 Quod
2420 825 2534 880 tria
2564 840 2777 893 genera
2804 824 2919 879 sint
2946 822 3388 878 homicidarum.

296 919 348 970 2.
382 914 525 979 Quid
558 914 619 968 in
653 915 842 985 primo
874 930 1026 969 anno
1061 915 1362 970 observare
1384 916 1606 971 debeat.
2112 917 2198 969 29.
2249 914 2412 979 Quod
2466 913 2772 969 homicida:
2821 913 2892 967 ab
2972 911 3351 967 ecclesiastica
3395 913 3767 968 communione

298 1008 349 1059 3.
380 1004 524 1068 Quid
559 1002 618 1056 in
649 1003 898 1057 secundo
923 1007 980 1056 et
1029 1003 1199 1057 tertio
1241 1021 1390 1058 anno
1432 1004 1737 1058 observare
1771 1003 1996 1059 debeat.
2180 1002 2298 1057 sint
2324 1001 2722 1057 submovendi.

298 1095 355 1146 4.
397 1090 543 1155 Quid
574 1091 636 1144 in
668 1091 905 1162 reliquis
943 1098 1193 1163 quatuor
1244 1093 1413 1148 annis
1444 1094 1746 1148 observare
1768 1093 1990 1148 debeat.
2110 1093 2196 1146 30.
2232 1092 2312 1145 De
2343 1090 2544 1144 eadem
2574 1106 2656 1145 re.

303 1184 352 1233 5.
390 1181 470 1234 De
498 1179 825 1234 homicidiis
863 1185 921 1234 et
945 1181 1252 1235 calumniis
1300 1182 1731 1253 episcoporum,
1762 1185 1819 1234 et
1863 1180 1999 1235 reli-
2113 1183 2202 1234 31.
2235 1180 2312 1233 De
2341 1178 2456 1233 illis
2488 1194 2735 1249 quorum
2764 1176 3002 1231 consilio
3029 1175 3341 1231 homicidia
3367 1175 3530 1230 ﬁunt.

372 1284 621 1339 quorum
654 1268 946 1323 ordinum.
2109 1271 2195 1323 32.
2253 1268 2329 1321 De
2376 1266 2489 1321 illis
2545 1267 2644 1337 qui
2698 1282 2802 1337 pro
2849 1265 3099 1320 vindicta
3141 1269 3445 1336 parentum
3494 1266 3767 1321 homicldia

298 1361 350 1411 6.
384 1358 464 1411 De
491 1356 693 1410 eadem
725 1372 805 1410 re.
2180 1355 2570 1411 committunt.

295 1450 348 1499 7.
385 1446 463 1499 De
496 1445 700 1499 eadem
721 1460 802 1497 re.
2109 1446 2195 1499 33.
2232 1445 2309 1499 De
2337 1443 2437 1497 illo
2470 1444 2569 1514 qui
2599 1448 2837 1514 propter
2878 1441 3253 1513 cupiditatem
3297 1442 3557 1497 Judaeum
3622 1442 3766 1496 inter-

297 1536 348 1587 8.
386 1535 465 1587 De
492 1532 955 1587 interfectoribus
984 1532 1366 1587 sacerdotum.
2176 1532 2395 1587 fecerit.

297 1625 349 1674 9.
385 1623 462 1675 De
492 1620 839 1691 presbyteris
864 1621 1159 1691 depositis,
1193 1625 1250 1676 et
1277 1621 1357 1675 sic
1378 1620 1598 1676 occisis.
2108 1623 2195 1677 34.
2223 1622 2300 1675 De
2330 1620 2633 1691 parricidis
2663 1624 2719 1673 et
2755 1618 3082 1674 fratricidis.

301 1711 386 1763 10.
416 1710 496 1764 De
524 1708 873 1780 presbyteris
905 1710 1005 1780 qui
1034 1709 1157 1763 sine
1187 1709 1376 1763 orario
1414 1710 1763 1765 occidentur.
2107 1712 2195 1764 35.
2229 1710 2310 1764 De
2339 1709 2542 1764 eadem
2572 1724 2653 1762 re.

300 1800 385 1851 11.
419 1798 497 1851 De
524 1797 854 1868 presbytero
896 1797 1195 1852 interfecto
1245 1798 1316 1852 ad
1356 1814 1527 1869 quem
1558 1800 1680 1870 ejus
1710 1799 1994 1870 composi-
2032 1840 2072 1894 Β
2109 1800 2195 1853 36.
2230 1799 2308 1852 De
2336 1797 2451 1852 illis
2484 1797 2585 1869 qui
2615 1796 2863 1851 infantes
2891 1812 3025 1850 suos
3054 1811 3168 1849 non
3197 1799 3404 1882 sponte
3434 1794 3761 1849 interficiunt.

365 1885 445 1940 tio
472 1886 774 1955 pertineat.
2032 1883 2070 1894 “’
2108 1889 2196 1942 37.
2222 1887 2301 1941 De
2329 1886 2428 1939 illo
2476 1885 2579 1957 qui
2621 1901 2861 1940 uxorem
2906 1884 3224 1956 legitimam
3278 1884 3402 1938 sine
3447 1883 3651 1954 judicio
3693 1883 3765 1936 in-

300 1975 386 2027 12.
445 1974 524 2028 De
548 1974 660 2028 illis
691 1974 793 2045 qui
835 1990 940 2045 per
979 1974 1219 2029 insidias
1277 1975 1650 2030 homicidium
1704 1979 1999 2047 perpetra-
2177 1973 2485 2029 terfecerit.

364 2062 571 2117 veriut.
2106 2066 2192 2118 38.
2228 2065 2306 2117 De
2333 2063 2535 2117 eadem
2559 2077 2642 2116 re.

299 2155 384 2206 13.
415 2152 561 2205 Item
588 2150 657 2204 de
686 2149 996 2205 homicidio
1027 2155 1231 2222 sponte
1263 2153 1592 2205 commisso.
2103 2154 2189 2206 39.
2223 2153 2302 2206 De
2332 2151 2535 2205 eadem
2566 2166 2648 2204 re.

298 2240 384 2293 14.
423 2240 501 2294 De
532 2238 732 2293 eadem
761 2254 844 2292 re.

2103 2241 2191 2294 40.
2218 2241 2296 2294 De
2315 2239 2519 2294 eadem
2546 2255 2626 2307 re,

298 2331 382 2382 15.
427 2329 506 2381 De
534 2326 843 2381 homicidio
863 2331 1068 2398 sponte
1095 2326 1420 2380 commisso.
2101 2330 2190 2384 41.
2219 2330 2300 2383 De
2329 2344 2506 2382 uxore
2537 2325 2730 2382 mariti
2759 2330 3003 2380 mortem
3033 2325 3397 2379 conciliante.

300 2419 385 2471 16.
421 2416 502 2470 De
540 2415 741 2470 eadem
772 2431 854 2469 re.
2100 2417 2190 2471 42.
2234 2418 2311 2472 De
2340 2405 2470 2481 hoc,
2498 2416 2546 2470 si
2570 2416 2764 2485 plures
2790 2430 2971 2470 uuum
2997 2414 3485 2485 impugnaverint.

190 2544 195 2555 .
299 2507 384 2558 17.
417 2504 498 2558 De
526 2503 627 2558 illo
658 2503 760 2574 qui
792 2503 1030 2558 domino
1060 2519 1164 2557 suo
1192 2502 1559 2575 praecipiente
1610 2502 1991 2561 homicidium
2100 2506 2188 2560 43.
2223 2507 2302 2559 De
2333 2505 2587 2559 vindicta
2616 2520 2733 2557 non
2762 2503 3143 2575 prohibenda.

366 2591 585 2647 fecerit.
2101 2595 2189 2649 44.
2224 2595 2302 2649 De
2333 2593 2447 2648 illis
2478 2593 2578 2664 qui
2606 2597 2735 2665 post
2790 2591 3139 2663 baptismum
3191 2591 3498 2662 capitalem
3550 2590 3770 2661 protule-

302 2685 385 2735 18.
422 2682 501 2734 De
526 2680 624 2734 illo
657 2679 757 2751 qui
785 2696 1011 2735 servum
1043 2695 1213 2735 suum
1237 2679 1608 2734 interfecerit.
2173 2682 2291 2736 rint
2320 2681 2681 2736 sententiam.

298 2773 382 2825 19,
438 2771 516 2825 De
568 2769 785 2824 femina
831 2786 961 2840 quae
1023 2769 1218 2823 furore
1270 2769 1377 2823 zeli
1434 2785 1670 2823 accensa
1724 2769 1991 2825 ancillam
2102 2771 2189 2826 45.
2226 2771 2303 2825 De
2333 2769 2448 2823 illis
2481 2768 2580 2840 qui
2619 2768 2681 2822 in
2712 2767 3097 2822 confractioue
3145 2766 3437 2821 idolorum
3485 2765 3644 2819 occisi
3667 2765 3769 2820 iue-

365 2874 531 2912 suam
558 2857 962 2935 verberaverit,
995 2861 1052 2912 et
1080 2857 1159 2910 sic
1192 2857 1448 2928 perierit.
2173 2857 2310 2912 rint.

295 2950 383 3002 20.
420 2949 499 3002 De
529 2947 730 3002 eadem
759 2963 841 3001 re.
2100 2947 2189 3001 46.
2224 2947 2303 3000 De
2332 2961 2398 2999 eo
2433 2944 2534 3015 qui
2564 2948 2806 2999 matrem
2836 2957 2997 2998 suam
3053 2942 3351 3007 occiderit,
3408 2943 3646 3014 qualiter
3670 2958 3772 3012 poe-

295 3040 383 3090 21.
418 3037 497 3090 De
527 3035 642 3088 illis
673 3034 773 3106 qui
801 3035 862 3089 in
892 3051 1068 3106 opere
1096 3035 1416 3090 necessario
1445 3051 1581 3090 casu
1610 3035 1990 3091 homicidium
2173 3033 2358 3088 nitere
2389 3033 2609 3088 debeat.

366 3124 841 3194 perpetraverint.
2022 3118 2063 3173 C
2098 3125 2186 3178 47.
2222 3122 2281 3177 Si
2310 3120 2439 3192 quis
2470 3121 2711 3175 clericus
2759 3119 3134 3203 homicidium
3187 3119 3411 3203 fecerit,
3472 3118 3541 3173 ab
3597 3118 3771 3173 ordine

298 3214 385 3267 22.
420 3213 498 3266 De
515 3212 731 3266 ~eadem
763 3228 843 3266 re.
1062 3279 1068 3286 _
2169 3225 2388 3265 cessare
2411 3209 2658 3264 debebit.
2866 3197 2869 3203 ’
3374 3197 3389 3207 ’

293 3299 382 3355 23.
420 3301 498 3355 De
521 3299 637 3354 illis
669 3300 858 3372 quiin
903 3300 1134 3372 publico
1181 3300 1334 3355 bello
1380 3300 1691 3355 homicidia
1727 3299 1992 3356 commit-
2124 3300 2213 3354 48.
2248 3300 2327 3353 De
2356 3312 2447 3366 eo,
2480 3297 2528 3351 si
2557 3298 2686 3369 quis
2717 3296 2778 3350 in
2822 3297 3047 3351 hostem
3077 3300 3277 3351 contra
3314 3312 3572 3368 paganos
3626 3294 3771 3351 dimi-

370 3392 523 3441 tunt.
2169 3403 2323 3453 cans,
2356 3385 2626 3440 interﬁcit
2654 3385 2907 3456 captivos
2939 3384 3311 3440 Christianos.

298 3478 386 3532 24.
423 3477 502 3531 De.
532 3476 644 3530 illis
677 3476 777 3548 qui
807 3477 876 3532 de
920 3476 1236 3534 homicidio
1268 3481 1399 3531 sunt
1427 3476 1712 3540 infamati,
1745 3477 1793 3531 si
1823 3493 1994 3547 nega—
2099 3477 2273 3530 49.De
2303 3490 2370 3528 eo
2404 3475 2501 3545 qui
2528 3474 2918 3530 Christianum
2973 3473 3332 3544 mancipium
3382 3471 3681 3538 seduxerit,
3725 3472 3771 3523 et

367 3564 572 3619 veriut.
2173 3564 2253 3618 sic
2276 3561 2622 3617 vendiderit.

297 3656 385 3708 25.
421 3654 498 3708 De
527 3653 728 3708 insano
756 3654 805 3708 si
827 3653 1204 3709 homicidium
1232 3652 1668 3725 perpetraverit.
2573 3651 2779 3706 Indicis
2800 3652 3161 3722 capitulorum
3187 3653 3340 3719 ﬁnis.

1635 3861 2477 3966 BURCHARDI

1282 4020 1921 4078 WOBMACIENSIS
1967 4019 2376 4075 ECCLESUE
2427 4018 2805 4075 EPISCOPI

590 4156 1943 4343 DECRETORUM
2052 4156 2643 4301 LIBER
2748 4153 3506 4300 SEXTUS

1740 4364 1840 4428 DE
1888 4362 2353 4429 HOMICIDIIS.

771 4541 1259 4596 ARGUMENTUM
1300 4542 1506 4599 LIBRI.
2018 4545 2061 4598 D
2101 4544 2238 4597 tiam
2269 4559 2384 4598 non
2409 4543 2615 4598 habeat
2644 4544 2947 4599 Ecclesiam
2993 4542 3266 4610 intrandi,
3321 4544 3450 4598 illos
3488 4541 3766 4614 proximos,

365 4628 532 4683 Liber
555 4627 649 4683 hic
677 4629 746 4684 de
781 4629 1118 4685 Homicidiis
1150 4636 1354 4699 sponte
1374 4636 1432 4685 et
1460 4648 1578 4686 non
1607 4636 1808 4704 sponte
1833 4648 1989 4686 com-
2097 4634 2181 4687 XL
2232 4632 2355 4686 dies
2401 4632 2573 4687 nudis
2620 4633 2865 4704 pedibus
2914 4633 3159 4693 incedat,
3217 4638 3274 4686 et
3337 4633 3499 4687 nullo
3533 4628 3766 4683 vehiculo

174 4722 181 4725 ’
290 4716 500 4782 missis,
533 4717 604 4772 de
656 4717 1000 4787 parricidiis,
1050 4719 1121 4773 de
1185 4719 1534 4788 fratricidiis,
1595 4722 1663 4776 de
1724 4720 1838 4774 illis
1889 4720 1989 4791 qui
2096 4725 2306 4776 utatur.
2355 4722 2418 4775 In
2487 4722 2668 4777 laneis
2716 4723 2969 4777 vestibus
3026 4722 3101 4775 sit
3157 4722 3377 4792 absque
3425 4718 3766 4776 femoralibus

290 4822 501 4861 uxores
529 4806 836 4876 legitimas,
871 4812 928 4861 et
958 4808 1211 4862 seniores
1253 4825 1383 4862 suos
1428 4808 1802 4876 interﬁciunt,
1836 4813 1893 4862 et
1920 4809 1988 4863 de
2098 4826 2255 4864 arma
2282 4826 2400 4864 non
2445 4810 2610 4878 ferat,
2644 4815 2703 4865 et
2747 4810 2893 4864 nihil
2938 4814 3128 4864 sumat
3173 4810 3233 4863 in
3272 4810 3366 4864 his
3418 4806 3768 4881 quadraginta

291 4896 445 4951 caede
475 4896 986 4951 ecclesiasticarum
1014 4901 1235 4964 tractat,
1277 4914 1518 4971 quaeque
1548 4898 1794 4971 singulis
1832 4898 1988 4953 hisce
2095 4898 2296 4954 diebus
2321 4898 2433 4952 nisi
2457 4903 2679 4954 tantum
2713 4916 2943 4969 panem,
2976 4904 3033 4955 et
3062 4900 3257 4961 salem,
3300 4903 3357 4952 et
3386 4914 3587 4968 puram
3631 4894 3767 4949 bibat

292 4983 592 5040 homicidii
646 4984 955 5054 generibus
1005 4983 1077 5038 sit
1117 4986 1457 5056 paenitentia
1495 4986 1986 5057 injungenda,os-
2095 5003 2327 5058 aquam.
2380 4989 2445 5042 Et
2519 4988 2737 5042 nullam
2819 4988 3283 5042 communionem
3368 5003 3495 5041 cum
3573 4980 3765 5039 ceteris

294 5073 495 5148 tendit.
557 5145 577 5148 _
870 5147 875 5148 γ
1382 5147 1388 5148 ί
1644 5146 1655 5148 _
1857 5147 1869 5148 ί
2096 5075 2451 5143 Christianis,
2512 5092 2700 5148 neque
2757 5092 2886 5130 cum
2936 5076 3049 5129 alio
3093 5075 3407 5146 poenitente
3456 5075 3653 5129 habeat
3716 5069 3765 5122 in

365 5144 498 5237 ξεί
510 5143 759 5237 ius;
779 5147 1250 5237 qgff'f‘fpoﬁtfff‘}
1305 5146 1988 5237 ιξίλξιέτιξειξξλιρηξξᾳξάίυηξ
2096 5163 2221 5217 cibo
2253 5169 2309 5218 et
2336 5170 2499 5235 potu,
2534 5143 2844 5237 antequam
2875 5143 3254 5236 quadraginta
3281 5164 3406 5219 dies
3436 5161 3763 5231 adimplean-

725 5218 736 5229 .
828 5216 837 5226 .
1145 5233 1157 5247 _
1503 5221 1511 5231 .
1601 5219 1613 5230 .
2557 5216 2844 5237 ~——v-;—~—
2884 5216 3251 5236 γητ-κο-ρηκ
3587 5216 3605 5231 .

1012 5217 1248 5324 ἐξξξξξα
1290 5217 1868 5324 ,ﬁfffhfffjf,
1896 5222 1989 5324 "ff
2094 5255 2209 5307 tur.
2246 5252 2310 5306 Et
2338 5268 2406 5306 ex
2434 5253 2564 5308 cibo
2605 5268 2776 5324 quem
2821 5252 3019 5321 sumit,
3060 5253 3250 5307 nullus
3280 5253 3430 5305 alius
3464 5247 3760 5304 manducet.

371 5285 734 5357 Triburiensis
766 5288 982 5341 concilii
1009 5292 1238 5352 statuta,
1290 5289 1451 5342 talem
1486 5285 1860 5357 penitentiam
1896 5305 1986 5342 ac-
2100 5285 2209 5357 :"5
2246 5285 2564 5357 Ῠζγυλιωνν
2605 5285 2776 5324 Ψ¹¹⁵¹³¹
2821 5285 3019 5321 °“”‘“’
3062 5285 3250 5357 “1"?”
3280 5285 3634 5357 “"‘i’f‘i‘f,

370 5357 546 5424 cipere
572 5337 735 5410 decet.
1899 5337 1954 5342 Μ
2098 5340 2469 5396 Considerata
2503 5358 2637 5396 vero
2683 5357 2948 5412 persona
2978 5342 3273 5413 qualitate,
3308 5341 3395 5393 vel
3432 5337 3760 5399 inﬁrmitate,

369 5428 481 5493 (Ea:
509 5427 732 5481 concilio
765 5428 1030 5495 Triburi.,
1058 5430 1236 5498 capite
1265 5428 1341 5496 4.)
1373 5430 1436 5483 In
1463 5428 1689 5500 primis,
1714 5434 1778 5484 ut
1814 5428 1986 5484 licen-
2099 5430 2169 5484 de
2199 5430 2404 5501 pomis,
2431 5431 2519 5485 vel
2549 5431 2801 5486 oleribus
2822 5448 2919 5486 seu
2952 5430 3367 5501 leguminibus,
3402 5430 3569 5501 prout
3594 5424 3760 5478 visum
