3976 6194
161 274 255 323 765

1138 267 1608 326 DECRETORUM
1651 268 1837 323 LIBRI
1872 268 1981 324 XX.
2014 298 2082 307 —-
2122 269 2334 326 LIBER
2372 272 2652 329 SEXTUS.

3537 280 3641 332 766

159 392 343 458 fuerit,
382 388 598 461 aliquid
628 356 1150 459 prdmisericordia
1180 388 1569 458 indulgeatur,
1599 389 1847 443 maxime
1873 391 1919 443 Α
1959 393 2023 446 In
2068 394 2308 448 concilio
2341 394 2491 464 apud
2523 394 2841 449 Theodonis
2869 395 3086 463 villam,
3131 396 3227 450 ubi
3258 396 3643 452 interfuerunt

162 482 196 533 si
226 480 350 550 quis
380 483 605 532 coactus
640 482 694 530 et
735 494 850 530 non
882 481 1084 547 sponte
1129 478 1499 531 homicidium
1537 478 1752 541 fecerit,
1788 482 1844 530 et

164 570 205 623 ei
252 567 603 622 omnimodis
651 583 718 619 ex
748 566 1025 618 canonica
1070 566 1408 619 auctoritate
1450 566 1840 631 interdicatur,

161 658 297 711 utin
331 656 418 710 his
470 656 671 708 diebus
717 670 848 708 cum
907 655 1064 707 nulla
1094 654 1307 707 femina
1362 654 1688 718 misceatur,
1740 671 1843 709 nec

161 747 219 799 ad
261 743 557 815 propriam
604 759 840 795 uxorem
872 743 1123 808 accedat,
1170 759 1275 797 nec
1323 759 1453 796 cum
1506 744 1700 813 aliquo
1731 744 1843 797 ho—

161 834 300 887 mine
352 831 621 885 dormiat.
675 832 842 883 Juxta
882 830 1187 883 Ecclesiam
1236 831 1327 897 sit,
1375 837 1504 885 ante
1550 832 1711 901 cujus
1752 833 1839 901 ja-

162 940 286 976 nuas
316 925 547 992 peccata
588 936 690 972 sua
734 919 942 973 deﬂeat
973 920 1174 973 diebus
1202 925 1258 973 et
1304 921 1586 987 noctibus,
1641 926 1696 974 et
1727 937 1843 974 non

162 1012 361 1066 deloco
414 1010 485 1062 ad
519 1010 707 1061 locum
753 1013 973 1077 pergat,
1023 1008 1117 1062 sed
1150 1009 1208 1062 in
1238 1025 1355 1063 uno
1410 1010 1531 1063 loco
1575 1009 1665 1063 his
1696 1027 1843 1081 qua-

163 1099 407 1163 draginta
457 1097 655 1151 diebus
706 1096 793 1149 sit.
835 1096 972 1149 Etsi
1005 1096 1147 1149 forte
1180 1097 1444 1151 habuerit
1485 1098 1844 1152 insidiatores

165 1190 275 1241 vitae
306 1203 443 1251 sum,
488 1186 717 1238 interim
751 1185 1049 1237 differatur
1092 1186 1145 1237 ei
1176 1186 1529 1254 poenitentia,
1564 1188 1743 1239 donec
1775 1187 1841 1238 ab

165 1278 411 1348 episcopo
449 1291 553 1344 pax
585 1275 636 1327 ei
669 1275 737 1327 ab
769 1274 1020 1327 inimicis
1051 1275 1411 1341 concedatur,
1441 1280 1494 1329 et
1524 1276 1571 1327 si
1603 1277 1659 1328 in
1690 1276 1845 1328 intirz

165 1366 341 1419 mitate
386 1365 651 1417 detentus
683 1363 871 1429 fuerit,
922 1364 1002 1417 ita
1034 1369 1096 1417 ut
1146 1380 1261 1417 non
1291 1363 1468 1435 possit
1516 1364 1686 1433 digne
1716 1380 1843 1434 poe-

166 1454 348 1517 nitere,
410 1452 709 1504 differatur
767 1452 1102 1522 pcenitentia
1162 1453 1343 1506 donec
1399 1453 1625 1505 sanitati
1679 1452 1842 1505 resti-

165 1546 354 1594 tuatur.
420 1541 479 1593 Si
511 1546 702 1593 autem
762 1540 935 1609 longa
975 1540 1314 1609 aegritudine
1360 1542 1626 1594 detentus
1673 1540 1845 1594 fuerit

168 1631 222 1682 ad
274 1629 615 1682 sententiam
673 1628 925 1698 episcopi
975 1629 1284 1697 pertinebit
1335 1629 1626 1698 quomodo
1680 1645 1838 1682 reum

166 1724 212 1771 et
238 1718 529 1771 infirmum
578 1733 777 1769 sanare
809 1718 1093 1786 disponat.
1147 1718 1454 1788 Completis
1501 1719 1612 1785 XL,
1644 1718 1843 1772 diebus

166 1823 293 1875 aqua
343 1807 493 1858 lotus
544 1805 881 1858 vestimenta
920 1810 975 1857 et
1023 1807 1426 1870 calceamenta,
1477 1807 1738 1878 accipiat,
1789 1812 1845 1859 et

167 1896 413 1964 capillum
446 1894 675 1946 incidat.

168 1984 275 2037 CAP.
337 1983 404 2036 II.
461 2014 528 2020 —
587 1982 730 2047 Quid
779 1985 838 2035 in
876 1984 1054 2051 primo
1109 1998 1249 2035 anno
1301 1983 1582 2036 observa-re
1632 1982 1838 2036 debeat.

225 2073 320 2140 (Em
350 2072 549 2134 eodem,
582 2074 759 2140 capite
800 2072 870 2137 5.)
905 2072 967 2123 In
1019 2070 1208 2140 primo
1241 2087 1390 2124 anno
1439 2076 1567 2141 post
1595 2072 1841 2142 quadra-

171 2158 306 2226 ginta
355 2160 496 2223 dies,
547 2164 731 2212 totum
783 2158 947 2211 illum
996 2174 1208 2211 annum
1242 2158 1453 2223 avino,
1499 2160 1740 2213 medone
1788 2165 1845 2212 et

172 2248 367 2300 mellita
397 2248 658 2314 cervisia,
708 2264 740 2299 a
770 2263 960 2312 carne,
994 2252 1049 2301 et
1080 2263 1260 2311 caseo,
1300 2252 1356 2299 et
1399 2247 1711 2317 pinguibus
1754 2247 1841 2318 pi-

171 2336 331 2388 scibus
357 2336 658 2400 abstineat,
692 2335 802 2388 nisi
832 2335 990 2388 festis
1022 2335 1239 2401 diebus,
1274 2335 1373 2405 qui
1404 2336 1459 2387 in
1493 2336 1592 2389 illo
1622 2336 1844 2405 episco-

172 2424 246 2491 pio
292 2441 324 2476 a
363 2429 566 2477 cuncto
620 2425 835 2493 populo
882 2424 1261 2476 celebrantur.
1323 2424 1390 2475 Et
1438 2424 1547 2476 nisi
1588 2425 1731 2478 forte
1784 2425 1844 2478 in

170 2528 360 2581 magno
411 2513 637 2572 itinere,
688 2512 777 2564 vel
810 2512 869 2564 in
902 2512 1081 2569 hoste,
1119 2512 1207 2564 vel
1256 2512 1354 2565 diu
1385 2513 1455 2565 ad
1486 2513 1841 2567 Dominicam

170 2606 390 2669 curtem,
422 2602 509 2654 vel
558 2600 890 2653 inﬁrmitate
924 2600 1185 2653 detentus
1218 2600 1305 2664 sit,
1342 2603 1477 2653 tunc
1524 2602 1691 2654 liceat
1727 2618 1844 2655 uno

170 2688 403 2754 denario,
442 2690 525 2742 vel
560 2688 751 2757 precio
783 2688 951 2741 unius
1000 2688 1242 2751 denarii,
1276 2694 1376 2742 aut
1404 2694 1518 2742 tres
1564 2707 1844 2760 pauperes

173 2776 457 2843 pascendo,
510 2776 739 2829 tertiam
786 2776 1011 2837 feriam.
1063 2776 1322 2846 quintam
1357 2777 1579 2842 feriam,
1629 2785 1683 2833 et
1712 2781 1842 2832 sab-

170 2864 349 2917 batum
386 2866 696 2925 redimere,
756 2865 833 2918 ita
866 2866 1161 2927 duntaxat,
1209 2871 1265 2917 et
1296 2882 1407 2918 una
1438 2882 1497 2920 re
1542 2869 1610 2921 de
1663 2868 1846 2921 tribus

1951 484 2133 537 XXXII
2182 483 2458 553 episcopi,
2517 484 2845 553 Histolphus
2900 485 3308 555 Moguntiensis
3361 486 3643 556 archiepi-

1954 589 2158 642 scopus
2217 589 2347 625 cum
2424 572 2539 625 suis
2610 573 3006 642 suti‘raganeis,
3065 573 3215 627 Hetti
3285 574 3646 626 Treverensis

1955 661 2414 732 archiepiscopus
2460 677 2589 714 cum
2618 661 2733 713 suis
2763 661 3155 729 sutfraganeis,
3196 661 3310 714 Ebo
3349 661 3645 714 Bemeusis

1953 750 2416 819 archiepiscopus
2464 766 2593 802 cum
2644 750 2760 802 suis
2808 750 3199 818 suffraganeis,
3261 765 3390 802 cum
3429 750 3646 802 nuntiis

1953 840 2310 909 reliquorum
2367 838 2764 908 episcoporum
2819 838 3012 891 Calliae
3069 843 3123 891 et
3179 838 3515 903 Germania,
3572 838 3644 891 ob

1952 928 2188 982 nimiam
2222 928 2727 997 przesumptionem
2758 928 3145 997 quorumdam
3184 933 3557 997 tyrannorum
3586 926 3643 979 in

1954 1018 2273 1071 sacerdotes
2304 1016 2536 1070 Domini
2567 1016 3060 1081 debacchantium,
3094 1021 3149 1069 et
3174 1021 3408 1086 propter
3430 1016 3644 1069 factum

1954 1106 2108 1175 quod
2162 1105 2221 1158 in
2271 1106 2579 1158 “'asconia
2648 1105 2873 1158 noviter
2921 1106 3204 1159 acciderat
3255 1106 3324 1158 de
3378 1106 3643 1174 episcopo

1951 1195 2188 1255 Joanne,
2235 1193 2532 1246 inhoneste
2574 1199 2630 1245 et
2672 1193 2927 1247 iuaudite
2967 1193 3322 1247 mordridato
3353 1193 3645 1246 decretum

1954 1287 2057 1343 est,
2087 1288 2152 1335 ut
2183 1282 2475 1335 communi
2522 1298 2802 1335 consensu
2833 1286 2888 1335 et
2929 1282 3136 1335 humili
3167 1282 3469 1335 devotione
3517 1298 3646 1350 sup-

1953 1367 2303 1436 plicarentur
2343 1366 2577 1420 auribus
2610 1365 2909 1435 principis,
2941 1366 2987 1418 si
3019 1383 3134 1418 sua}
3167 1366 3365 1434 pietati
3391 1366 3643 1434 compla-

1954 1460 2122 1517 ceret,
2179 1459 2243 1507 ut
2293 1454 2582 1506 calumnia
2641 1454 2702 1505 in
2762 1453 2968 1507 Christi
3021 1454 3343 1507 sacerdotes
3393 1459 3641 1523 peracta,

1947 1539 2111 1608 juxta
2167 1540 2497 1608 synodalica
2554 1540 3033 1592 determinaretur
3104 1540 3347 1610 pleniter
3411 1544 3643 1599 statuta.

1954 1631 2059 1681 hoc
2096 1628 2249 1681 idem
2299 1628 2699 1697 episcoporum
2742 1628 2961 1697 judicio
3009 1630 3275 1697 placeret,
3328 1628 3373 1680 si
3427 1645 3493 1681 ex
3522 1632 3643 1681 toto

1954 1716 2267 1769 secundum
2302 1718 2640 1784 potestatem
2676 1732 2875 1769 eorum
2914 1722 3104 1785 posset
3149 1715 3398 1775 deﬁniri,
3450 1714 3508 1768 id
3539 1719 3643 1778 est,

1953 1810 2015 1857 ut
2069 1805 2341 1857 canonica
2390 1804 2696 1857 ferirentur
2746 1805 3042 1865 sententia.
3100 1804 3161 1857 hi
3208 1802 3488 1868 videlicet,
3547 1801 3648 1871 qui

1952 1895 2222 1946 timorem
2286 1893 2512 1946 Domini
2573 1899 3006 1963 postponentes,
3061 1893 3116 1945 in
3174 1891 3464 1944 ministros
3517 1906 3648 1943 suos

1953 1998 2211 2051 grassare
2268 1986 2706 2051 praesumerent.
2766 1982 2924 2044 Quod
2978 1981 3025 2033 si
3084 1996 3216 2033 vero
3269 1977 3469 2049 pietati
3526 1979 3648 2048 ejus

1953 2071 2351 2140 complaceret,
2403 2070 2566 2140 juxta
2620 2070 2867 2140 capitula
2926 2085 3126 2138 regum
3175 2066 3645 2139 praecedentium,

1952 2161 2054 2213 ubi
2084 2175 2284 2212 eorum
2333 2159 2583 2228 provisio
2634 2158 3078 2211 misericorditer
3122 2157 3181 2209 in
3212 2155 3440 2210 offensis
3472 2171 3644 2225 pecu-

1953 2249 2063 2301 nia!
2103 2248 2480 2317 quantitatem
2528 2247 2887 2317 interposuit,
2929 2262 3034 2316 pro
3083 2244 3471 2298 consolatione
3524 2259 3648 2296 san-

1953 2340 2057 2389 cta:
2090 2335 2372 2399 Ecclesiae,
2417 2340 2482 2387 ut
2523 2336 2777 2405 praefatae
2824 2351 2913 2387 res
2945 2351 3046 2404 per
3091 2333 3393 2404 pecuniam
3443 2331 3513 2385 ab
3544 2330 3646 2383 im-

1951 2424 2313 2494 peratoribus
2345 2423 2733 2477 sacerdotibus
2765 2423 2836 2476 ad
2876 2423 3265 2476 defensionem
3297 2436 3643 2486 concessam,

1954 2519 2011 2567 et
2058 2529 2161 2582 per
2214 2512 2613 2582 paenitentiam
2668 2513 3188 2565 determinarentur
3244 2510 3646 2579 episcoporum

1949 2602 2188 2671 judicio,
2226 2602 2272 2653 si
2314 2601 2497 2670 pietas
2528 2600 2681 2653 illius
2728 2601 3054 2653 collaudare
3096 2599 3354 2665 voluerit,
3405 2598 3485 2650 sic
3513 2596 3650 2651 defi-

1953 2689 2066 2743 niri
2112 2690 2193 2742 eis
2250 2690 2649 2758 complaceret.
2712 2689 2767 2741 Si
2804 2688 2931 2758 quis
2978 2687 3389 2741 subdiaconum
3431 2686 3647 2739 calum-

1955 2778 2143 2832 niatus
2188 2778 2379 2839 fuerit,
2411 2778 2815 2842 vulneraverit,
2849 2778 2936 2831 vel
2984 2776 3385 2839 debilitaverit,
3427 2780 3483 2828 et
3506 2790 3648 2827 con-

1954 2866 2217 2931 valuerit,
2252 2866 2507 2936 quinque
2553 2866 3020 2936 quadragesimas
3051 2866 3171 2918 sine
3215 2863 3455 2919 subditis
3486 2861 3651 2916 annis

171 2958 363 3005 utatur.
401 2956 707 3023 Postquam
739 2955 975 3007 domum
1008 2954 1243 3017 venerit,
1279 2959 1378 3007 aut
1407 2956 1641 3009 sanitati
1672 2956 1845 3011 fuerit
1878 2947 1915 3001 C
1953 2956 2246 3025 poeniteat.
2284 2960 2340 3008 et
2368 2959 2649 3009 trecentos
2681 2956 2892 3008 solidos
2922 2970 3049 3008 cum
3080 2971 3182 3007 sua
3213 2951 3648 3021 compositione,

173 3040 469 3105 restitutus,
501 3043 717 3095 nullam
745 3041 1035 3095 licentiam
1068 3042 1273 3095 habeat
1300 3044 1641 3098 redimendi.
1677 3046 1845 3099 Com-

172 3126 307 3193 pleto
365 3129 499 3181 anni
556 3129 767 3182 circulo
826 3128 884 3181 in
951 3130 1255 3183 Ecclesiam
1314 3131 1731 3198 introducatur,
1791 3138 1849 3188 et

173 3214 307 3282 pacis
338 3218 593 3270 osculum
627 3218 677 3270 ei
712 3218 1072 3271 concedatur.

174 3319 283 3373 CAP.
317 3322 411 3376 III.
445 3354 514 3361 —
546 3324 693 3388 Quid
741 3326 799 3376 in
828 3324 1087 3448 εροᾶιτὲάοε
1107 3330 1156 3378 et
1195 3329 1351 3380 tertio
1382 3342 1521 3380 anno
1569 3328 1849 3381 observare

938 3411 963 3447 ε
1001 3412 1061 3448 ea
1094 3437 1104 3447 .

938 3411 1104 3448 coeat.

234 3479 335 3545 (Em
364 3480 563 3545 eodem,
621 3485 796 3551 capite
850 3482 924 3552 6.)
958 3485 1019 3536 In
1070 3484 1318 3538 secundo
1373 3489 1428 3537 et
1480 3485 1648 3538 tertio
1698 3502 1848 3539 anno

175 3566 423 3622 similiter
454 3570 679 3639 jejunet
719 3571 830 3623 nisi
869 3571 1022 3641 quod
1060 3573 1287 3625 tertiam
1320 3572 1542 3637 feriam,
1590 3574 1849 3643 quintam

175 3662 223 3708 et
275 3656 594 3722 sabbatum,
650 3665 990 3728 potestatem
1054 3660 1260 3714 habeat
1328 3661 1648 3714 redimendi
1702 3677 1849 3731 prae-

175 3747 345 3799 taxato
374 3747 560 3816 pretio
590 3746 914 3818 ubicunque
941 3752 1042 3802 est.
1078 3748 1294 3803 Ctetera
1326 3749 1632 3818 diligenter
1658 3750 1853 3803 omnia

176 3832 419 3887 observet
442 3839 509 3887 ut
538 3835 598 3888 in
627 3835 811 3904 primo
847 3853 1018 3890 anno.

178 3938 286 3992 Csp.
328 3942 413 3994 IV.
447 3970 516 3980 —
544 3941 687 4007 Quid
741 3944 800 3995 in
827 3945 1334 4067 reléqzistquatuor
1381 3946 1542 3998 annis
1572 3944 1853 3999 observare

939 4031 964 4067 ρ
1002 4031 1062 4067 ea
1093 4057 1106 4067 .

939 4031 1106 4068 coeat.

234 4098 335 4165 (Ec
362 4101 561 4168 eodem,
594 4103 787 4170 capite.
832 4104 887 4168 ‘7)
914 4103 1171 4166 Quatuor
1217 4103 1353 4156 anni
1386 4103 1593 4157 deinde
1638 4108 1855 4158 restant

179 4201 265 4252 per
292 4204 432 4258 quos
462 4188 719 4259 singulos
740 4190 965 4259 jejunet
997 4195 1109 4244 tres
1139 4192 1632 4260 Quadragesimas.
1670 4195 1849 4247 Unam
1878 4226 1921 4279 Β

177 4282 292 4328 ante
324 4278 534 4331 Pascha
580 4294 711 4331 cum
741 4279 959 4331 caeteris
992 4280 1345 4343 Christianis,
1393 4281 1729 4335 abstinendo
1780 4282 1851 4335 de

178 4362 315 4428 vino,
360 4366 624 4432 medone,
657 4367 875 4419 mellita
926 4367 1180 4432 cervisia,
1232 4384 1420 4434 carne,
1455 4373 1510 4421 et
1550 4368 1848 4437 sagimine,

178 4455 224 4503 et
253 4454 385 4514 ovis,
422 4459 477 4507 et
506 4454 818 4524 pinguibus
862 4456 1132 4524 piscibus.
1182 4456 1455 4517 Alteram,
1489 4461 1616 4509 ante
1648 4456 1851 4509 nativi-

177 4543 333 4594 tatem
384 4544 560 4596 sancti
607 4544 857 4597 Joannis.
903 4544 958 4597 Si
1013 4544 1231 4614 aliquid
1288 4550 1544 4597 remanet
1595 4545 1664 4598 de
1706 4561 1854 4615 qua-

179 4628 426 4699 draginta
456 4632 679 4695 diebus,
713 4638 841 4703 post
870 4632 1092 4685 Missam
1122 4633 1297 4685 sancti
1328 4633 1564 4686 Joannis
1596 4633 1851 4702 impleat.

176 4716 427 4785 Tertiam,
472 4726 605 4773 ante
640 4722 896 4774 Natalem
951 4721 1178 4774 Domini
1223 4721 1464 4790 jejunet,
1499 4726 1560 4773 ut
1593 4722 1854 4793 supradi-

176 4809 314 4859 ctum
362 4813 462 4861 est.
501 4810 567 4861 Et
615 4808 674 4862 in
731 4814 978 4879 quatuor
1027 4809 1364 4877 supradictis
1424 4809 1608 4875 annis,
1663 4810 1851 4875 tertia,

177 4893 361 4961 quinta
406 4896 566 4963 feria,
626 4902 681 4949 et
731 4897 988 4963 sabbato,
1039 4903 1229 4951 utatur
1285 4897 1557 4968 quicquid
1608 4900 1743 4963 vult,
1800 4903 1857 4952 et

178 4983 489 5050 secundam,
518 4989 573 5037 et
601 4992 866 5055 quartam
904 4986 1102 5038 feriam
1137 4986 1421 5039 redimere
1452 4990 1641 5055 potest
1669 4986 1856 5056 pretio

174 5067 279 5134 jam
328 5072 675 5141 supradicto,
710 5079 925 5126 sextam
976 5074 1174 5127 feriam
1223 5074 1568 5127 omnimodis
1597 5074 1857 5128 observet

178 5153 226 5207 in
257 5173 395 5225 pane
441 5165 496 5213 et
527 5176 695 5230 aqua,
743 5166 800 5214 et
832 5177 1195 5231 nequaquam
1249 5162 1507 5214 redimat.
1545 5161 1641 5216 His
1671 5162 1861 5231 exple-~

179 5243 259 5308 tis,
290 5262 501 5301 sacram
532 5249 1001 5303 communionem
1033 5249 1289 5320 accipiat.

180 5332 290 5386 Car.
331 5336 390 5389 ν.
440 5368 507 5376 -
552 5341 625 5392 De
674 5339 999 5404 homicidiis,
1050 5343 1099 5391 et
1131 5340 1416 5392 calumniis
1463 5340 1852 5406 episcoporum,

655 5414 704 5461 et
725 5410 1057 5478 reliquorum
1087 5411 1356 5462 ordinum.

240 5510 342 5573 (Ea:
376 5514 559 5567 concil.
594 5514 746 5583 apud
780 5515 1076 5570 Theodonis
1100 5516 1289 5568 villam
1334 5513 1539 5580 habito,
1572 5516 1746 5583 capite
1777 5512 1853 5583 3.)

1955 3049 2011 3098 et
2042 3044 2459 3115 episcopalibus
2488 3044 2690 3097 bannis
2719 3044 2988 3114 episcopo
3016 3046 3339 3112 componat.
3371 3041 3429 3094 Si
3458 3044 3651 3093 autem

1957 3138 2214 3187 mortuus
2260 3132 2448 3198 fuerit,
2495 3133 2747 3202 singulas
2794 3132 3146 3201 supradictas
3176 3128 3650 3197 Quadragesimas

1955 3239 2087 3277 cum
2145 3222 2517 3292 sequentibus
2566 3222 2731 3274 annis
2774 3222 3071 3291 pmniteat,
3120 3225 3176 3272 et
3214 3218 3384 3273 CCCC
3419 3216 3647 3279 solidos,

1956 3328 2086 3364 cum
2122 3311 2292 3379 tripla
2339 3309 2425 3362 sui
2472 3309 2907 3379 compositione,
2946 3313 3001 3361 et
3048 3307 3464 3378 episcopalibus
3512 3306 3650 3358 ban-

1959 3401 2045 3453 nis
2110 3399 2433 3469 triplicibus
2502 3398 2766 3468 episcopo
2825 3401 3152 3467 componat.
3222 3396 3278 3450 Si
3348 3395 3652 3448 diaconum

1957 3489 2341 3541 calumniatus
2408 3487 2617 3549 fuerit,
2681 3492 2737 3539 et
2794 3486 3183 3549 convaluerit,
3245 3500 3337 3536 sex
3395 3482 3652 3546 Quadra-

1958 3574 2204 3645 gesimas
2278 3574 2399 3626 sine
2474 3574 2717 3627 subditis
2785 3575 2950 3626 annis
2999 3572 3315 3642 pceniteat,
3373 3577 3429 3623 et
3481 3569 3653 3624 CCCC

1958 3662 2165 3715 solidos
2237 3677 2368 3714 cum
2454 3661 2866 3730 compositione
2936 3677 3040 3713 sua
3114 3664 3169 3713 et
3235 3657 3652 3729 episcopalibus

1956 3750 2165 3804 bannis
2253 3748 2519 3819 episcopo
2603 3752 2926 3818 componat.
3000 3748 3057 3801 Si
3136 3752 3325 3800 autem
3394 3754 3653 3797 mortuus

1959 3838 2151 3903 fuerit,
2226 3837 2480 3904 singulas
2537 3853 2708 3906 supra
2780 3836 2958 3889 dictas
3028 3852 3119 3889 sex
3180 3832 3653 3901 Quadragesimas

1960 3943 2090 3981 cum
2122 3925 2490 3996 sequentibus
2533 3925 2697 3978 annis
2726 3924 3018 3995 paeniteat,
3052 3928 3109 3978 et
3150 3924 3238 3977 DC
3268 3922 3483 3975 solidos
3520 3936 3651 3971 cum

1960 4014 2173 4085 triplici
2224 4031 2324 4067 sua
2382 4012 2815 4083 compositione,
2877 4017 2933 4065 et
2977 4010 3395 4082 episcopalibus
3448 4006 3654 4061 bannis

1960 4104 2278 4172 triplicibus
2325 4103 2589 4172 episcopo
2622 4105 2949 4172 componat.
2995 4101 3052 4155 Si
3079 4101 3207 4171 quis
3252 4099 3653 4169 presbyterum

1962 4191 2340 4245 calumniatus
2386 4191 2575 4251 fuerit,
2620 4195 2678 4243 et
2725 4188 3087 4259 spassaverit,
3143 4205 3235 4241 sex
3277 4183 3653 4255 Quadragesi-

1965 4296 2085 4333 mas
2114 4280 2235 4332 sine
2280 4279 2519 4343 subditis
2550 4278 2716 4331 annis
2748 4278 3036 4348 paeniteat,
3083 4282 3139 4330 et
3168 4278 3255 4331 DC
3287 4275 3495 4328 solidos
3524 4289 3655 4326 cum

1962 4367 2173 4438 triplici
2228 4384 2328 4420 sua
2379 4367 2819 4435 compositione,
2875 4372 2931 4419 et
2976 4364 3393 4436 episcopalibus
3452 4362 3657 4417 bannis

1961 4456 2282 4525 triplicibus
2336 4456 2604 4525 episcopo
2658 4460 2982 4527 componat.
3039 4454 3094 4508 Si
3147 4459 3337 4508 autem
3396 4457 3657 4505 mortuus

1962 4544 2154 4609 fuerit,
2187 4544 2485 4598 duodecim
2520 4561 2805 4598 annorum
2837 4543 3172 4613 poenitentia
3215 4542 3523 4595 secundum
3560 4557 3655 4592 ca-

1962 4649 2141 4685 nones
2173 4634 2223 4687 ei
2248 4632 2597 4703 imponatur,
2646 4638 2701 4686 et
2755 4633 2972 4687 DCCCC
3006 4632 3218 4685 solidos
3265 4647 3394 4683 cum
3447 4628 3659 4697 triplici

1964 4721 2380 4791 compositione
2409 4739 2532 4787 sua,
2560 4725 2615 4773 et
2645 4720 3065 4789 episcopalibus
3098 4719 3303 4771 bannis
3336 4717 3658 4787 triplicibus

1965 4814 2289 4878 componat.
2341 4810 2397 4863 Si
2430 4809 2558 4879 quis
2588 4809 2853 4878 episcopo
2904 4807 3140 4860 insidias
3190 4806 3465 4876 posuerit,
3501 4819 3660 4857 com-

1964 4897 2354 4967 prehenderit,
2411 4898 2496 4949 vel
2557 4896 2612 4948 in
2674 4896 2867 4966 aliquo
2919 4893 3398 4957 dehonestaverit,
3460 4893 3655 4945 decem

1964 4985 2439 5053 Quadragesimas
2509 5000 2638 5036 cum
2711 4983 2950 5037 subditis
3029 4982 3195 5036 annis
3252 4980 3544 5050 poeniteat,
3602 4984 3658 5033 et

1964 5072 2279 5143 presbyteri
2312 5071 2477 5125 occisi
2510 5072 2793 5139 triplicem
2824 5070 3296 5139 compositionem
3327 5070 3653 5134 componat.

1964 5162 2021 5215 Si
2049 5168 2239 5215 autem
2272 5177 2399 5213 casu
2435 5165 2489 5213 et
2519 5176 2631 5213 non
2664 5165 2868 5230 Sponte
2899 5159 3193 5220 occiditur,
3227 5172 3354 5209 cum
3392 5171 3655 5225 compro-

1963 5249 2293 5302 vincialium
2345 5249 2743 5319 episcoporum
2777 5247 3014 5301 consilio
3048 5244 3329 5299 homicida
3360 5244 3654 5315 paeniteat.

1965 5337 2021 5391 Si
2051 5337 2175 5406 quis
2205 5341 2395 5389 autem
2427 5342 2626 5407 sponte
2658 5353 2788 5389 eum
2838 5335 3125 5399 occiderit,
3159 5350 3386 5387 carnem
3420 5350 3532 5386 non
3564 5350 3655 5386 co-

1967 5425 2174 5489 medat,
2228 5424 2420 5477 vinum
2473 5441 2589 5477 non
2648 5424 2806 5477 bibat
2851 5422 3071 5477 cunctis
3128 5422 3328 5476 diebus
3361 5421 3484 5475 vita?
3517 5438 3656 5486 sum,

1965 5512 2260 5583 cingulum
2293 5512 2540 5566 militare
2594 5512 2862 5581 deponat,
2894 5511 3109 5581 absque
3141 5526 3241 5580 spe
3297 5509 3552 5583 conjugii
3597 5509 3656 5564 in
