4028 6190
395 269 501 322 767

1481 268 1889 325 BURCHARDI
1927 267 2462 326 WORMACIENSIS
2500 267 2830 324 EPISCOPI.

3770 276 3864 328 768

397 393 744 459 perpetuum
794 391 1044 443 maneat.
1091 389 1420 458 Aistolphus
1456 390 1867 460 Moguntiensis
1917 391 2095 443 arcbi-
2126 393 2172 446 Α
2213 391 2390 444 Deum
2447 390 2768 456 laudamus,
2817 387 3216 456 decantabunt,
3267 391 3322 442 et
3375 388 3452 441 sic
3481 389 3656 442 soluta
3693 396 3770 445 est
3794 410 3866 461 sy-

402 479 704 549 episcopus
757 477 898 531 dixit
943 494 957 531 :
999 477 1056 531 Si
1113 477 1464 548 principibus
1512 479 1808 548 placuerit,
1855 478 2099 548 aliisque

401 567 517 620 suis
566 566 857 632 ﬁdelibus,
891 581 1161 636 rogemus
1190 572 1255 620 ut
1285 567 1644 621 collaudatur
1687 572 1743 621 et
1772 568 2099 622 subscriba—

401 659 515 708 tur.
550 655 618 708 Et
671 655 1060 708 collaudatum
1111 659 1216 720 est,
1248 660 1306 709 et
1350 655 1735 726 subscriptum
1785 663 1891 721 est,
1922 661 2039 710 tam
2068 674 2100 711 a

401 742 684 814 principe,
715 760 887 814 quam
917 760 947 795 a
977 743 1191 796 caeteris
1221 744 1509 798 omnibus.

857 831 984 884 CAP.
1015 832 1102 885 VI.
1134 861 1203 871 —-
1237 833 1317 886 De
1345 833 1530 886 eadem
1556 849 1634 887 re.

474 920 592 985 (Ea:
640 921 861 973 concilio
906 920 1267 986 Triburiensi,
1318 924 1494 990 capite
1548 926 1596 975 1.
1649 923 1972 992 Capitulum
2018 941 2099 980 ec-

400 1009 638 1063 clesiast.
686 1009 836 1077 apud
893 1009 1204 1062 Triburiam
1251 1026 1285 1062 a
1323 1011 1512 1066 Carolo
1565 1015 1615 1064 et
1662 1013 1853 1079 primis
1904 1015 2102 1067 Gallia

400 1101 449 1150 et
508 1097 810 1151 Germania
875 1097 1244 1151 collaudatum
1305 1103 1356 1150 et
1406 1099 1815 1169 subscriptum.)
1883 1101 2099 1154 Placuit

401 1185 566 1237 nobis
615 1190 672 1237 et
700 1185 963 1238 ﬁdelibus
1017 1186 1248 1252 nostris,
1297 1191 1361 1239 ut
1408 1187 1553 1240 sicut
1603 1189 1674 1241 ab
1713 1187 1996 1260 episc0pis
2044 1196 2100 1244 et

399 1270 639 1340 reliquis
687 1273 1076 1326 sacerdotibus
1115 1290 1180 1327 ac
1209 1275 1308 1328 Dei
1357 1274 1554 1344 servis,
1605 1276 1717 1330 alio
1748 1293 1898 1330 anno
1947 1279 2099 1348 apud

399 1360 725 1415 Theodonis
755 1361 948 1416 villam
993 1364 1276 1417 admoniti
1307 1364 1521 1418 fuimus
1553 1370 1608 1419 et
1637 1366 1838 1436 rogati,
1881 1372 1945 1420 ut
1974 1367 2096 1437 epi-

399 1449 554 1519 scopi
589 1455 646 1504 et
677 1466 874 1504 eorum
920 1451 1168 1505 ministri
1210 1469 1351 1523 quos
1383 1454 1530 1506 Deus
1559 1471 1661 1507 suo
1695 1471 1812 1507 non
1844 1455 2098 1510 humano

393 1537 614 1606 judicio
663 1540 992 1605 reservavit,
1035 1541 1196 1610 juxta
1239 1548 1568 1595 sanctorum
1616 1558 1923 1608 canonum,
1974 1561 2100 1597 san-

399 1630 737 1697 ctorumque
786 1634 1038 1697 patrum,
1086 1646 1149 1682 ac
1195 1630 1596 1700 capitularium
1647 1632 2093 1700 praecedentium
2127 1669 2170 1725 Β

401 1730 604 1784 regum
644 1706 846 1769 'coram
881 1717 1205 1787 positorum
1239 1723 1470 1785 statuta,
1518 1725 1576 1772 et
1607 1719 1704 1772 Dei
1755 1721 2094 1788 sacerdotes,

401 1818 720 1874 eorumque
785 1810 1216 1876 cooperatores,
1280 1823 1529 1876 quorum
1595 1807 2096 1864 intercessionibus

401 1893 914 1962 supplicationibus
966 1898 1158 1948 sancta
1205 1896 1307 1949 Dei
1355 1897 1600 1950 Ecclesia
1641 1903 1898 1952 constare
1946 1899 2096 1953 vide-

398 1982 512 2046 tur,
564 1979 759 2033 intacti
817 1987 1212 2051 permaneant.
1278 1983 1712 2050 constituimus,
1764 1990 1828 2038 ut
1874 1985 1921 2038 si
1969 1986 2099 2057 quis

401 2069 812 2123 subdiaconum
871 2071 1250 2125 calumniatus
1325 2072 1540 2141 fuerit,
1597 2079 1653 2126 et
1707 2075 2094 2140 convaluerit,

399 2156 740 2225 pauitantia
795 2158 1068 2212 canonica
1106 2160 1400 2228 paeniteat,
1461 2166 1517 2214 et
1551 2161 1677 2216 CCC
1725 2162 1931 2216 solidos
1981 2164 2099 2234 epi-

400 2259 572 2315 scopo
606 2254 930 2316 componat.
962 2249 1028 2301 Et
1057 2248 1103 2301 si
1136 2253 1397 2302 mortuus
1441 2250 1635 2316 fuerit,
1664 2251 1826 2321 juxta
1855 2252 1908 2306 id
1942 2253 2097 2321 quod

400 2349 646 2387 canones
697 2335 1043 2405 pracipiunt
1071 2337 1365 2406 paniteat,
1417 2344 1473 2391 et
1521 2338 1689 2394 CCCC
1720 2340 1932 2393 solidos
1975 2341 2096 2410 epi-

401 2438 576 2492 scopo
608 2429 933 2492 componat.
967 2425 1023 2478 Si
1055 2425 1356 2479 diaconum
1391 2426 1520 2496 quis
1557 2427 1938 2496 calumniatus
1967 2429 2097 2483 fue—

400 2510 495 2574 rit,
547 2515 603 2563 et
633 2512 1004 2581 convaluerit,
1057 2514 1332 2583 paeniteat
1369 2515 1686 2569 secundum
1729 2533 1994 2584 canones,
2041 2524 2098 2572 et

402 2598 572 2653 CCCC
621 2599 836 2652 solidos
878 2601 1144 2671 episcopo
1175 2609 1500 2672 componat.
1533 2604 1591 2658 Si
1639 2621 1753 2658 non
1792 2607 2095 2660 convalue-

401 2686 496 2753 rit,
533 2686 694 2757 juxta
741 2694 1029 2759 pracepta
1075 2691 1399 2760 synodalica
1444 2692 1738 2761 paeniteat.
1781 2700 1838 2748 et
1869 2696 1955 2749 DC
2007 2712 2097 2749 so-

399 2776 545 2830 lidos
591 2776 859 2848 episcopo
905 2784 1228 2850 componat.
1262 2779 1319 2835 Si
1366 2782 1764 2852 presbyterum
1796 2783 1924 2854 quis
1949 2784 2096 2837 male

400 2865 746 2930 tractaverit,
795 2871 849 2919 et
893 2868 1256 2937 spassaverit,
1308 2871 1623 2924 secundum
1674 2871 1796 2940 ejus
1845 2871 2095 2942 episcopi

401 2955 746 3008 sententiam
806 2957 1100 3025 poeniteat,
1173 2962 1230 3010 et
1285 2958 1500 3014 DCCCC
1560 2959 1772 3013 solidos
1829 2961 2096 3030 episcopo

402 3047 727 3112 componat.
788 3043 844 3096 Si
901 3050 1094 3099 autem
1167 3051 1426 3101 mortuus
1481 3047 1674 3113 fuerit,
1735 3052 1795 3102 ut
1852 3049 2096 3119 synodus

402 3130 818 3200 dijudicaverit,
849 3133 1151 3201 paeniteat,
1183 3139 1238 3185 et
1264 3136 1420 3188 mille
1464 3135 1547 3190 CC
1588 3136 1800 3190 solidos
1830 3138 2097 3208 episcopo

400 3223 726 3286 componat.
786 3219 848 3270 Et
900 3219 946 3270 si
1000 3219 1129 3289 quis
1188 3221 1454 3290 episcopo
1508 3223 1741 3276 insidias
1801 3226 2096 3293 posuerit,

401 3305 926 3375 comprehenderit,
971 3307 1060 3360 vel
1088 3307 1147 3359 in
1179 3307 1373 3378 aliquo
1404 3308 1885 3380 dehonestaverit,
1917 3314 2098 3384 pani-

402 3399 522 3448 teat
565 3393 882 3448 secundum
927 3410 1215 3448 canonum
1265 3401 1496 3460 statuta,
1533 3401 1588 3450 et
1618 3398 1935 3468 presbyteri
1982 3417 2099 3452 non

401 3482 573 3536 occisi
613 3481 898 3551 triplicem
929 3483 1427 3553 compositionem,
1470 3500 1600 3538 cum
1639 3485 1848 3540 instilis
1881 3503 2008 3558 qua
2038 3488 2099 3542 in

402 3570 686 3641 superiori
719 3571 971 3640 capitulo
1000 3570 1247 3640 scripta,
1283 3577 1338 3625 et
1369 3572 1723 3627 confirmata
1753 3590 1876 3628 esse
1909 3577 2101 3630 viden-

399 3663 514 3727 tur,
569 3665 896 3730 componat.
943 3659 1000 3714 Si
1047 3660 1178 3730 quis
1223 3676 1326 3731 per
1373 3661 1716 3715 industriam
1768 3664 2096 3735 episcopum

401 3748 692 3815 occiderit,
739 3749 903 3818 juxta
945 3748 1004 3802 id
1053 3749 1204 3819 quod
1253 3750 1404 3820 apud
1464 3750 1784 3805 Theodonis
1833 3752 2025 3806 villam
2067 3770 2099 3807 a

399 3838 590 3893 XXXII
639 3837 923 3908 episcopis
970 3838 1264 3892 decretum
1306 3843 1408 3904 est,
1444 3843 1501 3893 et
1549 3840 1700 3909 quod
1740 3840 1823 3893 ibi
1871 3857 1903 3893 a
1931 3842 2100 3895 nobis

401 3931 458 3980 et
487 3943 520 3979 a
551 3927 892 3996 primatibus
929 3930 1102 3980 totius
1146 3928 1486 3994 Germania,
1519 3933 1573 3981 et
1601 3928 1814 3995 Gallia,
1851 3930 2101 4000 benigna

400 4015 820 4069 collaudatione
874 4015 1260 4069 collaudatum
1302 4021 1405 4082 est,
1451 4021 1508 4070 et
1559 4016 1942 4086 subscriptum
1993 4025 2095 4088 est,

404 4104 698 4173 poeniteat,
733 4108 789 4156 et
838 4103 1144 4173 pecuniam
1186 4119 1218 4154 a
1249 4103 1414 4156 nobis
1461 4119 1788 4158 concessam
1842 4107 2100 4162 Ecclesiae

403 4193 652 4246 viduata
683 4192 988 4261 persolvat.
1027 4192 1092 4244 Et
1129 4191 1238 4244 hoc
1269 4191 1336 4244 de
1368 4197 1561 4245 nostro
1592 4193 1921 4263 adjecimus,
1958 4200 2020 4249 ut
2048 4195 2094 4249 si
2127 4220 2170 4273 D

403 4281 530 4350 quis
563 4280 624 4332 in
672 4279 761 4332 his
811 4278 1154 4348 supradictis
1204 4283 1529 4333 sanctorum
1561 4297 1850 4335 canonum
1887 4284 2096 4337 nostri-

403 4385 515 4439 que
580 4368 792 4421 decreti
849 4367 1258 4434 sanctionibus,
1319 4368 1599 4439 episcopis
1651 4370 1986 4425 inobediens
2043 4377 2099 4425 et

402 4460 714 4510 contumax
762 4457 1033 4524 extiterit,
1083 4456 1336 4526 primum
1382 4458 1653 4511 canonica
1698 4459 1980 4513 sententia
2022 4460 2099 4514 fc-

315 4605 330 4616 .
403 4545 603 4599 riatur.
659 4545 871 4600 Deinde
919 4546 978 4599 in
1012 4551 1207 4599 nostro
1253 4562 1432 4616 regno
1465 4546 1811 4600 beneficium
1852 4564 1968 4601 non
1994 4548 2096 4601 ba-

401 4633 552 4699 beat,
588 4639 642 4688 et
668 4635 845 4689 alodis
875 4635 998 4705 ejus
1023 4634 1083 4687 in
1109 4634 1363 4687 bannum
1398 4634 1676 4700 mittatur,
1719 4638 1775 4688 et
1806 4635 1852 4688 si
1881 4653 2098 4690 annum

404 4739 584 4777 unum
615 4729 685 4777 et
701 4723 853 4778 diem
903 4729 1099 4778 nostro
1131 4723 1321 4778 banno
1368 4723 1749 4794 permanserit
1796 4724 1866 4778 ad
1895 4725 2098 4778 iiscum

302 4805 305 4808 ’
401 4818 661 4867 nostrum
704 4813 1017 4883 redigatur,
1051 4818 1107 4866 et
1133 4819 1332 4884 captus
1363 4813 1423 4865 in
1449 4813 1686 4866 exilium
1719 4811 2010 4882 religetur,
2043 4818 2099 4867 et

401 4901 482 4955 ibi
533 4907 653 4956 tam
710 4902 808 4956 diu
867 4901 1224 4956 custodiatur
1292 4907 1348 4956 et
1399 4901 1860 4972 constringatur,
1919 4901 2101 4955 donec

399 4995 626 5044 coactus
684 4991 818 5058 Deo,
876 4995 931 5043 et
977 4994 1182 5043 sancta
1243 4990 1503 5044 Ecclesia
1559 4991 1888 5057 satisfaciat,
1943 4991 2100 5062 quod

399 5079 560 5148 prius
617 5081 818 5150 gratis.
842 5079 1027 5133 facere
1083 5079 1364 5132 noluerat.
1419 5080 1484 5132 Et
1522 5079 1570 5132 si
1619 5079 1884 5134 omnibus
1941 5079 2101 5133 vobis

401 5168 858 5238 complacuerint
901 5168 1089 5222 dicite.
1130 5168 1194 5221 Et
1249 5167 1418 5220 tertio
1449 5168 1519 5220 ab
1560 5168 1826 5221 omnibus
1883 5169 2102 5223 concla-

403 5261 622 5310 matum
674 5261 778 5319 est,
821 5257 1026 5326 placet.
1084 5257 1148 5309 Et
1192 5257 1590 5325 imperatores,
1627 5261 1683 5309 et
1724 5272 1869 5325 pene
1901 5273 2099 5310 omnes

403 5343 601 5398 Galliae
643 5350 701 5398 et
740 5346 1060 5400 Germania
1109 5344 1399 5415 principes
1445 5345 1928 5414 subscripserunt,
1979 5346 2096 5398 sin-

402 5432 524 5502 guli
569 5433 822 5503 singulas
855 5433 1126 5488 facientes
1169 5450 1382 5500 cruces,
1415 5438 1470 5486 et
1504 5432 1924 5487 Ecclesiasticus
1957 5435 2097 5488 ordo

405 5523 519 5583 Deo
569 5525 627 5575 et
664 5522 1021 5593 principibus
1073 5523 1264 5577 laudes
1306 5523 1615 5577 referentes
1667 5522 1969 5592 hymnum,
2022 5523 2099 5577 Te

2135 551 2137 553 ι
2207 481 2412 534 nodus.

2671 568 2797 623 CAP.
2829 567 2944 620 VII.
2975 596 3040 606 —
3071 569 3145 621 De
3177 567 3357 621 eadem
3379 583 3448 620 re.

2281 659 2385 726 (Ea:
2423 658 2645 712 concilio
2696 659 2961 723 Mogunt.,
2993 658 3168 724 capite
3210 657 3324 722 24.)
3360 655 3466 718 Qui
3505 655 3868 726 presbyterum

2207 747 2479 801 occiderit
2507 746 2611 799 XII
2660 761 2947 798 annorum
2993 744 3044 800 ei
3085 745 3422 814 poenitentia
3471 746 3772 798 secundum
3800 763 3868 799 ca-

2206 850 2386 888 nones
2431 833 2764 904 imponatur
2811 837 2908 885 aut
2938 831 2985 884 si
3025 833 3338 902 negaverit,
3370 834 3418 885 si
3450 833 3591 884 liber
3635 839 3731 897 est,
3761 850 3867 887 cum

2210 923 2396 978 LXXII
2437 924 2610 993 juret.
2665 921 2724 976 Si
2750 926 2954 982 autem,
2987 937 3198 985 servus,
3234 937 3407 991 super
3455 920 3745 974 duodecim
3790 939 3866 976 vo-

2207 1028 2395 1067 meres
2425 1013 2706 1066 ferventes
2750 1027 2807 1064 se
2835 1015 3129 1080 expurget.
3184 1011 3486 1064 Convictus
3517 1026 3674 1063 noxa
3719 1027 3868 1080 usque

2207 1101 2279 1155 ad
2309 1100 2582 1154 ultimum
2632 1099 2758 1152 vita
2809 1103 3037 1168 tempus
3082 1099 3298 1152 militia
3329 1098 3562 1168 cingulo
3609 1104 3797 1164 careat,
3824 1106 3866 1152 et

2207 1190 2423 1260 absque
2457 1205 2556 1259 spe
2587 1187 2840 1257 conjuin
2873 1197 3122 1241 maneat.

2374 1278 2502 1330 CAP.
2546 1277 2685 1329 VIII.
2716 1305 2784 1313 ——
2813 1278 2884 1329 De
2907 1275 3346 1342 interfectoribus
3373 1274 3724 1328 sacerdotum.

2281 1368 2392 1434 (Ea:
2437 1366 2661 1420 concilio
2703 1366 3085 1429 Wormacien.,
3139 1366 3317 1433 cap-ite
3366 1364 3444 1432 3.)
3482 1364 3590 1427 Qui
3638 1364 3865 1418 sacerdo-

2206 1458 2323 1508 tem
2379 1453 2698 1507 voluntarie
2749 1452 3039 1519 occiderit,
3089 1467 3316 1505 carnem
3360 1468 3479 1504 non
3523 1451 3785 1517 comedat,
3821 1459 3864 1506 ct

2206 1543 2405 1596 vinum
2452 1558 2566 1595 non
2615 1541 2774 1595 bibat
2816 1540 3033 1594 cunctis
3078 1540 3277 1594 diebus
3321 1541 3453 1593 vita
3493 1557 3632 1594 sua.
3677 1541 3864 1609 Jejunet

2208 1647 2390 1701 usque
2418 1631 2488 1684 ad
2518 1645 2835 1700 vesperam,
2885 1629 3134 1698 exceptis
3181 1628 3382 1682 diebus
3413 1625 3573 1682 festis
3611 1634 3766 1699 atque
3791 1629 3864 1682 do-

2207 1718 2467 1784 minicis;
2521 1734 2683 1771 arma
2741 1734 2854 1770 non
2905 1722 3115 1783 sumat,
3168 1733 3386 1788 equum
3445 1733 3561 1770 non
3614 1717 3860 1784 ascendat,
3962 1769 3966 1774 .

2209 1807 2516 1862 Ecclesium
2561 1822 2667 1877 per
2713 1806 2968 1883 quinque
3020 1821 3196 1859 annos
3226 1821 3345 1859 non
3381 1805 3750 1876 ingrediatur,
3788 1807 3861 1860 sed

2208 1903 2342 1952 ante
2372 1899 2519 1952 fores
2565 1897 2826 1950 Ecclesia
2870 1901 2998 1949 stet.
3033 1897 3162 1949 Post
3195 1896 3458 1966 quinque
3510 1911 3684 1948 annos
3709 1896 3860 1949 Eccle-

2207 1987 2353 2040 siam
2409 1985 2788 2056 ingrediatur,
2838 1985 3098 2038 nondum
3149 2000 3284 2038 vero
3339 1984 3737 2048 communicet,
3785 1985 3860 2037 sed

2206 2075 2360 2130 inter
2405 2075 2704 2128 audientes
2754 2079 2878 2128 stet.
2924 2076 3065 2128 Cum
3116 2079 3308 2127 autem
3358 2074 3535 2127 fuerit
3585 2073 3859 2127 duodecimi

2207 2162 2345 2217 anni
2377 2180 2575 2216 cursus
2607 2163 2826 2228 ﬁnitus,
2858 2162 3317 2216 communicandi
3360 2162 3414 2215 ei
3445 2162 3675 2214 licentia
3701 2178 3858 2214 conce-

2208 2252 2395 2319 datur,
2438 2257 2494 2304 et
2537 2250 2832 2320 equitandi
2880 2250 3166 2303 tribuatur
3209 2249 3497 2303 remissio.
3545 2249 3752 2304 Maneat
3788 2265 3858 2301 au-

2206 2345 2322 2394 tem
2370 2340 2431 2394 in
2477 2339 2715 2409 reliquis
2753 2338 3243 2392 observationibus
3291 2343 3408 2391 tres
3454 2338 3576 2391 dies
3619 2354 3711 2408 per
3748 2336 3862 2390 heb-

2206 2429 2530 2496 domadam,
2563 2433 2628 2480 ut
2658 2427 2966 2496 perfectius
2991 2426 3285 2496 puriticari
3312 2434 3627 2481 mereatur.

2281 2519 2414 2572 CAP.
2450 2519 2535 2573 IX.
2572 2548 2640 2555 -—
2670 2520 2744 2571 De
2763 2517 3095 2586 presbyteris
3126 2516 3408 2584 depositis,
3441 2522 3493 2568 et
3521 2518 3599 2569 sic
3628 2517 3810 2568 occisis.

2280 2607 2390 2677 (Ea:
2419 2607 2604 2660 consil.
2665 2607 2970 2670 Turonich
3017 2620 3136 2672 cap.
3190 2605 3266 2674 3.)
3297 2604 3641 2657 Nuntiatum
3667 2607 3744 2656 est
3787 2618 3864 2654 no-

2205 2693 2310 2756 bis,
2343 2694 2499 2764 quod
2545 2693 2726 2763 aliqui
2758 2693 2896 2745 olim
2945 2692 3210 2745 dixerunt
3255 2708 3316 2745 se
3348 2692 3525 2746 fuisse
3567 2691 3864 2754 sacerdotes,

2207 2787 2264 2837 et
2301 2787 2502 2853 postea
2551 2782 2852 2852 degradati
2899 2797 3002 2851 pro
3051 2780 3168 2833 suis
3214 2783 3464 2850 peccatis
3514 2779 3867 2850 paenitentiam

2207 2871 2455 2942 agendo,
2489 2871 2762 2939 suffragia
2807 2874 3130 2923 sanctorum
3163 2885 3264 2938 per
3309 2870 3538 2922 diversa
3567 2870 3683 2922 loca
3717 2874 3866 2921 trans-

2130 2949 2171 3004 Ο
2209 2965 2411 3014 euntes
2455 2959 2827 3030 quasierunt,
2880 2957 3150 3011 trucidati
3197 2957 3329 3010 siut.
3381 2956 3774 3027 Hujuscemodi
3801 2955 3865 3006 in-

2207 3047 2608 3102 terfectoribus
2639 3062 2871 3100 omnem
2900 3045 3337 3099 ecclesiasticam
3367 3045 3702 3115 dignitatem
3733 3045 3866 3097 dene-

2209 3154 2431 3206 gamus,
2481 3137 2664 3190 donec
2717 3136 2950 3205 dignam
2998 3133 3400 3204 paenitentiam
3452 3150 3555 3204 pro
3596 3138 3746 3185 reatu
3787 3145 3866 3182 suo

2208 3227 2522 3279 secundum
2575 3224 2855 3293 judicium
2910 3224 3311 3293 episcoporum
3365 3223 3660 3275 exsolvant
3703 3237 3716 3273 :
3760 3219 3864 3289 quia

2209 3314 2437 3384 gravius
2467 3313 2592 3366 aliis
2621 3312 2928 3366 homicidis
2957 3310 3236 3382 poenitere
3262 3309 3496 3364 debent.

2206 3404 2336 3456 CAP.
2371 3401 2440 3455 X.
2494 3432 2562 3439 —
2609 3404 2678 3454 De
2706 3400 3035 3471 presbyteris
3064 3400 3162 3468 qui
3200 3401 3315 3451 sine
3347 3401 3530 3452 orario
3569 3397 3860 3451 occiduntur.

2281 3492 2387 3562 (Ea:
2431 3491 2651 3543 concilio
2698 3489 2941 3554 Tribur.,
2993 3490 3080 3542 cui
3123 3489 3383 3551 interfuit
3426 3503 3529 3540 rea:
3573 3484 3865 3552 Arnolphus,

2207 3597 2330 3649 cap.
2382 3578 2499 3648 26.)
2559 3580 2626 3632 Ut
2653 3577 2973 3647 presbyteri
3023 3593 3135 3630 non
3186 3577 3417 3642 vadaut,
3452 3575 3565 3629 nisi
3620 3574 3753 3628 stola
3796 3571 3863 3624 vel

2209 3668 2401 3722 orario
2432 3666 2637 3722 induti.
2676 3669 2740 3720 Et
2768 3667 2816 3718 si
2859 3665 2918 3718 in
2957 3665 3159 3718 itinere
3190 3665 3535 3734 spoliantur,
3579 3664 3662 3716 vel
3707 3664 3863 3714 vulne-

2205 3763 2426 3823 rantur,
2479 3762 2578 3809 aut
2624 3755 2979 3821 occiduntur,
3039 3769 3150 3806 non
3193 3754 3338 3806 stola
3388 3753 3600 3814 vestiti,
3658 3747 3862 3820 simplici

2209 3843 2612 3898 emendatione
2669 3857 2771 3894 sua
2823 3841 3133 3894 solvantur.
3188 3840 3247 3893 Si
3305 3845 3500 3893 autem
3558 3855 3682 3892 cum
3731 3837 3859 3898 stola,

2208 3933 2440 4004 triplici.

2207 4041 2338 4095 CAP.
2387 4038 2475 4091 XI.
2530 4067 2598 4075 —
2632 4037 2712 4090 De
2767 4036 3078 4104 presbytero
3125 4036 3429 4100 interfecto,
3481 4035 3556 4087 ad
3608 4048 3751 4102 quem
3774 4032 3863 4097 ejus

2739 4109 3048 4175 compositio
3083 4109 3371 4176 pertineat.

2285 4200 2397 4269 (Ea:
2445 4196 2643 4262 eodem,
2692 4211 2812 4264 cap.
2861 4197 2939 4263 5.)
2991 4194 3305 4263 Presbyteri
3339 4193 3625 4246 interfecti
3674 4203 3861 4257 compo-

2206 4287 2338 4340 sitio
2386 4285 2652 4354 episcopo
2699 4284 2766 4338 ad
2802 4285 2962 4353 cujus
2993 4282 3324 4352 parochiam
3356 4282 3704 4352 pertinebat,
3724 4277 3862 4330 solva-

2205 4381 2327 4441 tur,
2382 4375 2461 4427 ita
2518 4373 2808 4437 videlicet,
2883 4376 2945 4426 ut
3006 4371 3373 4424 medietatem
3431 4367 3717 4439 Wirigeldi
3767 4365 3860 4432 ejus

2207 4464 2512 4534 episcopus
2557 4460 2903 4514 utilitatibus
2953 4461 3211 4512 Ecclesia
3245 4459 3334 4512 cui
3383 4459 3633 4528 prafuit,
3665 4454 3857 4513 tribuat,

2209 4557 2264 4605 et
2311 4552 2548 4604 alteram
2600 4550 2962 4603 medietatem
3018 4548 3077 4600 in
3125 4549 3549 4617 eleemosynam
3584 4546 3697 4614 ejus
3739 4542 3858 4612 juste

2209 4640 2523 4710 dispertiat,
2575 4637 2712 4708 quia
2744 4638 2936 4690 nullus
2984 4636 3151 4689 nobis
3198 4637 3320 4705 ejus
3360 4635 3542 4688 hares
3590 4629 3860 4702 proximior

2207 4727 2452 4792 videtur,
2482 4741 2653 4796 quam
2683 4725 2778 4778 ille
2805 4724 2906 4794 qui
2932 4724 3121 4793 ipsum
3155 4723 3398 4776 Domino
3427 4721 3672 4775 sociavit.

2210 4834 2338 4887 CAP.
2371 4833 2484 4886 XII.
2510 4862 2576 4870 —
2610 4833 2690 4885 De
2718 4832 2827 4885 illis
2872 4833 2967 4899 qui
2993 4846 3091 4899 per
3119 4830 3353 4883 insidias
3400 4827 3734 4883 homicidium
3756 4837 3856 4891 per-

2879 4904 3227 4969 petraverint.

2282 4993 2398 5058 (Ea:
2428 4992 2615 5046 concil.
2659 4992 2976 5054 Nanneten.,
3023 5005 3140 5057 cap.
3171 4989 3251 5056 2.)
3301 4988 3359 5041 Si
3390 4987 3516 5057 quis
3563 4978 3852 5041 voluntarie,

2209 5084 2266 5134 et
2299 5095 2400 5150 per
2448 5078 2685 5132 insidias
2717 5078 3008 5130 hominem
3059 5076 3428 5140 interfecerit,
3452 5074 3581 5145 jugi
3626 5070 3855 5142 paeniten-

2209 5169 2304 5222 tia
2335 5184 2393 5221 se
2453 5167 2769 5221 submittat.
2806 5166 2875 5220 Et
2906 5166 2950 5219 si
2983 5166 3089 5218 hoc
3142 5165 3368 5235 publice
3424 5171 3606 5217 actum
3651 5158 3850 5214 constat,

2209 5257 2255 5310 si
2286 5256 2460 5309 laicus
2506 5261 2608 5319 est,
2643 5272 2675 5307 a
2705 5254 3111 5307 communione
3150 5252 3474 5304 orationum
3500 5241 3849 5320 quinquennio

2210 5349 2589 5399 removeatur.
2645 5346 2778 5397 Post
2823 5341 3283 5414 quinquennium
3333 5346 3550 5394 tantum
3582 5337 3636 5390 in
3682 5331 3849 5387 oratio-

2210 5448 2350 5487 num
2398 5431 2864 5485 communionem
2914 5429 3239 5501 recipiatur,
3277 5445 3390 5482 non
3440 5432 3618 5480 autem
3665 5420 3843 5478 offerat.

2209 5537 2329 5576 non
2383 5537 2589 5592 corpus
2647 5519 2874 5574 Domini
2923 5519 3242 5589 contingat.
3315 5519 3375 5572 In
3419 5531 3530 5586 quo
3574 5511 3843 5584 perdurans
