4028 6190
198 272 312 323 769

1196 259 1683 318 DECRETORUM
1726 264 1919 323 LIBRI
1958 269 2066 323 XX.
2108 297 2177 306 —-
2216 269 2426 323 LIBER
2467 268 2750 324 SEXTUS.

3634 282 3741 333 7⁸70

198 387 643 460 quatuordecim
694 384 877 448 annis,
900 388 1035 437 tunc
1078 383 1147 437 ad
1172 384 1401 453 plenam
1433 387 1911 442 communionem
1945 392 1989 445 Α
2099 390 2165 442 Et
2188 389 2421 455 idcirco,
2450 391 2496 442 si
2520 391 2813 445 voluntate
2836 393 2924 446 vel
2943 395 3292 464 negligentia
3317 398 3627 456 incidentis
3648 419 3739 457 ar-

202 494 339 532 cum
380 475 764 531 oblationibus
808 472 1137 543 recipiatur.

286 567 417 621 CAP.
450 566 592 620 XIII.
626 594 694 603 —
724 565 853 617 Item
888 562 952 614 de
982 561 1270 614 homicidio
1308 566 1497 629 sponte
1526 569 1829 621 commisso.

274 654 390 724 (Ea:
446 654 630 708 concil.
699 653 994 715 Ancirano,
1058 667 1175 719 cap.
1254 649 1368 720 21.)
1421 650 1531 713 Qui
1589 655 1920 709 voluntarie

198 744 579 797 homicidium
644 742 898 805 fecerint,
970 740 1322 810 pmnitentia:
1394 740 1634 809 quidem
1700 745 1923 814 jugiter

200 834 543 887 submittant
569 847 646 893 se,
694 830 1107 901 perfectionem
1154 845 1287 883 vero
1318 828 1468 881 circa
1517 830 1653 886 vitae
1701 834 1923 887 exitum

203 926 651 992 censequantur.

653 1009 779 1063 CAP.
812 1007 948 1063 XIV.
983 1039 1049 1047 ——
1081 1010 1156 1061 De
1182 1004 1363 1060 eadem
1395 1022 1472 1061 re.

278 1099 386 1168 (Ex
413 1098 603 1152 concil.
636 1098 925 1160 Pariensi.,
967 1112 1090 1165 cap.
1152 1095 1224 1163 6.)
1265 1094 1323 1149 Si
1378 1095 1509 1165 quis
1539 1096 1926 1152 homicidium

202 1194 405 1258 sponte
454 1186 827 1251 commiserit,
871 1189 927 1238 et
985 1201 1104 1237 non
1157 1184 1407 1237 violento
1467 1186 1763 1252 resistens,
1823 1186 1925 1240 sed

204 1277 321 1329 vim
350 1276 584 1339 faciens,
622 1274 986 1327 innocentem
1043 1278 1100 1327 et
1155 1272 1495 1342 simpliciter
1556 1274 1925 1343 gradientem

204 1365 577 1427 interfecerit,
611 1379 791 1433 usque
823 1365 891 1416 ad
923 1362 1102 1415 ﬁnem
1144 1362 1271 1415 vitae
1300 1378 1415 1415 suae
1448 1363 1705 1431 graviter
1734 1362 1924 1432 poeni-

209 1459 345 1517 teat,
378 1456 456 1508 sic
499 1459 716 1517 tamen,
760 1458 820 1505 ut
864 1452 910 1505 si
961 1451 1363 1521 paenitentiam
1415 1452 1565 1505 bene
1610 1452 1925 1521 peregerit,

210 1544 269 1596 in
300 1542 455 1595 exitu
485 1542 535 1593 ei
567 1539 992 1593 communionis
1024 1539 1294 1592 viaticum
1324 1555 1440 1591 non
1474 1544 1739 1608 negetur.

317 1631 443 1685 CAP.
481 1630 589 1683 XV.
620 1659 690 1669 —
724 1632 797 1682 De
843 1628 1135 1681 homicidio
1165 1643 1270 1680 non
1298 1633 1487 1696 sponte
1518 1629 1816 1681 commisso.

276 1722 385 1787 (Em
415 1720 602 1772 concil.
633 1720 927 1781 Ancirano,
973 1732 1097 1785 cap.
1149 1718 1264 1780 22.)
1320 1718 1397 1769 De
1448 1716 1777 1769 homicidiis
1808 1732 1927 1769 non

206 1813 407 1877 sponte
440 1806 759 1860 commissis
788 1806 947 1875 prior
974 1806 1214 1875 quidem
1238 1804 1524 1871 deﬁnitio,
1550 1810 1678 1874 post
1697 1811 1930 1875 septen-

208 1913 341 1950 nem
386 1895 802 1965 paenitentiam,
849 1894 1264 1964 perfectionem
1310 1893 1594 1962 consequi
1644 1894 1925 1963 praecipit.

209 1985 472 2039 Secunda
501 1999 635 2036 vero
672 1981 1059 2053 quinquennii
1092 1986 1319 2051 tempus
1351 1981 1602 2050 explere.

666 2074 785 2127 CAP.
816 2072 947 2125 XVI.
993 2100 1064 2111 —
1087 2074 1161 2125 De
1190 2072 1374 2123 eadem
1407 2085 1484 2122 re.

288 2160 395 2241 (Ea:
422 2162 608 2214 concil.
659 2162 981 2225 Nanncten.,
1026 2174 1150 2227 cap.
1202 2160 1282 2225 2.)
1335 2157 1395 2211 Si
1455 2156 1585 2226 quis
1634 2172 1768 2210 casu
1812 2174 1930 2211 non

214 2250 430 2314 volens,
464 2248 837 2302 homicidium
880 2248 1323 2317 perpetraverit,
1380 2245 1767 2315 quadraginta
1810 2247 1930 2300 dies

213 2339 271 2391 in
307 2354 452 2407 pane
481 2342 537 2392 et
567 2354 712 2406 aqua
757 2337 1054 2406 pceniteat.
1108 2335 1325 2398 Quibus
1361 2332 1631 2404 peractis,
1693 2333 1928 2387 biennio

214 2430 286 2483 ab
348 2429 604 2482 oratione
651 2428 906 2481 fidelium
956 2431 1312 2497 segregetur,
1378 2439 1498 2476 non
1547 2426 1933 2478 communicet

218 2534 327 2571 nec
351 2517 568 2583 offerat,
604 2521 729 2586 post
750 2516 1057 2569 biennium
1103 2514 1161 2567 in
1193 2512 1668 2566 communionem
1711 2514 1931 2568 oratio-

222 2606 314 2660 nis
345 2606 687 2676 suscipiatur
720 2621 733 2658 :
768 2605 968 2658 olferat
1020 2608 1235 2667 autem,
1273 2618 1389 2654 non
1442 2606 1636 2655 tamen
1667 2618 1928 2657 commu-

226 2695 400 2748 nicet.
432 2696 563 2747 Post
592 2692 1059 2763 quinquennium
1093 2690 1159 2743 ad
1196 2691 1431 2759 plenam
1458 2691 1929 2745 communionem

223 2783 553 2853 recipiatur,
600 2782 943 2835 abstinentia
987 2780 1249 2833 ciborum
1292 2778 1351 2830 in
1384 2776 1621 2831 arbitrio
1667 2780 1931 2834 sacerdo-

231 2872 309 2925 tis
336 2877 582 2925 maneat.

2028 477 2233 532 borem
2259 480 2475 533 factum
2504 485 2609 540 est,
2641 486 2702 533 ut
2728 482 3015 537 homicida
3045 485 3397 553 poenitentia:
3428 490 3598 545 debet
3618 508 3741 545 om-

2031 568 2171 620 nino
2194 568 2475 623 submitti.
2502 568 2664 632 Quod
2695 587 2811 624 non
2842 577 2989 638 voto,
3024 574 3120 627 sed
3156 574 3372 630 incuria
3421 578 3595 645 illius,
3624 597 3742 634 non

2032 656 2280 727 denique
2306 658 2588 711 sententia
2631 659 2926 729 contingit,
2964 663 3061 715 sed
3120 663 3256 717 dum
3287 665 3383 719 ille
3439 669 3603 737 operi
3643 686 3742 722 ne-

2032 745 2275 799 cessario
2310 746 2562 799 fortassis
2610 747 2969 802 incumberet
3014 750 3117 803 iste
3175 752 3499 823 insperatus
3542 773 3742 811 occur-

2031 832 2108 885 rit
2138 833 2242 886 sub
2283 834 2507 899 arbore,
2547 841 2603 887 et
2660 836 2763 889 sub
2818 836 2942 906 ipsa
2994 854 3299 908 oppressus
3357 848 3458 909 est,
3529 844 3743 898 incisor

2035 921 2255 975 arboris
2280 938 2398 975 non
2433 927 2660 976 tenetur
2691 940 2796 993 pro
2829 926 3132 980 homicida.

2446 1012 2573 1064 CAP.
2607 1012 2765 1067 XXII.
2798 1044 2866 1051 —
2911 1016 2982 1067 De
3012 1015 3200 1070 eadem
3233 1032 3310 1071 re.

2108 1097 2216 1167 (E1:
2290 1100 2511 1153 concilio
2586 1100 2830 1164 Tribur.,
2907 1105 3015 1169 I7.)
3080 1103 3137 1156 Si
3218 1104 3331 1158 duo
3404 1105 3609 1161 fratres
3679 1108 3742 1162 in

2036 1186 2193 1255 sylva
2244 1187 2478 1240 arbores
2526 1188 2875 1242 succiderint
2926 1197 2982 1244 et
3020 1194 3523 1264 apprOpinquante
3573 1213 3742 1251 casu-

2036 1288 2099 1325 ra
2128 1274 2301 1327 unius
2331 1275 2570 1340 arboris,
2623 1276 2795 1330 frater
2860 1278 3021 1331 fratri
3079 1280 3289 1334 dixerit
3328 1298 3481 1350 cave,
3533 1288 3588 1338 et
3644 1285 3743 1338 ille

2034 1361 2264 1430 fugiens
2296 1362 2354 1416 in
2403 1380 2727 1433 pressuram
2776 1367 2994 1421 arboris
3041 1368 3321 1431 inciderit,
3374 1378 3432 1424 et
3476 1377 3743 1427 mortuus

2036 1450 2231 1514 fuerit,
2263 1450 2451 1504 vivens
2492 1453 2665 1506 frater
2713 1454 2986 1508 innocens
3034 1457 3100 1509 dc
3145 1458 3426 1527 sanguine
3475 1462 3741 1529 germani

2037 1538 2405 1607 dijudicetur.

1959 1675 1999 1728 Β
2039 1645 2171 1699 CAp.
2230 1645 2412 1698 XXIII.
2447 1676 2513 1684 —
2552 1651 2627 1700 De
2672 1648 2781 1701 illis
2823 1652 2930 1728 qui
2946 1652 3004 1728 in
3028 1651 3243 1728 publico
3274 1652 3405 1706 bello
3444 1653 3744 1709 homicidia

2719 1722 3074 1774 committunt.

2112 1806 2221 1869 (Ea:
2250 1806 2471 1858 concilio
2501 1808 2771 1872 Mogunt.,
2806 1811 2982 1876 capite
3032 1809 3109 1879 2.)
3167 1810 3407 1879 Oportet
3436 1816 3631 1868 autem
3656 1815 3747 1869 di-

2040 1890 2311 1959 ligentius
2341 1908 2436 1945 eos
2469 1893 2798 1960 admonere,
2833 1897 2932 1966 qui
2971 1896 3281 1951 homicidia
3319 1900 3381 1952 in
3412 1901 3563 1954 bello
3603 1920 3743 1972 per-

2032 1985 2261 2057 petrata
2281 1997 2386 2049 pro
2414 1981 2597 2034 nihilo
2628 1983 2863 2045 ducunt,
2915 1991 3247 2039 excusantes
3298 2004 3411 2041 non
3454 1990 3583 2043 ideo
3633 2008 3747 2045 ne-

2038 2084 2192 2122 cesse
2250 2069 2459 2121 habere
2520 2069 2590 2122 de
2647 2070 2887 2138 singulis
2954 2072 3136 2126 facere
3192 2076 3613 2143 paenitentiam,
3676 2096 3747 2132 eo

2040 2157 2194 2228 quod
2215 2158 2381 2227 jussu
2420 2157 2746 2227 principum
2794 2166 3087 2229 peractum
3145 2163 3234 2227 sit,
3287 2168 3341 2216 et
3386 2164 3481 2217 Dei
3519 2166 3748 2235 judicio

2039 2248 2116 2300 ita
2154 2246 2403 2299 ﬁnitum.
2436 2246 2658 2300 Scimus
2700 2248 2877 2315 enim,
2914 2249 3067 2318 quod
3124 2250 3221 2302 Dei
3254 2252 3536 2320 judicium
3589 2272 3747 2309 sem-

2037 2351 2145 2404 per
2170 2336 2389 2404 justum
2423 2340 2526 2399 est,
2554 2341 2609 2387 et
2639 2336 2797 2389 nulla
2828 2337 3271 2407 reprehensione
3319 2339 3578 2409 dignum.
3633 2344 3745 2398 Sed

2040 2428 2235 2477 tamen
2267 2428 2499 2492 oportet
2528 2440 2623 2478 eos
2661 2425 3046 2491 considerare,
3080 2426 3178 2497 qui
3209 2426 3356 2482 hanc
3386 2446 3584 2484 necem
3635 2448 3749 2485 nc-

2040 2512 2240 2566 fariam
2272 2512 2537 2581 cupiunt,
2592 2518 2781 2567 utrum
2833 2532 2891 2567 se
2946 2531 3137 2568 coram
3185 2519 3365 2571 oculis
3416 2520 3529 2586 Dei,
3579 2522 3748 2590 quasi

2039 2601 2305 2655 innoxios
2365 2616 2635 2655 excusare
2691 2603 2930 2672 possint,
2984 2604 3083 2674 qui
3120 2612 3358 2674 propter
3421 2608 3745 2675 avaritiam,

2043 2706 2172 2760 quae
2214 2689 2478 2743 omnium
2514 2693 2795 2745 malorum
2827 2693 2985 2747 radix
3018 2698 3121 2761 est,
3168 2699 3223 2747 et
3254 2695 3537 2749 idolorum
3574 2700 3750 2752 servi-

2042 2777 2150 2832 tuti
2208 2782 2598 2847 comparatur,
2653 2784 2826 2850 atque
2888 2787 3124 2851 propter
3186 2782 3434 2837 favorem
3471 2786 3747 2841 domino-

2042 2882 2170 2920 rum
2200 2882 2434 2919 suorum
2478 2870 2906 2937 temporalium,
2947 2875 3225 2924 aeternum
3266 2874 3568 2928 Dominum
3609 2892 3747 2930 con-

220 2976 351 3030 CM,‘
386 2977 540 3029 xv".
574 3005 644 3017 _
673 2979 743 3030 De
770 2976 862 3029 mo
888 2976 984 3043 qui
1013 2974 1232 3027 domino
1262 2987 1358 3025 suo
1384 2974 1732 3041 praecipiente
1760 2976 1928 3029 hami-
1961 2956 2001 3011 C
2038 2960 2431 3043 tempserunt,
2453 2960 2509 3009 et
2565 2957 2837 3011 mandata
2871 2958 3026 3012 illius
3056 2967 3407 3030 spernentes,
3444 2979 3555 3016 non
3589 2980 3746 3031 casu,

845 3047 1050 3099 cidium
1084 3044 1301 3110 fecerit.

296 3136 401 3204 (Ea:
438 3135 639 3199 eodem,
669 3150 788 3203 cap.
820 3136 933 3200 25.)
970 3133 1026 3187 Si
1068 3133 1197 3202 quis
1228 3131 1374 3183 liber
1407 3130 1647 3199 jubente
1682 3133 1926 3188 Domino

219 3240 327 3278 suo
376 3239 601 3276 servum
650 3223 771 3291 ejus
820 3221 1113 3288 occiderit,
1161 3225 1225 3273 ut
1282 3219 1659 3274 homicidium
1726 3229 1928 3293 sponte

221 3313 593 3365 commissum
627 3312 915 3381 poeniteat.

223 3401 355 3455 CAP.
389 3402 585 3455 XVIII.
634 3431 703 3441 —
756 3404 827 3454 De
884 3401 977 3454 illo
1026 3401 1123 3467 qui
1151 3413 1363 3451 servum
1390 3413 1545 3451 suum
1574 3401 1927 3466 interfecerit.

299 3490 402 3558 (Ea:
439 3491 621 3543 concil.
649 3489 943 3555 Agathen.,
972 3503 1092 3555 cap.
1127 3487 1235 3553 62.)
1266 3486 1323 3540 Si
1356 3486 1485 3556 quis
1516 3504 1743 3540 servum
1795 3505 1929 3558 pro-

224 3580 439 3649 prium,
472 3578 592 3631 sine
640 3578 985 3631 conscientia
1011 3576 1100 3629 vel
1126 3576 1343 3643 judicio
1398 3575 1610 3644 judicis
1641 3577 1927 3645 occiderit,

233 3672 299 3720 ut
328 3666 703 3721 homicidium
726 3670 924 3735 sponte
954 3663 1326 3718 commissum
1363 3664 1575 3731 lugeat.

224 3776 358 3829 CAP.
393 3775 522 3830 XIX.
567 3803 634 3811 —
687 3775 761 3826 De
788 3774 995 3837 femina
1044 3786 1162 3839 quae
1190 3771 1377 3835 furore
1408 3771 1509 3822 zeli
1564 3785 1786 3825 accensa
1826 3787 1931 3825 an—

451 3846 633 3898 cillam
676 3859 831 3896 suam
864 3844 1225 3896 verberaverat
1255 3846 1303 3893 et
1332 3844 1410 3893 sic
1457 3843 1704 3909 perierit.

302 3934 422 4001 (Ea:
441 3934 662 3986 concilio
688 3932 1013 3997 Elibertan.,
1039 3931 1215 3997 capite
1238 3931 1312 3995 5.)
1344 3927 1400 3982 Si
1422 3944 1535 3998 qua
1562 3928 1799 3983 domina
1837 3931 1931 3984 fu-

224 4038 355 4076 rore
412 4022 515 4074 zeli
598 4036 853 4088 accensa,
914 4018 1156 4089 ﬂagellis
1214 4017 1597 4070 verberaverit
1662 4018 1931 4072 ancillam

224 4128 411 4176 suam,
470 4110 544 4163 ita
602 4114 666 4162 ut
693 4108 842 4162 infra
882 4109 1035 4162 diem
1068 4106 1301 4160 tertium
1361 4106 1613 4159 animam
1672 4107 1928 4161 cruciatu

2044 3044 2141 3097 sed
2181 3059 2287 3114 per
2341 3041 2688 3098 industriam
2748 3046 3121 3101 homicidium
3176 3049 3451 3103 fecerunt.
3486 3052 3628 3105 Nam
3680 3054 3748 3107 de

2041 3132 2130 3185 his
2165 3133 2429 3201 legimus,
2464 3131 2565 3201 qui
2608 3132 2867 3188 homines
2921 3152 3034 3189 non
3065 3142 3267 3207 sponte
3310 3139 3744 3199 interfecerunt.
3782 3128 3787 3139 l

2043 3222 2223 3274 Deum
2255 3236 2359 3290 per
2389 3221 2772 3289 legislatorem
2814 3225 2996 3277 urbes
3046 3226 3253 3295 refugii
3296 3228 3617 3297 deputasse,
3676 3230 3747 3283 ad

2042 3326 2183 3378 quas
2216 3308 2612 3377 confugientes
2666 3312 3024 3366 salvarentur
3076 3313 3146 3367 ab
3213 3315 3396 3367 ultore
3447 3317 3747 3384 sanguinis

2041 3397 2287 3467 proximi
2348 3397 2456 3459 sui,
2515 3403 2571 3451 et
2608 3414 2723 3452 non
2756 3405 3133 3455 morerentur.
3172 3404 3329 3457 Unde
3376 3404 3435 3456 in
3480 3405 3749 3460 Deutero-

2042 3487 2237 3539 nomio
2269 3485 2544 3554 scriptum
2576 3493 2663 3540 est
2695 3504 2707 3540 :
2743 3490 2871 3541 Haec
2910 3489 3020 3542 erit
3047 3490 3133 3542 lex
3179 3491 3503 3558 homicidia,
3538 3493 3630 3545 cui
3663 3495 3744 3548 vi-

2043 3579 2102 3627 ta
2136 3574 2414 3627 servanda
2444 3578 2556 3627 est:
2592 3574 2700 3637 Qui
2728 3577 3069 3645 percusserit
3101 3579 3428 3647 proximum
3460 3580 3743 3647 nesciens,

2042 3666 2099 3715 et
2119 3662 2265 3727 heri,
2299 3666 2354 3714 et
2373 3661 2585 3714 nudius
2618 3663 2821 3717 tertius
2860 3665 3081 3718 nullum
3113 3672 3307 3720 contra
3338 3682 3469 3720 eum
3513 3668 3744 3721 habuis-

2042 3768 2099 3803 se
2136 3752 2333 3805 odium
2362 3752 2786 3819 comprobatur,
2842 3753 2934 3805 sed
2979 3754 3185 3807 abiisse
3234 3756 3569 3825 simpliciter
3614 3773 3740 3810 cum

2043 3856 2111 3893 eo
2145 3840 2205 3893 in
2239 3840 2454 3908 sylvam
2485 3842 2555 3891 ad
2600 3839 2753 3908 ligna
2790 3839 3078 3907 caedenda,
3113 3848 3167 3896 et
3214 3844 3272 3896 in
3316 3844 3628 3898 succisione
3678 3846 3746 3898 li-

2044 3922 2291 3997 gn'orum
2325 3928 2538 3981 securis
2568 3928 2778 3998 fugerit
2806 3930 2874 3983 de
2908 3946 3101 3997 manu,
3129 3938 3227 3986 aut
3264 3933 3477 3986 ferrum
3522 3934 3746 4003 lapsum

2043 4016 2112 4070 de
2141 4017 2443 4070 manubrio
2483 4017 2732 4071 amicum
2765 4018 2889 4087 ejus
2946 4021 3287 4089 percusserit
3344 4028 3401 4074 et
3454 4022 3746 4090 occiderit,

2044 4104 2136 4157 hic
2165 4106 2236 4159 ad
2267 4120 2445 4159 unam
2476 4106 2708 4160 urbium
2750 4108 3208 4178 supradictarum
3248 4110 3539 4180 confugiat
3570 4118 3625 4165 et
3658 4111 3746 4163 vi-

227 4200 503 4264 equndat,
529 4215 594 4251 eo
624 4197 777 4267 quod
807 4196 1089 4249 incertum
1118 4194 1193 4247 sit
1222 4194 1535 4260 voluntate,
1562 4185 1644 4247 an
1670 4211 1804 4248 casu
1828 4212 1921 4249 oc-
1955 4237 1998 4291 Β
2044 4199 2157 4258 vat,
2188 4210 2291 4247 nec
2341 4194 2630 4263 proximus
2682 4196 2826 4265 ejus,
2886 4199 3051 4267 cujus
3109 4200 3341 4269 sanguis
3396 4200 3608 4253 effusus
3640 4204 3744 4265 est,

225 4290 433 4344 ciderit
468 4303 480 4344 :
516 4288 563 4341 si
593 4288 901 4352 voluntate,
934 4289 1065 4357 post
1096 4290 1313 4354 septem
1338 4301 1536 4350 annos,
1570 4286 1617 4337 si
1638 4302 1790 4353 casu,
1818 4303 1924 4356 per

227 4377 610 4450 quinquennii
640 4382 923 4445 tempora,
976 4380 1098 4451 acta
1141 4373 1399 4443 legitima
1453 4373 1809 4443 pmnitentia,
1856 4375 1927 4429 ad

224 4465 692 4520 communionem
726 4463 939 4533 placuit
989 4462 1231 4516 admitti.
1286 4460 1448 4524 Quod
1488 4462 1536 4514 si
1577 4461 1727 4516 infra
1775 4468 1928 4516 tem-

222 4570 372 4625 pora
403 4553 716 4607 constituta
742 4552 914 4606 fuerit
941 4551 1252 4617 inﬁrmata,
1281 4548 1522 4620 accipiat
1568 4551 1930 4606 communio-

225 4659 383 4697 nem.

683 4729 808 4785 CAP.
842 4730 946 4784 XX.
978 4758 1048 4767 —
1084 4731 1151 4781 De
1179 4727 1363 4781 eadem
1390 4742 1469 4780 re.

302 4820 410 4883 (Em
439 4819 579 4872 decr.
614 4818 862 4873 Silvestr.
894 4819 1096 4884 papae.)
1136 4815 1193 4870 Si
1227 4816 1354 4885 quis
1396 4814 1694 4867 hominem
1733 4815 1933 4884 publi-

227 4922 290 4959 ce
339 4906 714 4975 paenitentem
773 4904 1146 4969 interfecerit,
1205 4908 1269 4955 ut
1322 4902 1693 4955 homicidium
1728 4908 1931 4973 sponte

229 4995 602 5049 commissum
634 4993 937 5063 dupliciter
970 4992 1264 5063 pmniteat,
1299 4995 1355 5044 et
1403 4990 1514 5044 nisi
1559 4991 1618 5044 in
1662 4991 1776 5044 fine
1818 5008 1931 5045 non

228 5084 638 5137 communicet.

233 5191 364 5244 CAP.
424 5190 557 5244 XXI.
617 5218 686 5227 —
746 5190 816 5241 De
866 5187 976 5239 illis
1029 5187 1126 5254 qui
1166 5186 1225 5236 in
1271 5198 1427 5252 Opere
1474 5188 1770 5239 necessario
1808 5201 1936 5240 casu

668 5258 1014 5311 homicidium
1049 5257 1498 5324 perpetrauerint.

305 5349 423 5419 (Ex
450 5348 673 5402 concilio
721 5347 1094 5410 Wormacien.,
1154 5346 1331 5413 capite
1369 5346 1450 5413 5.)
1499 5345 1661 5415 Sazpe
1708 5344 1939 5399 contin-

230 5438 317 5507 git
346 5442 427 5503 ut,
465 5436 602 5490 dum
634 5434 762 5505 quis
791 5435 951 5504 operi
1005 5432 1324 5487 necessario
1364 5432 1635 5487 insistens
1675 5432 1938 5486 arborem

230 5526 469 5593 incidat,
524 5524 733 5595 aliquis
782 5524 983 5579 subtus
1024 5524 1208 5593 ipsam
1262 5522 1494 5577 veniens
1552 5521 1932 5593 deprimatur.

2037 4282 2267 4336 stimulo
2319 4283 2533 4336 doloris
2578 4285 2860 4355 percutiat
2894 4286 3146 4340 animam
3201 4289 3341 4357 ejus.
3382 4290 3456 4341 De
3493 4304 3560 4341 eo
3615 4304 3747 4341 vero

2037 4371 2135 4441 qui
2208 4387 2310 4441 per
2368 4371 2712 4427 industriam
2777 4373 3031 4444 aliquem
3086 4376 3377 4443 occiderit,
3439 4377 3497 4431 in
3560 4378 3747 4431 Exodo

2040 4459 2316 4529 scriptum
2349 4465 2435 4513 est
2467 4477 2479 4513 :
2519 4460 2577 4515 Si
2624 4462 2753 4533 quis
2806 4462 2876 4516 de
2906 4464 3209 4531 industria,
3243 4470 3298 4520 et
3354 4482 3481 4536 per
3510 4466 3749 4520 insidias

2041 4548 2313 4602 occiderit
2342 4550 2692 4618 proximum,
2721 4551 2791 4604 ab
2823 4553 2988 4606 altari
3030 4570 3159 4607 meo
3210 4556 3417 4608 evelles
3470 4571 3625 4623 eum,
3680 4560 3749 4609 ut

2041 4634 2339 4689 moriatur.
2374 4636 2441 4690 Et
2478 4636 2535 4690 in
2570 4639 3015 4693 Deuteronomio
3052 4656 3065 4694 :
3109 4641 3165 4695 Si
3205 4642 3336 4711 quis
3366 4642 3499 4696 odio
3526 4643 3747 4697 habens

2039 4723 2367 4792 proximum
2416 4741 2584 4779 suum
2633 4726 2936 4780 insidiatus
2966 4728 3142 4782 fuerit
3175 4730 3304 4783 vitae
3330 4731 3473 4798 ejus,
3528 4736 3582 4784 et
3617 4748 3748 4785 sur-

2042 4828 2203 4881 gens,
2256 4814 2598 4882 percusserit
2641 4830 2795 4878 eum,
2846 4820 2902 4869 et
2943 4822 3205 4870 mortuus
3254 4819 3442 4883 fuerit,
3484 4820 3751 4890 effugerit

2044 4901 2115 4955 ad
2170 4917 2343 4954 unam
2379 4901 2449 4955 de
2485 4902 2849 4971 supradictis,
2902 4905 3161 4973 urbibus,
3217 4906 3448 4961 mittent
3494 4909 3749 4962 seniores

2044 4989 2284 5043 civitatis
2312 4990 2487 5054 illius,
2524 4996 2579 5043 et
2613 4993 2839 5061 rapient
2864 5009 2995 5046 eum
3030 4995 3098 5048 de
3126 4996 3249 5049 loco
3278 4996 3506 5065 refugii,
3542 5003 3600 5052 et
3628 5004 3747 5051 tra-

2046 5078 2181 5131 dent
2210 5094 2341 5132 eum
2371 5078 2433 5131 in
2464 5095 2666 5132 manus
2696 5080 2947 5149 proximi
2978 5082 3120 5151 ejus,
3154 5083 3315 5152 cujus
3344 5085 3577 5154 sanguis
3612 5086 3748 5139 etfu-

2046 5182 2141 5219 sus
2172 5171 2277 5225 est.
2318 5170 2375 5218 et
2404 5166 2701 5235 moriatur,
2751 5184 2855 5221 nec
2900 5170 3259 5224 misereberis
3304 5173 3445 5241 ejus.
3504 5173 3559 5227 Si
3610 5190 3746 5243 ergo

2046 5255 2209 5308 illum
2240 5271 2411 5323 quem
2445 5256 2717 5309 Dominus
2774 5257 3015 5327 dignum
3074 5266 3257 5313 morte
3296 5276 3418 5313 esse
3472 5261 3751 5331 judicavit

2046 5358 2210 5398 reum
2240 5359 2358 5395 non
2403 5360 2524 5397 esse
2572 5344 2701 5414 quis
2749 5345 2906 5408 dicit,
2940 5348 3230 5416 quomodo
3272 5350 3597 5405 contrarius
3634 5351 3750 5421 legi

2050 5431 2145 5485 Dei
2181 5447 2295 5485 non
2347 5432 2552 5499 existit,
2593 5433 2691 5502 qui
2741 5433 2851 5486 hoc
2894 5434 3045 5503 quod
3088 5437 3233 5489 Deus
3281 5439 3575 5508 praecepit,
3626 5455 3747 5493 cas-

2047 5537 2175 5576 sum
2232 5535 2353 5575 esse
2410 5520 2743 5577 contendit?
2791 5520 2901 5577 Sed
2957 5522 3108 5579 inter
3145 5524 3269 5581 hinc
3299 5527 3593 5582 sciendum
3639 5532 3747 5596 est,
