3976 6194
319 224 416 276 771
996 217 1014 232 ’
1398 216 1805 274 BUBCHARDI
1845 214 2376 271 WORMACIENSIS
2415 211 2750 269 EPISCOPI.
3712 219 3806 268 772

321 345 473 417 quod
503 358 711 414 magna
731 342 994 398 distantia
1019 347 1102 396 est
1122 341 1273 396 inter
1298 341 1619 412 legitimum
1671 340 2016 411 principem,
2045 342 2092 393 Α
2130 337 2430 408 episcopos
2459 341 2581 390 tota
2611 335 2788 390 animi
2819 336 3028 390 virtute
3061 336 3321 406 diligere,
3347 340 3413 390 ut
3446 339 3638 390 oculos
3667 356 3805 406 suos,

321 438 378 486 et
406 432 742 486 seditiosum
786 436 1094 501 tyrannum
1134 447 1147 484 :
1181 431 1331 484 inter
1377 447 1509 484 eum
1559 432 1658 501 qui
1689 430 2018 483 subvertere

321 519 526 574 nititur
556 519 893 574 Christiana:
920 519 1073 588 pacis
1109 517 1601 590 tranquillitatem,
1638 525 1694 573 et
1722 518 1886 571 illum
1923 515 2024 587 qui

323 608 498 664 armis
527 613 721 661 contra
747 607 1110 677 iniquitatem
1134 613 1312 661 certat
1333 607 1637 662 defendere
1660 606 2014 678 aequitatem.

325 716 452 770 CAP.
485 715 666 769 XXIV.
695 745 762 752 -—
794 715 876 768 De
906 715 1018 767 illis
1043 718 1138 781 qui
1165 714 1230 767 de
1259 714 1548 768 homicidio
1574 719 1701 768 sunt
1738 714 2019 780 infamati,

959 787 1012 839 si
1048 787 1382 851 negaverint.

397 876 506 944 (Ea:
546 877 765 928 concilio
812 877 1102 939 Turonen.,
1160 875 1337 942 capite
1387 874 1460 940 2.)
1523 872 1627 927 Ubi
1660 871 2023 926 manifestari

324 968 514 1034 potest
559 962 874 1033 quemlibet
903 961 1202 1014 hominem
1256 966 1612 1030 perpetrasse
1643 959 2022 1013 homicidium

325 1052 638 1107 secundum
669 1050 1004 1105 canonicam
1055 1051 1472 1117 auctoritatem,
1505 1049 1855 1118 condignum
1901 1062 2022 1116 poe-

327 1140 582 1194 nitentiae
608 1139 893 1209 judicium
923 1138 1006 1191 illi
1037 1137 1352 1207 ingeratur.
1385 1138 1440 1191 Si
1473 1143 1664 1192 autem
1705 1134 2022 1190 manifestis

323 1229 550 1283 indiciis
595 1244 711 1280 non
767 1231 955 1297 potest
989 1226 1220 1296 probari
1277 1233 1412 1280 eum
1460 1225 1808 1279 homicidam
1876 1239 2019 1288 esse,

322 1333 427 1370 nec
449 1317 570 1386 ipse
600 1316 720 1368 vult
758 1315 1039 1380 conﬁteri,
1072 1315 1482 1384 omnipotentis
1516 1314 1613 1369 Dei
1652 1313 1872 1384 judicio
1929 1311 2021 1365 cui

325 1404 519 1456 omnia
559 1403 776 1456 occulta
802 1402 1101 1455 manifesta
1131 1408 1281 1466 sunt,
1334 1408 1655 1454 reservetur
1689 1418 1701 1455 :
1738 1399 1790 1454 ei
1828 1407 2020 1453 tamen

323 1492 608 1545 indicetur
646 1490 936 1559 publicea
987 1491 1344 1560 presbytero,
1405 1492 1560 1560 quod
1615 1493 2020 1542 communione

324 1579 702 1632 ecclesiastica
722 1578 993 1648 indignus
1018 1579 1108 1644 sit,
1142 1585 1196 1631 et
1234 1595 1299 1631 ea
1343 1595 1534 1632 carere
1571 1579 1792 1641 debeat,
1843 1578 2021 1630 donec

326 1672 716 1737 perpetratum
772 1666 987 1720 crimen
1042 1667 1404 1731 conﬁteatur,
1455 1672 1510 1720 et
1563 1683 1664 1737 per
1722 1667 2022 1720 confessio-

326 1772 479 1821 nem,
515 1761 570 1809 et
599 1771 701 1824 per
748 1755 1150 1824 paenitentiam
1180 1755 1548 1825 condignam,
1603 1755 1671 1808 ab
1701 1755 1806 1808 hoc
1828 1755 2020 1809 crimi-

325 1861 397 1898 ne
420 1860 477 1896 se
508 1844 798 1897 absolvere
829 1848 1023 1896 certet.

334 1933 458 1987 CAP.
486 1933 635 1986 XXV.
679 1961 747 1970 --
780 1935 852 1985 De
909 1933 1128 1995 insano,
1160 1934 1210 1985 si
1237 1931 1583 1984 homicidium
1609 1934 2029 2000 perpetraverit.’

399 2022 512 2089 (Eae
541 2021 738 2084 eodem,
792 2022 968 2088 capite
1013 2021 1088 2087 7.)
1149 2019 1207 2073 Si
1242 2019 1370 2089 quis
1426 2019 1719 2073 insaniens
1771 2020 2024 2090 aliquem

327 2110 615 2172 occiderit,
676 2107 723 2159 si
770 2108 839 2161 ad
887 2123 1084 2160 sanam
1139 2113 1391 2160 mentem
1436 2108 1782 2177 pervenerit,
1842 2108 2024 2162 levior

326 2194 379 2246 ei
433 2192 772 2262 poenitentia
824 2191 1175 2261 imponenda
1223 2197 1336 2252 est,
1391 2207 1564 2261 quam
1617 2191 1671 2246 ei
1727 2192 1829 2262 qui
1886 2207 2025 2247 sana

325 2287 515 2336 mente
543 2282 654 2334 tale
679 2280 818 2351 quid
852 2279 1220 2334 commiserit.
1255 2280 1357 2333 Cui
1397 2281 1656 2350 quamvis
1689 2281 2027 2351 poenitentia

328 2371 400 2424 sit
447 2370 821 2440 imponenda,
867 2370 1000 2439 quia
1039 2368 1346 2422 inﬁrmitas
1389 2385 1559 2422 causa
1589 2369 1810 2438 peccati
1853 2369 2026 2422 fuisse

328 2459 621 2512 creditur:
666 2463 890 2511 tantum
929 2463 1121 2511 tamen
1168 2458 1371 2521 lenior,
1415 2473 1589 2528 quam
1638 2457 1691 2511 ei
1721 2458 1821 2529 qui
1851 2475 2024 2512 sanus

331 2547 580 2618 aliquem
611 2547 899 2612 occiderit,
951 2550 1229 2616 quantum
1258 2545 1410 2599 inter
1437 2563 1641 2600 sanum
1673 2551 1728 2600 et
1753 2547 2022 2600 insanum

329 2641 386 2690 et
438 2635 833 2690 irrationabile
891 2651 922 2688 a
977 2634 1306 2688 rationabili
1362 2640 1588 2688 constat
1644 2651 1766 2689 esse
1827 2635 2026 2689 discri-

331 2725 521 2779 minis.

338 2815 467 2868 CAP.
529 2814 702 2868 XXVI.
755 2843 824 2852 —
864 2815 937 2867 De
985 2813 1099 2867 illis
1139 2815 1235 2880 qui
1285 2813 1533 2881 veneﬁcio
1561 2813 1859 2867 homicidia
1888 2828 2028 2866 com-

1054 2885 1298 2936 mittunt.

402 2977 510 3040 (Ὲω
566 2972 792 3027 concilio
865 2973 1134 3036 Eliberit.,
1193 2973 1370 3039 capite
1428 2970 1506 3039 5.)
1585 2971 1644 3026 Si
1706 2971 1836 3042 quis
1892 2989 2024 3026 vero

328 3060 604 3115 veneﬁcio
634 3059 981 3113 interfecerit
1017 3059 1281 3125 alterum,
1323 3075 1390 3112 eo
1423 3060 1577 3129 quod
1618 3059 1740 3114 sine
1789 3060 2028 3114 idolola-

329 3151 440 3205 tria
471 3149 743 3219 perﬁcere
801 3148 982 3201 scelus
1011 3162 1130 3200 non
1161 3147 1372 3216 potuit,
1407 3147 1516 3201 nisi
1547 3148 1608 3202 in
1638 3148 1753 3202 ﬁne
1819 3149 2029 3218 imper-

333 3237 589 3290 tiendam
612 3251 727 3288 non
757 3252 879 3289 esse
908 3234 993 3288 illi
1017 3234 1503 3290 communionem.

336 3344 464 3397 CAP.
491 3343 694 3398 XXVII.
725 3373 796 3382 —
825 3345 899 3396 De
924 3343 1014 3395 illo
1041 3356 1139 3408 per
1167 3341 1322 3409 cujus
1372 3342 1692 3397 delationem
1718 3344 1921 3412 aliquis
1950 3346 2031 3398 in-

934 3415 1190 3480 terfectus
1227 3415 1423 3478 fuerit.

406 3502 529 3568 (Ea:
578 3501 777 3566 eodem,
817 3503 994 3570 capite
1057 3501 1134 3569 1.)
1189 3501 1420 3554 Delator
1468 3500 1516 3554 si
1575 3500 1705 3572 quis
1754 3502 2033 3558 exstiterit

333 3589 537 3656 ﬁdelis,
569 3594 626 3642 et
653 3605 758 3658 per
789 3575 1133 3642 delationem
1165 3589 1289 3658 ejus
1320 3588 1529 3658 aliquis
1553 3588 1810 3643 ﬁdelium
1860 3591 2034 3645 fuerit

333 3679 697 3748 praescriptus
726 3677 814 3731 vel
861 3677 1210 3742 interfectus,
1245 3677 1462 3747 placuit
1508 3693 1640 3732 eum
1661 3693 1776 3731 non
1807 3679 1918 3732 nisi
1973 3679 2031 3732 in

333 3766 449 3820 ﬁne
483 3767 737 3836 accipere
769 3765 1257 3820 communionem.
1292 3765 1348 3820 Si
1401 3766 1577 3819 levior
1624 3781 1793 3819 causa
1835 3766 2028 3833 fuerit,

333 3858 485 3910 intra
510 3855 974 3926 quinquennium
1007 3855 1262 3925 accipere
1282 3854 1751 3908 communionem
1798 3856 2026 3926 poterit.

335 3945 392 4000 Si
429 3945 871 3999 catechumenus
911 3943 1105 4010 fuerit,
1155 3947 1286 4013 post
1331 3942 1720 4014 quinquennii
1770 3947 2032 4015 tempora

336 4033 672 4087 admittatur
703 4031 771 4085 ad
801 4031 1169 4100 baptismum.

337 4140 464 4194 CAP.
530 4138 754 4192 XXVIII.
787 4167 854 4175 —
890 4136 1043 4203 Quod
1067 4139 1179 4190 tria
1216 4151 1412 4205 genera
1448 4137 1559 4191 sint
1613 4137 2024 4192 homicidarum.

408 4227 527 4297 (Ea-
557 4227 784 4297 epistola
811 4226 1091 4282 Clementis
1136 4241 1314 4294 papa,
1343 4227 1519 4294 capite
1551 4224 1660 4297 16.)
1714 4225 2032 4280 Homicida-

337 4330 466 4368 rum
494 4329 628 4368 vero
659 4313 770 4366 tria
797 4328 1008 4383 genera
1043 4329 1164 4366 esse
1194 4311 1437 4380 dicebat,
1472 4317 1529 4366 et
1555 4328 1789 4383 poenam
1832 4329 2031 4367 eorum

339 4401 578 4471 parilem
617 4401 738 4454 fore
780 4400 1038 4454 docebat.
1083 4399 1240 4454 Sicut
1283 4399 1438 4454 enim
1489 4400 1807 4454 homicidas
1848 4400 2031 4456 inter-

335 4489 577 4543 fectores
627 4488 892 4554 fratrum,
967 4487 1046 4543 ita
1106 4489 1452 4542 detractores
1530 4504 1754 4554 eorum,
1815 4504 2030 4560 eosque

340 4578 618 4644 odientes,
649 4578 962 4632 homicidas
992 4593 1113 4632 esse
1142 4577 1566 4631 manifestabat.
1613 4577 1758 4641 Quia
1802 4578 2031 4645 occidit,

341 4667 442 4738 qui
492 4666 611 4720 odit
668 4666 902 4719 fratrem
955 4681 1169 4720 suum:
1230 4670 1286 4720 et
1339 4666 1440 4737 qui
1499 4665 1768 4729 detrahit,
1819 4666 2036 4735 pariter

339 4755 629 4810 homicida
656 4771 778 4809 esse
808 4760 1180 4809 monstratur.
1215 4755 1424 4810 Omnes
1456 4755 1609 4809 enim
1641 4770 1675 4807 a
1711 4754 2036 4809 carnalibus

341 4844 641 4900 desideriis
670 4860 798 4915 quae
833 4844 1085 4898 militant
1111 4845 1384 4898 adversus
1432 4843 1685 4897 animam
1727 4842 2034 4911 abstinere,

341 4939 398 4987 οἱ
454 4933 667 4988 bonam
725 4949 927 4987 eorum
983 4933 1476 4986 conversationem
1533 4947 1597 4984 ac
1671 4931 2036 4986 innocentem

343 5021 608 5076 omnibus
639 5026 961 5075 monstrare
1008 5020 1267 5090 rogabat.
1301 5022 1375 5074 Ex
1406 5019 1573 5074 corde
1603 5019 1758 5073 enim
1808 5023 2037 5074 cunctos

343 5110 616 5164 attentius
664 5110 908 5164 invicem
963 5109 1201 5178 diligere
1259 5108 1602 5162 insinuabat.
1644 5107 1911 5163 Seniores
1950 5125 2039 5162 ve-

341 5197 552 5263 nerari,
605 5204 661 5250 et
713 5199 975 5266 juniores
1033 5197 1296 5266 diligere,
1362 5197 1662 5268 episcopos
1719 5199 2037 5253 sacerdotes

341 5299 496 5351 suos,
526 5299 591 5338 ac
619 5290 852 5338 cunctos
900 5284 1152 5355 reliquos
1185 5283 1445 5338 Ecclesiae
1495 5283 1810 5350 ministros,
1866 5289 2038 5356 atque

343 5387 575 5427 omnem
605 5373 832 5442 plebem
863 5373 972 5428 sibi
1000 5372 1384 5438 commissam,
1417 5371 1607 5426 verbis
1631 5377 1688 5426 et
1755 5373 2038 5427 mandatis

343 5460 554 5518 divinis
599 5460 884 5518 instruere
929 5465 988 5518 et
1039 5477 1280 5518 armare.
1333 5461 1557 5530 Hosque
1587 5476 1788 5516 omnes
1833 5477 2032 5517 eorum

2133 427 2230 497 qui
2263 427 2410 480 oculi
2439 431 2571 479 sunt
2601 424 2855 490 illorum,
2883 441 3084 478 eorum
3125 426 3430 494 praeceptis
3458 427 3518 479 in
3568 427 3810 480 omnibus

2132 515 2384 581 obedire,
2413 515 2587 568 etiam
2611 513 2657 566 si
2687 513 2798 583 ipsi
2831 512 3019 573 aliter,
3049 513 3201 582 quod
3251 513 3419 573 absit,
3452 520 3622 582 agant
3653 532 3805 584 quam

2133 604 2366 657 deceat:
2400 619 2684 656 memores
2713 601 2925 655 scilicet
2987 601 3142 655 illius
3200 601 3478 655 dominici
3523 605 3807 673 praecepti:

2133 708 2262 762 quas
2313 692 2532 755 dicunt,
2583 690 2796 744 facite:
2878 707 3007 760 qua:
3082 696 3274 743 autem
3335 691 3574 757 faciunt,
3646 693 3809 746 facere

2133 781 2333 835 nolite.

2136 871 2266 925 CAP.
2298 869 2478 925 XXIX.
2509 899 2578 909 —-
2610 868 2767 934 Quod
2824 867 3103 922 homicidae
3155 868 3223 921 ab
3279 869 3641 922 ecclesiastica
3683 885 3806 924 com-

2578 942 2829 994 munione
2856 942 2966 993 sint
3001 939 3374 992 submovendi.

2205 1031 2312 1100 (Ea:
2341 1031 2564 1084 concilio
2587 1029 2882 1097 Agathen.,
2915 1030 3090 1097 capite
3117 1029 3229 1097 10.)
3262 1029 3464 1097 Itaque
3511 1029 3808 1082 censuimus

2131 1117 2446 1171 homicidas
2504 1136 2535 1171 a
2591 1116 2997 1170 communione
3040 1115 3422 1169 ecclesiastica
3507 1115 3809 1169 submoven-

2132 1207 2257 1272 dos,
2289 1206 2401 1259 nisi
2428 1205 2784 1277 poenitentiae
2822 1204 3228 1273 satisfactione,
3288 1204 3543 1258 admissa
3595 1204 3805 1259 crimina

2136 1295 2428 1348 diluerint.

2555 1383 2684 1438 CAP.
2716 1383 2859 1436 XXX.
2891 1412 2960 1421 ——
3000 1383 3082 1436 De
3108 1381 3293 1436 eadem
3332 1397 3413 1434 re.

2205 1473 2316 1539 (Ea:
2345 1472 2566 1525 concilio
2599 1471 2882 1532 Turonico,
2943 1472 3120 1538 capite
3179 1467 3256 1538 7.)
3309 1468 3622 1522 Homicidis
3665 1470 3802 1538 peni-

2133 1566 2226 1614 tus
2261 1575 2374 1612 non
2433 1558 2998 1625 communicandum,
3029 1558 3209 1612 donec
3263 1574 3373 1628 per
3419 1557 3800 1612 confessionem

2133 1647 2489 1718 poenitentiae
2521 1648 2781 1718 ipsorum
2810 1646 3051 1699 crimina
3093 1646 3413 1699 diluuntur.

2135 1736 2262 1789 CAP.
2323 1735 2492 1788 XXXI.
2570 1764 2636 1772 —
2694 1737 2767 1788 De
2839 1735 2950 1788 illis
2997 1749 3226 1801 quorum
3269 1734 3500 1786 consilio
3551 1733 3801 1787 homicidia

2945 1810 3059 1859 unt.

2203 1877 2324 1945 (Ea:
2353 1874 2516 1930 dictis
2567 1874 2826 1946 August.)
2870 1808 3195 1929 Pliil'igulose
3247 1892 3309 1929 se
3369 1874 3677 1945 decipiunt,
3721 1875 3800 1944 qui

2133 1965 2457 2017 existimant
2507 1981 2605 2018 eos
2653 1971 2878 2018 tantum
2954 1964 3273 2018 homicidas
3337 1980 3480 2030 esse,
3551 1963 3644 2033 qui
3702 1978 3796 2015 ma-

2134 2053 2303 2107 nibus
2377 2053 2671 2106 hominem
2745 2053 3026 2120 occidunt,
3102 2059 3159 2106 et
3239 2068 3362 2106 non
3455 2052 3640 2122 potius
3703 2067 3794 2112 eos,

2132 2157 2238 2211 per
2270 2157 2515 2211 quorum
2576 2142 2901 2208 consilium,
2961 2148 3020 2196 et
3071 2142 3356 2206 fraudem,
3409 2146 3466 2194 et
3495 2139 3796 2194 exhortatio-

2135 2245 2268 2282 nem
2312 2229 2578 2285 homines
2623 2230 3058 2300 extinguuntur.
3109 2231 3251 2284 Nam
3299 2229 3486 2284 Judaei
3533 2228 3798 2281 Dominum

2135 2334 2502 2388 nequaquam
2575 2317 2825 2388 propriis
2883 2318 3150 2371 manibus
3208 2317 3633 2383 interfecerunt,
3683 2315 3801 2368 sicut

2136 2406 2410 2475 scriptum
2443 2411 2528 2458 est
2559 2421 2571 2459 :
2600 2405 2773 2459 Nobis
2800 2421 2916 2459 non
2942 2405 3072 2459 licet
3101 2405 3429 2459 interﬁcere
3461 2419 3796 2476 quemquam,

2136 2495 2236 2549 sed
2266 2500 2460 2548 tamen
2489 2493 2602 2547 illis
2636 2493 2863 2547 Domini
2919 2511 3072 2548 mors
3129 2495 3474 2564 imputatur,
3535 2494 3661 2563 quia
3709 2493 3799 2562 ipsi

2138 2599 2271 2637 eum
2302 2583 2502 2654 lingua
2531 2582 2958 2649 cruciﬁxerunt,
3007 2583 3302 2636 dicentes:
3355 2583 3625 2651 Cruciﬁge
3671 2596 3800 2633 eum.

2141 2672 2300 2726 Unde
2332 2687 2482 2726 unus
2533 2671 2892 2741 Evangelista
2946 2671 3104 2736 dicit,
3147 2670 3465 2724 Dominum
3505 2668 3803 2724 cruciﬁxum

2139 2777 2260 2815 esse
2290 2761 2434 2815 hora
2462 2759 2650 2823 tertia,
2690 2761 2836 2814 alius
2884 2765 3084 2814 sexta:
3128 2761 3265 2830 quia
3314 2759 3498 2814 Judaei
3545 2758 3802 2812 cruciﬁxe-

2079 2909 2099 2928 Ἰ
2137 2853 2275 2902 runt
2309 2865 2441 2902 eum
2492 2848 2632 2901 liora
2679 2848 2846 2901 tertia
2898 2847 3117 2918 lingua,
3179 2849 3446 2902 manibus
3501 2848 3630 2900 liora
3675 2850 3804 2897 sexta

2139 2936 2370 2990 milites.
2406 2936 2512 3000 Qui
2543 2951 2678 3004 ergo
2709 2935 3004 2988 hominem
3030 2936 3223 3002 tradit,
3250 2936 3351 2990 ille
3384 2953 3513 2990 eum
3545 2933 3801 2997 interﬁcit,

2137 3024 2380 3079 Domino
2439 3024 2713 3077 dicente:
2775 3025 2954 3093 Majus
3009 3030 3311 3094 peccatum
3353 3025 3540 3089 habet,
3591 3022 3682 3094 qui
3729 3036 3802 3073 me

2133 3112 2370 3168 tradidit
2400 3111 2525 3166 tibi.
2558 3112 2714 3166 Unde
2742 3112 3042 3166 Psalmista
3074 3129 3086 3166 :
3146 3113 3270 3166 Filii
3309 3113 3626 3176 hominum,
3682 3111 3799 3164 den-

2135 3205 2221 3255 tes
2253 3216 2455 3254 eorum
2482 3215 2642 3252 arma
2692 3205 2751 3254 et
2807 3200 3048 3271 sagittae,
3101 3201 3318 3271 lingua:
3375 3217 3567 3255 eorum
3613 3197 3802 3269 gladius

2137 3294 2355 3343 acutus.
2433 3287 2750 3358 Subjiciant
2829 3305 2964 3358 ergo
3047 3306 3106 3342 se
3154 3291 3529 3360 poenitentiaa,
3589 3301 3797 3359 quorum

2137 3378 2372 3432 consilio
2452 3377 2688 3448 sanguis
2741 3377 3020 3444 funditur,
3091 3378 3139 3432 si
3225 3380 3456 3433 veniam
3523 3373 3800 3449 promereri

2138 3465 2441 3521 voluerint.

2141 3556 2268 3610 CAP.
2309 3555 2512 3610 XXXII.
2568 3585 2636 3593 ——
2696 3555 2775 3609 De
2805 3556 2918 3609 illis
2974 3557 3072 3623 qui
3108 3571 3210 3624 pro
3261 3556 3506 3610 vindicta
3550 3557 3798 3625 parentum

2655 3625 2952 3680 homicidia
2971 3631 3331 3681 committunt.

2213 3715 2329 3784 (Ea:
2371 3714 2750 3768 Pmnitentiaii
2803 3714 3086 3782 Theodor.)
3131 3714 3238 3778 Qui
3284 3731 3392 3784 pro
3442 3713 3671 3768 vindicta
3708 3711 3797 3764 fra-

2137 3803 2259 3866 tris,
2293 3808 2390 3856 aut
2417 3803 2659 3856 aliorum
2701 3807 3018 3871 parentum
3078 3803 3352 3856 occiderit
3403 3802 3697 3867 hominem,
3735 3798 3799 3850 ita

2140 3891 2434 3961 pceniteat,
2469 3895 2530 3944 ut
2559 3889 2872 3944 homicidia
2898 3896 3101 3960 sponte
3157 3893 3480 3957 commissa,
3534 3905 3650 3943 cum
3700 3887 3799 3955 ipsa

2142 3978 2355 4031 Veritas
2387 3977 2535 4030 dicat
2567 3993 2579 4030 :
2616 3977 2746 4031 Mihi
2780 3977 3113 4043 vindictam,
3162 3983 3220 4031 et
3249 3994 3388 4049 ergo
3439 3977 3739 4030 retribuam.

2140 4066 2268 4121 CAP.
2291 4067 2516 4121 XXXIII.
2537 4096 2604 4106 ——
2634 4065 2717 4120 De
2746 4067 2839 4120 illo
2870 4068 2967 4133 qui
2987 4071 3210 4135 propter
3231 4066 3608 4136 cupiditatem]
3622 4063 3796 4116 adeum

2813 4139 3174 4203 interfecerit.

2242 4225 2360 4296 (Ex
2379 4225 2602 4279 concilio
2621 4225 2868 4290 Mogunt.
2885 4265 2899 4290 ,
2924 4227 3101 4293 capite
3121 4227 3200 4293 6.)
3214 4225 3324 4290 Qui
3343 4225 3458 4280 odii
3473 4219 3792 4278 meditatione

2139 4314 2227 4367 vel
2248 4318 2481 4385 pr0pter
2508 4312 2879 4382 cupiditatem
2908 4313 3193 4380 Judaeum,
3222 4315 3307 4367 vel
3353 4327 3627 4384 paganum
3679 4305 3793 4362 occi-

2140 4403 2311 4469 derit,
2345 4401 2482 4472 quia
2510 4400 2824 4471 imaginem
2849 4401 2968 4469 Dei,
3009 4407 3068 4456 et
3087 4418 3247 4473 spem
3275 4404 3479 4457 futura:
3509 4395 3789 4454 conversio-

2140 4491 2229 4546 nis
2251 4491 2584 4556 extinxerat,
2609 4489 2692 4543 XL
2727 4489 2845 4544 dies
2877 4489 2938 4544 in
2969 4507 3117 4562 pane
3139 4497 3196 4544 et
3223 4508 3372 4563 aqua
3400 4488 3667 4561 pmniteat.

2305 4580 2434 4645 CAP.
2466 4579 2680 4633 XXXIV.
2716 4608 2786 4618 --
2819 4581 2890 4632 De
2929 4581 3229 4648 parricidis
3279 4587 3328 4634 et
3364 4576 3669 4646 fratricidis.

2213 4667 2322 4737 (Ea:
2388 4667 2609 4721 concilio
2644 4665 2887 4735 Tribur.,
2921 4669 3095 4736 capite
3127 4668 3202 4738 5.)
3244 4667 3565 4730 Statuimus,
3595 4666 3652 4716 ut
3681 4673 3788 4730 par-

2142 4753 2335 4807 ricidae
2383 4759 2439 4807 et
2488 4753 2795 4808 fratricida:
2832 4770 2937 4823 per
2980 4753 3152 4808 unius
3202 4754 3339 4808 anni
3387 4753 3641 4808 circulum
3679 4749 3785 4798 ante

2143 4842 2294 4896 fores
2330 4841 2579 4896 ecclesiae
2623 4847 2850 4896 orantes
2895 4843 3121 4896 Domini
3167 4842 3522 4898 clementiam
3568 4847 3786 4908 perseve-

2141 4935 2292 4985 rent.
2327 4931 2622 5000 Completo
2651 4930 2789 4984 anni
2819 4930 3030 4984 circulo
3078 4931 3508 4985 introducantur
3547 4929 3601 4980 in
3639 4921 3785 4976 eccle-

2143 5019 2308 5087 siam,
2342 5023 2534 5073 tamen
2565 5020 2716 5073 inter
2741 5019 3056 5088 audientes,
3103 5037 3282 5091 usque
3317 5020 3450 5073 dum
3497 5015 3649 5070 unius
3673 5005 3786 5063 anni

2145 5108 2393 5178 spatium
2424 5107 2680 5174 ﬁniatur,
2731 5113 2899 5163 stent.
2954 5109 3048 5162 His
3090 5109 3285 5180 itaque
3330 5105 3576 5179 peractis,
3618 5101 3656 5155 si
3687 5111 3786 5168 p03“

2146 5196 2403 5250 nitentie:
2436 5198 2650 5251 fructus
2679 5197 2738 5250 in
2791 5197 2874 5251 eis
2919 5197 3286 5269 conspicitur,
3339 5192 3575 5266 corporis
3601 5193 3648 5242 et
3678 5198 3782 5237 san-

2146 5285 2336 5356 guinis
2374 5285 2601 5340 Domini
2638 5285 2945 5358 participes
3000 5287 3160 5353 ﬁant,
3208 5293 3274 5340 ut
3320 5300 3428 5339 non
3481 5277 3784 5335 abderentur

2149 5373 2564 5444 desperatione.
2597 5374 2839 5429 Carnem
2870 5390 2987 5428 non
3018 5375 3365 5429 manducent
3401 5368 3639 5426 omnibus
3681 5359 3777 5414 die-

2144 5461 2253 5518 bus
2277 5462 2409 5518 vitae
2434 5463 2687 5532 illorum,
2733 5463 3002 5535 jejunent
3049 5467 3242 5520 autem
3290 5474 3462 5534 usque
3496 5455 3559 5514 ad
3599 5457 3774 5507 nonam
