3976 6194
200 277 320 328 773

1207 265 1686 322 DECRETORUM
1729 263 1910 320 LIBRI
1952 263 2057 318 XX.
2103 292 2171 301 —
2210 262 2420 316 LIBER
2459 261 2741 317 SEXTUS.
3619 264 3725 315 774

200 397 495 468 quotidie,
553 393 801 463 exceptis
856 390 1013 444 festis
1089 389 1290 443 diebus
1360 395 1530 460 atque
1593 387 1914 441 dominicis.
1952 388 1997 439 Α
2036 418 2250 469 servus,
2283 417 2457 472 super
2486 402 2577 457 χιι
2626 417 2887 454 vomeres
2929 401 3212 455 ferventes
3240 419 3296 455 se
3328 408 3560 473 ραι-εει,
3620 406 3723 459 Ea-

198 486 557 539 Ahstineaut
611 488 804 535 autem
856 497 913 533 se
946 496 979 533 a
1005 480 1155 544 vino,
1202 479 1465 544 medone,
1499 484 1670 548 atque
1700 477 1919 530 mellita

197 574 472 637 cervisia,
508 580 623 625 tres
648 571 768 625 dies
801 585 905 639 per
953 568 1391 621 hebdomadam.
1454 572 1627 620 Arma
1689 572 1916 636 portare

200 679 327 716 non
364 662 634 727 audeant,
668 658 780 713 nisi
811 662 1009 711 contra
1038 672 1311 727 paganos.
1349 657 1413 709 Et
1462 656 1793 724 ubicunque
1834 655 1916 707 ire

202 751 551 811 maluerint,
582 749 739 801 nullo
772 746 1034 800 vehiculo
1091 744 1464 810 deducantur,
1522 745 1621 797 sed
1674 744 1918 813 pedibus

201 839 468 910 prOpriis
497 841 755 909 pergant.
796 836 881 889 Ab
930 834 1200 887 uxoribus
1234 833 1282 885 si
1330 832 1636 886 habuerint
1682 847 1801 884 non
1830 847 1917 883 se-

203 934 518 1000 parentur.
554 927 805 995 Tempus
835 929 1030 975 autem
1083 921 1257 991 hujus
1303 920 1651 991 paenitentia:
1702 918 1760 971 in
1790 918 1916 988 epi-

208 1031 522 1086 scoporum
552 1014 819 1083 ponimus
852 1010 1109 1076 arbitrio,
1155 1016 1217 1063 ut
1248 1008 1563 1063 secundum
1619 1023 1919 1060 conversa-

208 1106 444 1159 tionem
492 1104 749 1170 illorum,
798 1106 896 1153 aut
970 1099 1295 1165 extendere,
1356 1098 1446 1151 vel
1496 1098 1759 1151 minuere
1817 1112 1920 1149 va—

211 1197 401 1249 leant.

643 1280 771 1334 CAP.
803 1278 999 1332 XXXV.
1024 1305 1094 1315 —
1114 1279 1186 1330 De
1223 1276 1406 1329 eadem
1436 1291 1510 1328 re.

290 1387 655 1457 (Exrconcilio
676 1386 941 1450 Negant,
972 1384 1147 1451 capite
1173 1385 1190 1434 t
1214 1381 1281 1449 1.)
1310 1379 1689 1434 Parricidium
1727 1383 1919 1431 autem

211 1492 399 1546 quam
432 1475 499 1527 sit
540 1473 871 1527 detestabile
915 1472 1151 1535 crimen,
1180 1469 1399 1539 judicio
1428 1469 1575 1522 facto
1604 1468 1755 1520 inter
1784 1466 1920 1520 Cain

214 1574 279 1618 et
320 1564 458 1617 Abel
492 1565 724 1615 fratrem
757 1576 926 1614 suum
977 1560 1254 1612 Dominus
1305 1558 1426 1628 ipse
1467 1555 1739 1622 ostendit,
1791 1572 1921 1607 cum

212 1654 294 1707 ad
324 1654 466 1707 Cain
494 1651 839 1721 parricidam
872 1649 951 1701 ait
984 1664 996 1702 :
1058 1647 1385 1702 Maledictus
1424 1645 1535 1698 eris
1582 1660 1754 1713 super
1802 1650 1919 1695 ter-
1956 1666 1995 1718 Β

209 1758 370 1803 ram,
398 1756 527 1811 quae
577 1738 801 1808 aperuit
851 1755 912 1790 os
964 1752 1153 1799 suum,
1183 1741 1241 1788 et
1290 1735 1538 1803 suscepit
1577 1732 1919 1800 sanguinem

217 1830 423 1884 fratris
453 1828 538 1881 tui
581 1827 650 1880 de
688 1842 864 1879 manu
910 1832 1026 1876 tua.
1062 1823 1203 1877 Cum
1234 1828 1501 1892 operatus
1547 1820 1723 1873 fueris
1772 1834 1920 1883 eam,

216 1936 345 1971 non
378 1917 538 1970 dabit
565 1915 668 1968 tibi
701 1914 919 1967 fructus
950 1912 1091 1981 ejus,
1127 1917 1181 1964 et
1205 1926 1383 1980 vagus
1408 1916 1464 1963 et
1496 1909 1773 1979 profugus
1812 1908 1923 1961 eris

214 2022 401 2075 super
429 2012 663 2057 terram.
698 2004 763 2055 In
795 2019 910 2072 quo
945 2002 1118 2053 etiam
1151 2000 1343 2069 posuit
1388 2000 1636 2067 signum,
1693 2004 1757 2051 ut
1816 2004 1925 2050 tre-

216 2111 390 2147 mens
440 2098 495 2144 et
547 2108 782 2160 gemens
830 2096 885 2143 et
937 2089 1217 2158 profugus
1267 2103 1496 2156 semper
1551 2086 1784 2151 viveret,
1821 2102 1925 2138 nec

218 2184 468 2236 auderet
495 2181 718 2249 uspiam
750 2180 911 2233 sedes
944 2179 1152 2231 habere
1193 2176 1423 2247 quietis.
1456 2175 1562 2229 Sed
1608 2175 1744 2245 quia
1793 2190 1925 2227 mo—

221 2272 426 2325 dernis
457 2269 829 2339 temporibus,
868 2266 1165 2336 parricidaa
1207 2264 1439 2333 profugi
1470 2264 1797 2317 discurrunt
1824 2278 1928 2331 per

221 2359 457 2411 diversa
496 2359 635 2419 loca,
697 2361 753 2408 et
802 2353 975 2406 variis
1014 2352 1166 2406 vitiis
1218 2358 1389 2421 atque
1438 2352 1587 2419 gulae
1640 2349 1927 2404 illecebris

220 2446 581 2511 deserviunt,
614 2445 816 2497 melius
849 2442 1011 2495 nobis
1041 2441 1286 2507 videtur,
1320 2445 1383 2493 ut
1412 2440 1471 2492 in
1500 2456 1613 2492 uno
1647 2440 1769 2492 loco
1805 2455 1925 2492 ma-

219 2541 432 2588 nentes
463 2534 799 2603 poenitentia
841 2530 1097 2585 districta
1164 2528 1499 2598 semetipsos
1547 2528 1844 2597 castigent,
1880 2528 1928 2580 si

218 2624 379 2677 forte
426 2640 457 2674 a
502 2622 727 2675 Domini
780 2622 988 2690 pietate
1053 2619 1476 2689 indulgentiam
1526 2616 1796 2670 facinoris
1840 2616 1930 2669 sui

216 2712 525 2781 percipere
564 2715 912 2763 mereantur.
942 2709 1068 2763 Non
1093 2707 1249 2761 enim
1283 2706 1363 2759 eis
1394 2706 1590 2759 licebit
1622 2706 1768 2758 ultra
1824 2705 1930 2757 mi-

218 2801 372 2853 litiae
424 2799 720 2869 cingulum
780 2813 1026 2864 sumere,
1076 2802 1131 2848 et
1180 2795 1397 2865 nuptiis
1448 2797 1619 2863 atque
1672 2792 1928 2862 conjugii

219 2889 435 2958 copula
469 2887 573 2953 uti,
607 2885 743 2957 quia
773 2886 918 2939 sacri
967 2900 1212 2938 canones
1265 2884 1374 2936 hoc
1422 2882 1501 2935 eis
1535 2898 1651 2936 non
1687 2897 1924 2935 consen-

222 2978 403 3029 tiunt.

224 3084 367 3136 CAP.
400 3082 617 3136 XXXVI.
635 3111 699 3119 —
726 3083 800 3134 De
829 3081 939 3133 illis
968 3081 1065 3146 qui
1085 3080 1324 3143 infantes
1350 3092 1473 3132 suos
1502 3093 1608 3131 non
1628 3082 1814 3146 sponte
1840 3080 1928 3131 in-

935 3153 1227 3217 terﬁciunt.

305 3259 419 3325 (Ea:
439 3259 656 3312 concilio
684 3257 945 3317 Triburi.,
969 3258 1146 3324 capite
1164 3256 1277 3324 2t.)
1303 3254 1360 3308 Si
1394 3254 1518 3324 quis
1549 3254 1734 3308 tilium
1761 3269 1927 3307 suum

226 3365 356 3402 non
400 3354 598 3416 sponte
648 3347 944 3413 occiderit,
994 3346 1158 3415 juxta
1203 3344 1509 3397 homicidia
1561 3360 1676 3397 non
1725 3348 1928 3413 sponte

227 3437 540 3489 commissa
562 3436 853 3506 pceniteat.

226 3542 626 3597 CAP.XXXVII.
648 3544 804 3595 —De
828 3542 921 3593 illo
934 3542 1029 3609 qui
1057 3555 1279 3592 uxorem
1307 3540 1603 3605 legitimam
1626 3540 1742 3591 sine
1766 3538 1926 3606 judi-

844 3614 924 3665 cio
953 3612 1305 3676 interfecerit.

303 3723 416 3787 (Ea:
472 3720 613 3773 decr.
667 3722 754 3773 Pii
796 3733 973 3787 papa},
1023 3720 1199 3785 capite
1250 3715 1361 3786 26.)
1410 3714 1749 3785 Quicunque
1800 3730 1928 3784 pro-

224 3810 421 3880 priam
451 3825 691 3863 uxorem
715 3808 928 3878 absque
966 3808 1113 3877 lege,
1165 3806 1254 3859 vel
1302 3806 1423 3857 sine
1472 3822 1641 3858 causa
1684 3810 1742 3858 et
1772 3810 1927 3857 certa

226 3898 567 3970 probatione
608 3896 978 3958 interfecerit,
1035 3895 1323 3964 aliamque
1382 3893 1609 3947 duxerit
1662 3909 1924 3958 uxorem,

227 3987 409 4040 armis
464 3985 734 4056 depositis
760 3984 1049 4053 publicam
1113 3987 1243 4051 agat
1272 3981 1695 4050 paenitentiam.
1759 3981 1825 4033 Et
1879 3980 1926 4032 si

227 4081 537 4129 contumax
568 4073 758 4138 fuerit,
792 4077 847 4125 et
887 4072 1153 4140 episcopo
1186 4087 1287 4123 suo
1321 4069 1655 4123 inobediens
1695 4069 1927 4122 exstite-

230 4167 335 4231 rit,
384 4161 916 4224 anatliamatizetur,
969 4175 1269 4229 quousque
1316 4157 1655 4211 consentiat.
1714 4156 1922 4211 Eadem

228 4254 322 4307 lex
360 4252 465 4305 erit
490 4250 574 4304 illi
608 4249 707 4321 qui
738 4248 1025 4301 seniorem
1065 4263 1235 4300 suum
1265 4246 1635 4299 interfecerit.

589 4357 716 4412 CAP.
759 4355 1035 4410 XXXVIII.
1067 4384 1135 4392 ——-
1175 4356 1252 4408 De
1280 4353 1465 4406 eadem
1494 4369 1571 4405 re.

307 4465 429 4532 (Ea:
459 4464 680 4518 concilio
709 4464 977 4528 Mogunt.,
999 4462 1175 4528 capite
1206 4458 1278 4527 l.)
1306 4458 1363 4512 Si
1396 4458 1634 4511 maritus
1664 4473 1928 4525 uxorem,
1954 4503 1959 4509 .

228 4557 340 4607 aut
364 4568 508 4606 uxor
527 4551 799 4604 maritum
830 4547 1199 4614 interfecerit,
1245 4563 1477 4616 aequum
1524 4545 1811 4615 judicium
1858 4546 1932 4600 sit

230 4656 413 4709 super
434 4656 551 4705 eos,
581 4638 802 4693 dicente
827 4638 1071 4692 Domino
1096 4653 1110 4690 :
1134 4653 1249 4690 non
1277 4635 1526 4689 conside:
1544 4653 1601 4687 es
1622 4650 1926 4704 personam

227 4729 527 4799 pauperis,
568 4744 671 4782 nec
698 4728 948 4781 honores
976 4726 1197 4779 vultum
1224 4723 1493 4794 potentis.
1522 4724 1586 4776 Et
1614 4728 1748 4793 post
1786 4740 1929 4793 pau-

226 4836 295 4872 ca
334 4835 346 4871 :
384 4819 485 4883 Ita,
530 4818 736 4887 inquit,
789 4831 1031 4886 parvum
1081 4813 1322 4867 audietis
1373 4817 1437 4865 ut
1476 4827 1772 4881 magnum,
1828 4826 1931 4864 nec

226 4906 526 4976 accipietis
554 4906 891 4975 cujusquam
925 4918 1250 4973 personam,
1293 4900 1431 4971 quia
1486 4899 1590 4953 Dei
1643 4899 1926 4969 judicium

224 4995 566 5048 est.ldcirco
596 4998 839 5062 uterque
892 5008 1092 5045 eorum
1128 4991 1187 5043 in
1236 4988 1638 5059 hujuscemodi
1670 4987 1930 5041 criminis

226 5083 456 5137 actione
485 5082 533 5135 si
565 5079 879 5151 negaverit,
912 5079 1038 5151 pari
1060 5078 1279 5150 judicio
1311 5078 1683 5132 examinetur.
1726 5076 1782 5130 Si
1833 5092 1929 5130 ne—

225 5172 448 5243 gaverit
466 5176 523 5225 et
553 5186 669 5223 non
703 5174 893 5239 potest
914 5168 1063 5222 vinci
1086 5166 1404 5222 manifestis
1426 5165 1672 5231 indiciis,
1708 5165 1755 5219 si
1781 5164 1928 5219 liber

226 5266 335 5327 est,
361 5262 517 5330 juret
563 5274 694 5312 cum
742 5257 1041 5312 duodecim
1078 5274 1091 5310 ε
1126 5257 1172 5310 si
1230 5271 1447 5320 servus,
1491 5253 1733 5308 ferventi
1771 5254 1925 5307 ferro

222 5367 286 5404 se
322 5353 541 5419 purget.
574 5348 673 5401 Sin
705 5350 898 5400 autem
929 5361 1073 5400 uxor
1103 5346 1357 5398 moriens
1390 5343 1662 5397 maritum
1691 5358 1805 5397 uno
1836 5344 1927 5397 vel

223 5437 452 5491 duobus
479 5435 849 5490 audientibus
881 5435 951 5489 de
985 5439 1167 5487 morte
1224 5432 1346 5501 ejus
1378 5431 1773 5500 inculpaverit,
1808 5448 1927 5486 non

224 5526 361 5580 ideo
385 5526 497 5580 erit
525 5525 727 5592 victus,
760 5523 861 5579 sed
890 5523 936 5577 si
968 5522 1112 5579 liber
1161 5527 1244 5577 est
1275 5536 1406 5576 cum
1438 5520 1617 5577 LXXII
1649 5521 1834 5591 juret;
1879 5520 1927 5575 si

2034 492 2167 545 dem
2199 491 2291 545 lex
2323 490 2429 544 erit
2463 490 2668 544 marito
2700 506 2942 543 uxorem
2974 492 3282 545 accusanti.

2426 577 2556 631 CAP.
2590 578 2801 632 XXXIX.
2827 608 2898 616 —
2916 581 2989 631 De
3012 579 3196 631 eadem
3224 596 3299 633 re.

2101 668 2211 736 (Ea:
2263 668 2482 720 concilio
2514 667 2849 726 Elibertan.,
2877 669 3055 735 capite
3086 669 3196 729 85.)
3229 668 3286 721 Si
3312 668 3522 720 mulier
3549 670 3725 721 mari-

2027 759 2152 808 tum
2197 772 2365 808 suum
2409 771 2578 808 causa
2624 754 3020 807 fornicationis
3075 772 3294 809 veneno
3351 756 3721 821 interfecerit,

2031 847 2129 895 aut
2158 858 2499 911 quacunque
2532 848 2653 895 arte
2702 841 2986 911 perimere
3036 841 3189 904 facit,
3240 841 3376 911 quia
3420 842 3719 895 dominum

2031 936 2087 983 et
2114 931 2400 983 seniorem
2434 946 2603 984 suum
2631 931 2855 995 occidit,
2889 932 3147 983 seculum
3200 931 3512 1001 relinquat,
3566 937 3622 985 et
3668 931 3727 984 in

2032 1019 2381 1072 monasterio
2414 1019 2711 1087 poeniteat.

2468 1107 2597 1160 CAP.
2639 1108 2744 1162 XL.
2786 1137 2854 1145 —
2888 1110 2963 1161 De
2994 1108 3177 1160 eadem
3205 1124 3281 1160 re.

2103 1196 2381 1264 (Epistola
2426 1198 2648 1250 Paulini
2696 1196 3085 1263 Forojuliensis
3139 1197 3377 1263 episcopi
3471 1195 3547 1249 ad
3596 1198 3722 1248 Hei-

2032 1285 2301 1352 stut/um.)
2333 1285 2661 1339 Admonere
2697 1290 2751 1336 te
2800 1300 2929 1337 cum
2988 1284 3254 1353 lacrymis
3303 1288 3360 1337 et
3409 1285 3590 1337 multo
3632 1300 3726 1353 ge-

2034 1374 2179 1425 mitu
2210 1388 2369 1439 curo,
2397 1372 2479 1425 ﬁli
2513 1372 2805 1437 Heistulfe,
2842 1372 2889 1423 si
2921 1376 3112 1424 tamen
3142 1370 3297 1424 filius
3335 1372 3447 1425 dici
3497 1371 3724 1431 debeas,

2034 1460 2133 1529 qui
2173 1466 2289 1513 tam
2336 1461 2647 1514 crudeliter
2703 1461 2899 1513 infelix
2952 1460 3327 1512 homicidium
3362 1461 3725 1529 perpetrasti.

2036 1550 2177 1601 Nam
2206 1549 2463 1602 occidisti
2497 1565 2734 1601 uxorem
2766 1555 2925 1601 tuam
2956 1554 3179 1616 partem
3208 1549 3465 1618 corporis
3505 1547 3612 1613 tui,
3647 1549 3726 1600 le-

2034 1636 2239 1705 gitimo
2270 1637 2373 1689 tibi
2406 1637 2771 1689 matrimonio
2822 1637 3092 1689 sociatam
3150 1635 3271 1688 sine
3304 1652 3473 1688 causa
3504 1635 3726 1698 mortis,

2036 1740 2149 1777 non
2181 1725 2285 1777 tibi
2315 1724 2695 1786 resistentem,
2732 1740 2847 1777 non
2896 1723 3261 1776 insidiantem
3294 1740 3525 1793 quoquo
3556 1723 3729 1776 modo

2031 1813 2160 1866 vita:
2195 1819 2326 1867 tuae.
2362 1815 2481 1866 Non
2512 1812 2781 1865 invenisti
2813 1828 2940 1866 eam
2971 1828 3102 1864 cum
3136 1812 3246 1864 alio
3288 1812 3411 1864 viro
3453 1810 3731 1864 nefariam

2032 1916 2153 1952 rem
2183 1899 2508 1965 facientem,
2540 1900 2639 1953 sed
2666 1899 2933 1952 incitatus
2968 1917 2998 1952 a
3022 1900 3268 1966 diabolo,
3300 1898 3479 1968 impio
3509 1898 3733 1952 inflam-

2034 1994 2223 2041 matus
2253 1988 2464 2053 furore,
2512 1987 2796 2040 latrocinii
2831 2004 3010 2051 more,
3057 1988 3301 2040 atrocior
3330 1993 3385 2039 et
3418 1987 3727 2047 crudelior,

2033 2077 2190 2129 omni
2236 2077 2435 2142 bestia,
2482 2092 2609 2129 eam
2664 2076 2853 2144 gladio
2910 2081 3009 2128 tuo
3059 2075 3421 2129 interemisti.
3484 2076 3551 2128 Et
3578 2092 3731 2128 nunc

2032 2168 2162 2235 post
2190 2168 2435 2217 mortem
2466 2165 2590 2234 ejus
2615 2164 2774 2218 addis
2819 2164 3187 2234 iniquitatem
3233 2180 3407 2233 super
3454 2164 3729 2233 iniquita-

2035 2260 2170 2319 tem,
2235 2252 2485 2306 tiliorum
2531 2258 2766 2305 tuorum
2822 2251 3088 2321 improbe
3144 2251 3356 2320 praedo,
3411 2252 3509 2321 qui
3561 2251 3730 2303 matri

2034 2358 2150 2395 non
2175 2341 2503 2411 pepercisti,
2560 2346 2616 2394 et
2646 2340 2792 2393 filios
2844 2345 2973 2393 tuos
3021 2339 3149 2393 ideo
3201 2343 3488 2409 orphanos
3517 2339 3722 2402 fecisti,

2036 2436 2101 2483 ut
2128 2430 2599 2499 superinduceres
2641 2429 2841 2482 mortis
2878 2444 3106 2482 causam
3154 2433 3281 2497 post
3328 2432 3569 2481 mortem
3603 2445 3616 2481 :
3674 2432 3729 2481 et

2037 2535 2140 2589 per
2170 2535 2348 2571 unum
2382 2518 2754 2583 homicidam,
2789 2523 2846 2570 et
2891 2518 3200 2587 reprobum
3239 2522 3439 2570 testem
3472 2516 3731 2569 incusare

2036 2608 2120 2660 vis
2150 2614 2475 2660 mortuam:
2511 2607 2614 2659 hoc
2645 2623 2749 2660 nec
2791 2606 3181 2676 Evangelium,
3235 2621 3338 2658 nec
3386 2606 3503 2659 ulla
3541 2605 3733 2658 divina

2038 2697 2405 2764 humanaque
2436 2695 2521 2747 lex
2547 2694 2825 2763 concedit,
2872 2701 2934 2747 ut
2962 2694 3133 2747 unius
3182 2693 3509 2746 testimonio
3558 2693 3732 2745 etiam

2035 2784 2262 2849 idoneo,
2299 2783 2507 2853 aliquis
2529 2784 2963 2847 condemnetur,
2998 2782 3481 2851 veljustificetur:
3513 2785 3731 2851 quanto

2039 2873 2223 2942 magis
2243 2888 2347 2942 per
2376 2874 2549 2927 istum
2580 2883 2697 2926 tam
2741 2872 3092 2942 ﬂagitiosum
3141 2876 3198 2925 et
3249 2872 3573 2936 scelestum,
3628 2886 3732 2923 nec

1968 2937 2008 2991 (δ
2038 2937 2294 3014 illa'viv-a
2323 2961 2518 3015 debuit
2548 2937 2940 3025 condemnari,
2975 2976 3080 3013 nec
3109 2965 3173 3014 tu
3207 2959 3423 3029 poteris
3452 2965 3579 3028 post
3610 2959 3733 3027 ejus

2040 3054 2281 3103 mortem
2342 3049 2650 3102 excusari?
2703 3048 2865 3102 Prius
2913 3064 3080 3101 causa
3136 3046 3395 3100 criminis
3449 3046 3732 3099 subtiliter

2039 3142 2162 3191 erat
2218 3137 2640 3207 investiganda,
2693 3143 2750 3190 et
2802 3142 2939 3190 tunc
2987 3137 3033 3189 si
3088 3152 3188 3190 rea
3226 3135 3423 3189 fuisset
3477 3135 3729 3200 inventa,

2038 3226 2349 3280 secundum
2394 3225 2536 3295 legis
2586 3225 2881 3279 tramitem
2930 3225 3129 3279 debuit
3175 3224 3438 3294 excipere
3497 3224 3732 3277 ultionis

2036 3314 2367 3370 vindictam.
2433 3315 2572 3368 Nam
2634 3315 2737 3368 etsi
2788 3330 3006 3383 verum,
3088 3314 3241 3384 quod
3300 3313 3464 3377 absit,
3514 3312 3730 3380 fuisset,

2038 3404 2183 3457 sicut
2212 3404 2309 3457 ille
2340 3403 2563 3457 adulter
2592 3403 2866 3457 mentitus
2897 3408 3000 3464 est,
3034 3408 3162 3472 post
3219 3401 3309 3454 VII
3348 3418 3525 3455 annos
3555 3402 3734 3471 pugni—

2038 3491 2215 3544 tentia
2243 3497 2491 3560 peracta,
2528 3490 2819 3544 dimittere
2870 3507 2996 3544 eam
3026 3506 3132 3559 per
3181 3491 3555 3559 approbatam
3606 3507 3733 3543 cau-

2038 3595 2156 3632 sam
2188 3584 2417 3648 poteras
2458 3579 2505 3631 si
2554 3578 2848 3644 voluisses,
2904 3579 3159 3632 occidere
3231 3595 3355 3631 eam
3406 3580 3732 3632 nullatenus

2037 3667 2304 3722 debuisti.
2342 3668 2461 3720 Duo
2494 3667 2734 3719 consilia
2764 3666 3142 3737 proponimus
3178 3666 3283 3719 tibi
3318 3683 3331 3719 :
3364 3669 3607 3736 Accepta
3649 3673 3731 3720 te-

2038 3772 2169 3809 cum
2210 3755 2621 3809 deliberatione
2672 3756 2939 3820 duorum,
2993 3754 3140 3824 elige
3175 3754 3356 3823 magis
3406 3756 3559 3823 quod
3617 3755 3733 3824 pla-

2038 3849 2178 3907 ceat,
2218 3849 2270 3898 et
2304 3844 2573 3897 miserere
2605 3843 2813 3897 animae
2842 3848 2977 3897 tuae.
3014 3844 3077 3895 Et
3110 3847 3172 3896 tu
3226 3843 3317 3895 hic
3367 3844 3425 3895 in
3470 3842 3580 3897 isto
3629 3859 3731 3896 an-

2039 3938 2205 4003 gusto
2235 3938 2497 4003 tempore
2528 3932 2770 4002 positus,
2798 3948 2869 3985 ne
2901 3931 2976 3985 sis
3023 3937 3085 3985 tu
3135 3931 3255 4001 ipse
3303 3931 3505 3984 tuimet
3552 3932 3733 3985 homi-

2036 4022 2178 4089 cida,
2210 4027 2267 4075 et
2298 4021 2356 4074 in
2392 4026 2671 4075 aeternum
2726 4037 2947 4090 pereas,
2977 4019 3240 4089 relinque
3271 4019 3379 4072 hoc
3409 4019 3729 4089 malignum

2038 4112 2310 4164 saeculum
2342 4111 2494 4180 quod
2526 4115 2581 4163 te
2616 4109 2787 4163 traxit
2814 4110 2885 4162 ad
2938 4113 3052 4162 tam
3092 4107 3572 4161 immanissimum
3605 4125 3732 4178 pec-

1954 4212 1996 4265 1)
2035 4198 2148 4252 cati
2177 4198 2416 4252 facinus.
2452 4197 2755 4266 Ingredere
2804 4196 3241 4261 monasterium,
3272 4197 3575 4250 hnmiliare
3623 4199 3729 4251 sub

2038 4304 2211 4341 manu
2243 4285 2483 4352 abbatis,
2517 4290 2574 4339 et
2613 4286 2928 4339 multorum
2958 4286 3196 4339 fratrum
3246 4286 3509 4356 precibus
3563 4287 3727 4355 adju-

2038 4382 2148 4441 tus,
2186 4376 2424 4428 observa
2453 4380 2657 4428 cuncta
2686 4374 2933 4444 simplici
2982 4376 3177 4428 animo
3206 4390 3335 4445 qum
3375 4375 3480 4427 tibi
3524 4375 3593 4428 ab
3630 4376 3728 4429 ab-

2038 4465 2166 4518 bate
2197 4464 2414 4517 fuerint
2441 4463 2741 4532 imperata,
2776 4463 2823 4515 si
2869 4463 3013 4516 forte
3062 4462 3321 4529 ignoscat
3364 4461 3591 4514 inﬁnita
3625 4460 3723 4513 Dei

2037 4553 2259 4606 bonitas
2292 4550 2538 4620 peccatis
2566 4551 2699 4606 tuis.
2752 4551 2907 4605 Istud
2950 4551 3252 4604 consilium
3296 4556 3359 4603 ut
3415 4550 3732 4604 certissima

2040 4641 2180 4694 scias
2214 4640 2393 4693 levius
2423 4644 2479 4692 et
2505 4638 2790 4693 salubrius
2820 4643 2923 4704 est,
2960 4644 3023 4693 ut
3047 4639 3151 4693 sub
3182 4639 3417 4692 alterius
3476 4639 3733 4692 custodia

2037 4731 2235 4800 lugeas
2266 4728 2529 4782 deflenda
2558 4732 2806 4797 peccata.
2842 4727 3164 4781 Secundum
3195 4732 3387 4781 autem
3428 4726 3731 4780 consilium

2038 4820 2148 4872 tale
2173 4823 2274 4872 est.
2306 4822 2481 4871 Arma
2520 4817 2762 4887 depone,
2805 4822 2861 4869 et
2898 4821 3101 4870 cuncta
3151 4816 3445 4869 smcularia
3492 4814 3730 4883 negocia

2036 4906 2278 4960 dimitte.
2320 4905 2559 4960 Carnem
2611 4910 2668 4958 et
2724 4904 2982 4974 sagimen
3024 4905 3295 4958 omnibus
3344 4903 3544 4957 diebus
3599 4904 3728 4955 vitm

2037 4998 2152 5046 tua:
2200 5008 2315 5045 non
2373 4991 2657 5057 comedas,
2711 4996 2943 5061 excepto
2984 5007 3100 5045 uno
3147 4990 3237 5043 die
3282 4988 3730 5043 Resurrectionis

2040 5080 2287 5146 Domini,
2318 5085 2375 5133 et
2403 5095 2515 5133 uno
2548 5078 2641 5132 die
2674 5081 3050 5144 Pentecostes,
3103 5084 3159 5132 et
3206 5093 3323 5131 uno
3370 5076 3460 5130 die
3517 5077 3730 5130 Natalis

2038 5168 2265 5223 Domini
2295 5168 2513 5222 caeteris
2536 5169 2892 5238 temporibus
2922 5168 2983 5221 in
3014 5183 3159 5237 pane
3181 5172 3238 5219 et
3259 5181 3428 5235 aqua,
3459 5170 3516 5218 et
3545 5165 3726 5219 inter-

2040 5258 2177 5312 dum
2207 5256 2595 5327 leguminibus
2625 5263 2681 5310 et
2707 5257 2958 5310 oleribus
2988 5255 3269 5325 poeniteas
3302 5271 3313 5308 :
3365 5254 3425 5308 in
3468 5254 3727 5325 jejuuiis,

2038 5344 2100 5397 in
2133 5342 2359 5412 vigiliis,
2390 5346 2446 5394 et
2478 5341 2539 5394 in
2596 5341 2979 5408 orationibus,
3017 5346 3073 5393 et
3103 5339 3162 5392 in
3192 5338 3573 5409 eleemosynis
3597 5355 3728 5411 per-

2035 5447 2229 5487 severa
2258 5429 2730 5501 omnitempore.
2786 5429 3019 5497 Vinum,
3070 5429 3401 5497 medonem,
3448 5434 3507 5483 et
3549 5428 3728 5482 melli-

2034 5524 2153 5574 tam
2185 5517 2484 5575 cervisiam
2519 5533 2818 5589 nunquam
2858 5517 3037 5588 bibas,
3088 5517 3199 5573 nisi
3236 5518 3296 5572 in
3336 5518 3464 5573 aliis
3516 5516 3727 5589 praedi-
