4028 6190
325 265 427 316 775

1401 259 1806 316 BURCHARDI
1846 258 2378 316 WORMACIENSIS
2415 255 2747 313 EPISCOPI.
2787 335 2800 339 _
3690 266 3774 316 776

324 387 428 440 ctis
467 384 650 439 tribus
704 383 923 438 diebus.
968 383 1222 437 Uxorem
1272 397 1344 435 ne
1396 382 1598 447 ducas,
1648 381 2026 436 concubinam
2055 384 2102 437 A
2140 397 2257 435 non
2290 387 2374 435 est
2408 379 2609 434 effusio
2643 377 2958 449 sanguinis.
2988 377 3345 448 Augustinus
3366 378 3442 433 ait
3471 397 3483 433 :
3514 381 3664 449 Quae
3691 383 3781 436 ista

325 491 442 529 non
476 475 709 540 habeas,
740 472 1088 526 adulterium
1121 487 1234 524 non
1261 470 1454 534 facias,
1501 470 1714 540 absque
1760 487 1859 541 spe
1889 487 2024 524 con-

320 564 471 635 jugii
502 567 784 633 perpetuo
818 576 1178 632 permaneas.
1215 561 1518 630 Nunquam
1548 564 1601 612 te
1629 559 1778 612 laves
1809 560 1865 612 in
1898 560 2018 613 bal-

326 671 454 719 neo,
490 668 704 722 equum
738 667 853 704 non
887 650 1174 714 ascendas,
1229 664 1457 701 causam
1515 653 1671 701 tuam
1704 653 1760 701 et
1791 647 2025 702 alterius

325 743 385 797 in
409 745 697 796 conventu
727 739 983 793 ﬁdelium
1015 755 1132 791 non
1185 735 1370 806 agas,‘
1391 737 1451 790 in
1509 736 1781 790 conviviis
1837 738 2026 790 laetan-

322 831 468 884 tium
499 843 793 899 nunquam
827 827 1040 891 sedeas,
1080 826 1137 880 in
1167 826 1405 879 ecclesia
1437 830 1772 896 segregatus
1798 825 1866 878 ab
1899 823 2025 878 aliis

325 919 661 975 Christianis
689 922 818 986 post
847 916 1059 969 ostium
1082 914 1381 968 humiliter
1405 920 1538 980 stes,
1565 914 2021 984 ingredientium

325 1014 383 1062 et
410 1005 830 1077 egredientium
861 1003 1218 1056 orationibus
1245 1002 1581 1073 suppliciter
1639 1007 1696 1056 te
1729 1018 2023 1056 commen-

329 1097 448 1163 des,
477 1092 881 1148 communione
917 1091 1062 1144 sacri
1095 1092 1351 1160 corporis
1383 1095 1437 1144 et
1485 1090 1784 1160 sanguinis
1833 1089 2023 1143 Domi-

325 1181 388 1234 ni
416 1181 631 1234 cunctis
675 1181 876 1234 diebus
909 1181 1039 1233 vitae
1089 1184 1205 1233 tuae
1262 1180 1567 1250 indignum
1607 1184 1663 1234 te
1712 1179 2020 1234 existimes.

325 1269 389 1322 In
421 1269 624 1323 ultimo
651 1269 898 1322 termino
930 1268 1059 1322 vitae
1090 1272 1208 1322 tuae
1239 1285 1343 1338 pro
1384 1267 1611 1334 viatico,
1643 1267 1690 1321 si
1748 1267 2021 1322 observa-

326 1357 474 1410 veris
502 1357 827 1421 consilium,
879 1361 943 1410 ut
971 1357 1234 1426 accipias,
1283 1357 1387 1410 tibi
1439 1356 1823 1410 concedimus.
1883 1356 2026 1410 Sunt

326 1450 381 1500 et
417 1446 528 1499 alia
559 1446 740 1499 multa
770 1445 1004 1499 duriora
1055 1461 1184 1515 quae
1239 1445 1344 1498 tibi
1384 1446 1549 1515 juxta
1598 1445 1824 1515 pondus
1877 1443 2022 1498 tanti

326 1533 594 1587 facinoris
621 1539 811 1586 essent
840 1533 1162 1601 adjicienda
1197 1550 1210 1586 :
1263 1535 1360 1587 sed
1391 1534 1439 1585 si
1472 1534 1592 1586 haec
1641 1533 1838 1586 omnia
1894 1549 2023 1603 quae

327 1638 501 1690 supra
534 1621 982 1674 misericorditer
1033 1621 1180 1674 dicta
1210 1627 1362 1683 sunt,
1411 1622 1658 1690 perfecto
1705 1621 1876 1675 corde
1908 1623 2020 1676 Deo

2133 475 2216 524 est
2273 468 2541 522 vanitas?
2603 467 2707 521 Uni
2761 481 2996 537 parcere
3025 471 3081 520 et
3143 482 3343 520 omnes
3405 467 3462 520 in
3512 468 3782 524 discrimen

2132 559 2455 612 adducere?
2504 557 2848 611 Polluuntur
2906 555 3060 609 enim
3089 543 3315 609 omnes
3366 571 3477 609 uno
3523 563 3780 625 peccante.

2135 647 2296 700 Unde
2325 652 2381 700 et
2411 646 2468 698 in
2503 645 2626 714 lege
2649 643 2887 714 jubetur
2923 660 2934 696 :
2979 643 3256 697 Maleﬁcos
3288 659 3404 696 non
3454 645 3672 713 patiaris
3710 646 3785 697 vi-

2132 751 2282 790 vere.
2349 735 2509 789 Unde
2568 733 2893 802 Propheta:
2973 732 3385 785 Mortiﬁcabant
3429 733 3634 785 animas
3679 750 3787 803 qua:

2131 839 2250 878 non
2293 824 2644 877 moriuntur.
2699 821 2856 875 Unde
2910 821 3266 888 Gregorius:
3325 837 3444 874 non
3485 821 3795 875 morientem

2132 912 2348 982 quippe
2375 910 2696 973 mortiﬁcat,
2733 908 2833 979 qui
2858 908 3077 979 justum
3111 909 3368 974 damnat,
3401 914 3458 962 et
3492 924 3602 961 non
3629 910 3788 963 victu—

2130 1016 2262 1055 rum
2290 999 2579 1053 viviﬁcare
2611 997 2839 1064 nititur,
2874 997 2973 1067 qui
3003 1013 3163 1051 reum
3194 1013 3228 1049 a
3274 996 3553 1066 supplicio
3603 998 3789 1051 solvere

2132 1093 2390 1143 conatur.
2448 1087 2636 1142 Helias
2680 1102 2933 1156 namque
2981 1087 3192 1140 multos
3234 1085 3423 1138 affecit
3457 1090 3652 1152 morte,
3682 1101 3788 1153 pro-

2130 1178 2259 1249 pria
2311 1193 2509 1242 manu,
2587 1191 2725 1230 nece
2784 1181 2842 1229 et
2888 1175 3021 1246 igne
3090 1173 3365 1228 divinitus
3415 1173 3692 1243 inspirato.
3739 1175 3789 1226 In

2132 1267 2289 1320 Novo
2322 1265 2497 1318 etiam
2531 1265 2897 1318 Testamento
2930 1263 3133 1317 Petrus
3169 1263 3457 1316 Ananiam
3511 1267 3567 1314 et
3614 1261 3791 1332 Saphy-

2130 1370 2256 1409 ram
2283 1353 2529 1407 terriﬁca
2550 1351 2870 1405 mulctavit.

2131 1444 2261 1499 CAP.
2308 1442 2483 1496 XLIV.
2518 1471 2586 1479 -—-
2625 1443 2698 1494 De
2733 1441 2847 1494 illis
2901 1441 2996 1508 qui
3026 1443 3150 1508 post
3183 1439 3515 1508 baptismum
3543 1439 3792 1507 capitalem

2628 1513 2968 1580 protulerunt
2987 1513 3328 1564 sententiam.

2209 1603 2330 1670 (Ea:
2377 1601 2542 1655 dictis
2584 1601 2881 1653 Innocentii
2929 1613 3108 1667 papa,
3157 1600 3338 1666 capite
3376 1597 3495 1664 2‘5.)
3525 1595 3791 1657 Quaesitum

328 1667 501 1690 “’“Ἱ”””
535 1667 972 1674 ’“”’”””“’”“’“”
1035 1667 1180 1674 ““’“”
1210 1667 1362 1683 ’“”’”“’
1411 1667 1654 1690 Υ“’“’“’“’“’
1708 1667 1875 1675 “’“’““’”“
1908 1667 2016 1676 ’³⁷⁷
2222 1667 2229 1670 “
2325 1690 2333 1699 .
2753 1688 2762 1697 .
2929 1687 2938 1696 .
3341 1685 3351 1695 .
3717 1685 3724 1694 .
3765 1686 3774 1694 .

328 1709 640 1763 auxiliante
673 1709 994 1778 perfeceris,
1046 1713 1102 1762 et
1156 1709 1508 1775 custodieris,
1558 1709 1902 1762 conﬁdimus
1953 1709 2022 1763 de
2057 1667 2096 1720 Β
2137 1695 2224 1744 θεῖ
2263 1695 2436 1743 etiam
2487 1704 2659 1758 super
2706 1688 2796 1741 1115
2843 1703 2943 1758 qui
3009 1691 3137 1757 POﬁt
3171 1686 3550 1778 _bapusmum
3593 1685 3794 1778 admlmf

328 1797 612 1850 immensa
644 1797 744 1849 Dei
791 1798 1114 1862 clementia,
1168 1797 1570 1851 remissionem
1617 1803 1850 1851 tuorum
1897 1813 2023 1866 pec-

329 1892 585 1940 catorum
617 1885 972 1948 habiturum,
1005 1891 1061 1939 et
1109 1887 1420 1939 secundum
1467 1886 1602 1939 boni
1630 1886 1885 1956 justique
1919 1902 2023 1955 pa-

329 1974 492 2028 storis
525 1974 857 2044 imperium,
891 1975 1136 2028 resolvat
1167 1980 1222 2028 te
1271 1980 1463 2028 sancta
1505 1975 1740 2028 ecclesia
1798 1974 1865 2028 ab
1919 1976 2025 2028 hoc

327 2063 555 2116 vinculo
588 2063 803 2132 peccati
839 2063 897 2116 in
929 2063 1112 2125 terris,
1147 2067 1212 2115 ut
1261 2079 1362 2132 per
1392 2063 1570 2132 ipsius
1618 2063 1863 2133 gratiam
1920 2063 2021 2134 qui

330 2168 456 2206 eam
489 2167 591 2204 suo
623 2151 902 2219 sanguine
954 2152 1292 2219 redemerat,
1341 2152 1413 2205 sit
1457 2153 1677 2206 solutus
1733 2151 1792 2204 in
1846 2153 2020 2206 caelis.

329 2239 428 2294 Sin
461 2244 651 2292 autem
684 2239 849 2291 aliter
885 2238 1108 2304 feceris,
1159 2244 1216 2292 et
1261 2242 1469 2292 sancta:
1512 2239 1710 2292 matris
1763 2239 2023 2293 Ecclesia:

329 2327 557 2380 salubre
587 2326 889 2379 consilinm
915 2326 1262 2395 despexeris,
1315 2327 1439 2395 ipse
1485 2326 1588 2379 tibi
1618 2326 1692 2379 sis
1738 2327 1934 2396 judex,
1969 2332 2026 2382 et

328 2416 388 2470 in
420 2417 622 2485 laqueo
658 2415 869 2468 diaboli
901 2431 1014 2484 quo
1042 2415 1296 2468 irretitus
1328 2415 1538 2468 teneris
1589 2431 1840 2482 maneas,
1893 2432 2024 2470 san-

331 2505 574 2576 guisque
615 2509 748 2557 tuus
796 2504 862 2557 sit
926 2520 1097 2574 super
1148 2509 1320 2573 caput
1374 2509 1585 2558 tuum:
1631 2520 1736 2557 nos
1790 2503 1964 2558 alieni
1993 2521 2026 2558 a

333 2593 618 2646 consortio
646 2597 764 2656 tuo,
818 2597 876 2646 et
904 2593 1009 2646 sub
1047 2593 1433 2646 indissolubili
1477 2595 1844 2648 anathemate
1886 2610 2025 2664 per-

329 2696 583 2750 maneas,
637 2681 818 2735 donec
900 2683 1014 2735 Deo
1085 2687 1141 2736 et
1215 2687 1421 2736 sanctae
1496 2682 1758 2736 Ecclesia:
1804 2682 2026 2737 satisfa-

328 2769 460 2824 cias.

401 2858 528 2912 Car.
560 2858 702 2912 XLI.
729 2889 798 2898 —
828 2861 903 2912 De
931 2873 1100 2912 umore
1112 2858 1310 2913 mariti
1337 2862 1560 2913 mortem
1589 2861 1926 2914 conciliante.

403 2947 504 3014 (Ea:
533 2948 755 3000 concilio
787 2946 937 3015 apud
977 2949 1318 3006 Vermeriam.
1357 2951 1533 3016 capite
1563 2947 1639 3002 3.l
1665 2948 1720 3002 Si
1753 2965 1866 3019 qua
1898 2963 2022 3001 mu-
2059 2950 2098 3004 C

330 3034 436 3087 lier
465 3039 709 3088 mortem
736 3035 843 3088 viri
877 3034 964 3087 sui
994 3052 1122 3088 cum
1154 3036 1280 3089 aliis
1309 3036 1606 3090 conciliata
1656 3041 1758 3100 est,
1795 3042 1852 3091 et
1903 3037 2025 3107 ipse

330 3123 420 3174 vir
449 3123 700 3192 aliquem
747 3123 976 3176 illorum
1022 3139 1079 3176 se
1109 3124 1469 3178 defendendo
1519 3124 1809 3187 occiderit,
1869 3129 1926 3178 et
1981 3124 2028 3177 si

330 3210 439 3264 hoc
469 3211 711 3279 probare
743 3215 929 3278 potest
959 3210 1056 3264 ille
1095 3211 1183 3264 vir
1224 3228 1349 3264 eam
1402 3228 1556 3266 ream
1608 3229 1730 3266 esse
1780 3213 2023 3279 consilii,

332 3302 525 3368 potest
556 3303 614 3350 ut
647 3298 812 3350 nobis
845 3298 1085 3363 videtur,
1118 3299 1300 3368 ipsam
1334 3316 1569 3354 uxorem
1613 3301 1923 3366 dimittere,
1974 3304 2028 3355 et

335 3386 382 3439 si
411 3386 654 3440 voluerit
685 3386 852 3440 aliam
884 3403 1122 3441 uxorem
1153 3388 1430 3458 accipere,
1464 3388 1589 3458 ipsa
1635 3395 1830 3443 autem
1887 3389 2025 3442 insi-

331 3474 555 3540 diatrix,
614 3475 968 3545 paenitentia:
1027 3476 1301 3547 subjecta,
1351 3477 1565 3548 absque
1617 3495 1716 3548 spe
1765 3479 2019 3549 conjugii

333 3568 581 3618 maneat.
1760 3629 1784 3638 ‘

406 3654 535 3707 CAP.
557 3654 717 3707 XLII.
747 3685 812 3693 —
846 3654 928 3707 De
944 3653 1058 3720 hoc,
1094 3656 1146 3708 si
1171 3655 1352 3724 plures
1380 3670 1548 3708 unum
1566 3657 2025 3724 impugnaverint.

400 3741 510 3811 (Em
537 3741 717 3796 eodem
747 3742 992 3808 concilio,
1026 3745 1200 3812 capite
1227 3743 1336 3812 98.)
1383 3743 1439 3798 Si
1469 3749 1716 3814 quatuor
1745 3748 1844 3797 aut
1865 3744 2023 3814 quin-

330 3846 442 3900 que
473 3829 735 3883 homines
767 3847 862 3884 seu
910 3830 1085 3884 etiam
1132 3831 1348 3899 plures,
1399 3836 1600 3884 contra
1629 3847 1810 3885 unum
1845 3832 2028 3885 homi-

329 3934 464 3973 nem
520 3919 684 3972 rixati
715 3919 950 3988 fuerint,
1007 3924 1064 3973 et
1115 3920 1184 3973 ab
1233 3920 1322 3973 his
1368 3921 1702 3974 vulneratus
1769 3925 2028 3974 mortuus

330 4007 522 4074 fuerit,
556 4009 883 4079 quicunque
915 4024 1116 4062 eorum
1148 4009 1200 4061 ei
1232 4009 1460 4079 plagam
1491 4008 1790 4078 imposuit,
1825 4025 2027 4063 secun-

333 4097 471 4151 dum
503 4100 716 4151 statuta
747 4113 1036 4150 canonum
1064 4101 1126 4150 ut
1157 4097 1447 4151 homicida
1461 4098 1776 4167 judicetur,
1821 4097 2029 4168 reliqui

333 4193 528 4240 autem
568 4186 666 4255 qui
694 4202 826 4239 eum
865 4185 1283 4256 impugnabant
1329 4186 1585 4240 volentes
1635 4202 1766 4239 eum
1815 4186 2029 4240 interﬁ-

331 4291 481 4343 cere,
533 4273 794 4328 similiter
848 4275 1180 4344 poeniteant.
1230 4274 1338 4339 Qui
1381 4291 1486 4328 nec
1545 4291 1677 4328 eum
1721 4274 2032 4346 impugna-

333 4363 494 4429 bant,
527 4378 632 4415 nec
660 4363 1058 4428 vulnerabant,
1087 4379 1191 4417 nec
1211 4363 1472 4430 consilio,
1508 4379 1612 4417 nec
1651 4364 1866 4417 auxilio
1899 4380 2032 4418 coo-

334 4455 625 4522 peratores
683 4451 937 4518 fuerunt,
1009 4452 1107 4506 sed
1155 4458 1380 4506 tantum
1457 4453 1787 4519 adfuerunt,
1873 4458 2034 4507 extra

337 4555 550 4594 noxam
583 4538 716 4593 sint.

515 4628 641 4681 Car.
685 4627 868 4681 XLIII.
896 4655 966 4667 —
999 4628 1080 4681 De
1100 4628 1348 4682 vindicta
1369 4643 1476 4682 non
1491 4628 1852 4697 prohibenda.

409 4716 520 4786 (Em
573 4714 737 4770 dictis
784 4717 1037 4785 Apostoli
1089 4719 1345 4785 Hierony.
1388 4717 1623 4785 August.
1705 4717 1888 4786 Greg.)
1957 4717 2035 4770 De

335 4805 588 4860 vindicta
618 4819 732 4857 non
759 4803 1118 4872 prohibenda
1160 4805 1218 4858 in
1269 4806 1425 4858 Novo
1475 4807 1858 4870 Testamento,
1914 4805 2038 4857 Hie-

335 4909 612 4965 ronymus
641 4892 712 4946 de
743 4893 1000 4961 personis
1053 4892 1242 4963 dignis
1287 4894 1357 4948 ad
1401 4893 1712 4947 vindictam
1763 4893 1887 4946 ait:
1929 4893 2037 4956 Qui

335 4982 584 5053 percutit
611 4981 788 5033 malos
817 4980 877 5033 in
911 4995 978 5034 eo
1030 4981 1183 5049 quod
1230 4981 1368 5035 mali
1422 4988 1575 5048 sunt,
1610 4986 1666 5034 et
1701 4980 1873 5034 habet
1902 4997 2036 5034 cau-

337 5086 458 5123 sam
514 5068 924 5123 interfectionis
974 5074 1039 5122 ut
1080 5070 1362 5139 percutiat
1415 5071 1717 5140 pessimos,
1776 5069 2038 5125 minister

340 5159 441 5212 Dei
463 5164 568 5212 est.
607 5160 772 5225 Item,
803 5157 892 5210 lex
928 5162 986 5212 et
1029 5157 1274 5211 ministri
1329 5159 1453 5228 ejus
1503 5163 1802 5212 coerceant
1841 5159 2036 5212 inimi-

339 5260 433 5299 cos
484 5252 542 5300 et
601 5246 1015 5316 constringant.
1065 5247 1370 5317 Apostolus
1400 5247 1639 5317 inquit:
1693 5246 1834 5317 Regi
1873 5248 2037 5318 quasi

340 5334 705 5405 precedenti,
763 5340 821 5389 et
865 5335 1106 5389 ducibus
1158 5341 1434 5406 tanquam
1484 5336 1554 5389 ab
1605 5351 1672 5388 eo
1723 5336 1909 5390 missis
1964 5336 2038 5390 ad

337 5421 648 5477 vindictam
721 5424 1178 5494 malefactorum,
1257 5424 1487 5478 laudem
1542 5440 1676 5478 vero
1729 5424 2033 5479 bonorum.

339 5513 482 5567 Item
517 5511 936 5584 Hieronymus:
998 5503 1318 5569 Homicidas
1349 5517 1406 5569 et
1463 5512 1768 5584 sacrilegos
1805 5513 2034 5584 punire,

2133 1781 2482 1842 straverunt,
2517 1783 2574 1830 et
2624 1781 2724 1830 aut
2769 1779 3056 1829 tormenta
3106 1775 3220 1828 sola
3273 1780 3669 1838 exercuerunt,
3719 1777 3794 1825 aut

2134 1866 2309 1920 etiam
2334 1866 2639 1937 capitalem
2669 1866 3032 1936 protulerunt
3060 1864 3428 1917 sententiam.
3465 1864 3541 1916 De
3581 1862 3662 1916 his
3681 1860 3794 1914 nihil

2133 1954 2380 2024 legimus
2437 1970 2470 2007 a
2508 1953 2820 2024 majoribus
2869 1952 3190 2016 deﬁnitum,
3237 1951 3628 2005 meminerant
3671 1950 3793 2002 enim

2134 2059 2168 2095 a
2200 2045 2318 2097 Deo
2375 2047 2682 2112 potestates
2738 2041 2839 2095 has
2888 2040 3062 2095 fuisse
3121 2057 3441 2103 concessas,
3495 2043 3551 2092 et
3599 2042 3795 2108 propter

2133 2131 2449 2186 vindictam
2499 2129 2797 2185 noxiorum
2849 2130 3104 2200 gladium
3157 2129 3332 2183 fuisse
3382 2128 3728 2198 permissum,
3753 2132 3794 2178 et

2137 2220 2236 2274 Dei
2270 2221 2600 2274 ministrum
2641 2236 2761 2274 esse
2792 2219 2988 2272 datum
3046 2217 3106 2271 in
3137 2217 3478 2287 hujusmodi
3526 2215 3789 2268 vindicem.

2136 2309 2438 2372 Quomodo
2492 2308 2672 2379 igitur
2721 2307 3211 2377 reprehenderent
3259 2306 3501 2368 factum,
3555 2305 3696 2374 quod
3743 2302 3796 2354 ab

2135 2402 2367 2451 auctore
2419 2399 2532 2450 Deo
2572 2397 2835 2451 viderent
2863 2412 2983 2450 esse
3027 2394 3407 2449 concessum?
3439 2395 3519 2447 De
3574 2392 3657 2445 his
3690 2406 3798 2460 ergo

2135 2485 2215 2539 ita
2244 2492 2306 2540 ut
2350 2486 2622 2560 hactenus
2665 2490 2951 2540 servatum
3001 2489 3088 2537 est
3137 2485 3215 2538 sic
3259 2484 3574 2548 habemus,
3620 2497 3684 2534 ne
3724 2483 3802 2532 aut

2135 2574 2502 2644 disciplinam
2535 2581 2810 2638 evertere,
2843 2579 2942 2628 aut
2970 2577 3168 2626 contra
3195 2572 3600 2626 auctoritatem
3643 2568 3802 2623 Domi-

2136 2663 2199 2717 ni
2229 2663 2423 2717 venire
2446 2663 2762 2717 videamur.
2796 2661 2937 2733 Ipsis
2967 2665 3162 2715 autem
3183 2663 3246 2714 in
3263 2660 3492 2714 ratione
3524 2655 3804 2720 reddenda,

2137 2757 2298 2822 gesta
2328 2768 2425 2806 sua
2454 2753 2648 2805 omnia
2669 2750 3064 2805 servabuntur.

2137 2840 2267 2894 Car.
2309 2841 2460 2894 XLV.
2514 2870 2583 2878 —
2621 2843 2701 2895 De
2742 2840 2850 2892 illis
2901 2839 2997 2907 qui
3052 2839 3110 2890 in
3155 2838 3527 2904 confractione
3573 2833 3806 2888 idolorum

2777 2911 2938 2963 occisi
2961 2911 3191 2974 fuerint.

2211 2981 2330 3051 (Ea.-
2361 2982 2583 3035 concilio
2636 2973 2968 3045 Elibertan.,
3013 2982 3190 3047 capite
3233 2979 3347 3047 70.)
3398 2977 3460 3032 Si
3513 2975 3639 3046 quis
3680 2973 3809 3026 idola

2136 3069 2393 3140 fregerit,
2437 3075 2490 3124 et
2521 3069 2732 3123 ibidem
2761 3068 2982 3122 occisus
3011 3067 3202 3133 fuerit,
3239 3066 3376 3136 quia
3405 3066 3470 3119 in
3521 3062 3808 3133 Evangeliis

2138 3158 2415 3228 scriptum
2479 3173 2595 3210 non
2641 3162 2746 3221 est,
2793 3161 3009 3225 neque
3061 3154 3354 3208 invenitur
3405 3153 3512 3207 sub
3565 3149 3808 3222 apostolis

2137 3262 2397 3316 unquam
2422 3245 2656 3313 factum,
2688 3244 2906 3316 placuit
2952 3243 3012 3296 in
3055 3258 3366 3297 numerum
3418 3258 3554 3296 eum
3586 3256 3696 3293 non
3741 3253 3811 3291 re-

2137 3335 2251 3404 cipi
2281 3339 2618 3404 martyrum.

2138 3423 2268 3477 CAP.
2341 3424 2517 3478 XLVI.
2587 3452 2656 3462 —-
2725 3425 2790 3476 De
2854 3437 2911 3475 co
2977 3423 3075 3490 qui
3117 3424 3346 3474 matrem
3393 3434 3552 3474 suam
3590 3417 3813 3472 occiderit

2600 3495 2835 3562 qualiter
2863 3496 3121 3561 paenitere
3160 3491 3368 3562 debeat.

2211 3563 2319 3634 (Ea:
2367 3558 2881 3634 epistolaﬁNicolai'
2910 3579 3068 3632 papae
3125 3561 3200 3614 ad
3243 3561 3559 3616 Radoldum
3612 3558 3671 3611 S.
3723 3559 3811 3609 Ar-

2137 3660 2336 3721 genteae
2395 3655 2632 3708 Retensis
2679 3653 2939 3706 Ecclesia
2994 3649 3343 3720 episcopum.)
3401 3648 3666 3702 Nicolaus
3719 3645 3813 3715 epi-

2139 3759 2345 3812 scopus
2411 3757 2604 3794 servus
2684 3755 2978 3793 servorum
3059 3739 3182 3806 Dei,
3240 3737 3718 3791 reverendissimo
3765 3737 3810 3785 et

2139 3829 2498 3884 sanctissimo
2565 3828 2823 3882 Radoldo
2905 3828 3171 3898 episcopo
3247 3830 3458 3878 sanctae
3540 3827 3812 3894 Argenteze

2140 3919 2400 3973 Retensis
2447 3917 2728 3972 Ecclesiae.
2781 3918 2926 3970 Dum
2977 3915 3258 3970 universis
3313 3914 3522 3968 mundi
3580 3912 3812 3983 partibus

2139 4007 2493 4060 credentium
2528 4007 2763 4076 agmina
2794 4005 3073 4076 principis
3111 4003 3511 4074 apostolorum
3544 4000 3813 4055 liminibus

2139 4100 2473 4166 properant,
2552 4094 2787 4165 quidam
2860 4093 2947 4146 vir
2995 4092 3228 4146 nomine
3301 4091 3609 4144 Thiothart
3681 4087 3814 4141 venit

2144 4188 2344 4237 vestra:
2385 4182 2758 4236 beatitudinis
2811 4181 3114 4252 epistolam
3165 4195 3385 4250 gerens.
3436 4195 3615 4250 quam
3646 4181 3810 4230 nostro

2145 4271 2391 4326 contulit
2452 4263 2807 4342 praesulatui,
2889 4271 3050 4339 cujus
3107 4268 3378 4338 paginam
3455 4268 3812 4338 perlegentes,

2141 4360 2502 4414 matricidam
2535 4360 2699 4414 illum
2740 4373 2860 4412 esse
2891 4358 3281 4428 cognovimus,
3311 4372 3428 4427 quo
3460 4357 3611 4410 facto
3646 4351 3814 4408 multis

2141 4449 2373 4504 ﬂetibus
2412 4448 2792 4519 lacrymisque
2838 4446 3113 4518 profusis,
3161 4445 3324 4499 valde
3377 4444 3690 4499 doluimus.
3740 4439 3814 4494 ld-

2141 4538 2290 4592 circo
2321 4537 2687 4609 praecipimus
2713 4541 2772 4590 et
2799 4540 3028 4606 patrum
3081 4535 3366 4588 almorum
3423 4532 3674 4587 censuris
3712 4534 3813 4583 sta-

2141 4627 2378 4693 tuimus,
2410 4630 2474 4680 ut
2501 4626 2606 4679 sub
2651 4623 3006 4695 poenitentiae
3042 4623 3185 4694 jugo
3242 4626 3601 4692 permaneat,
3656 4619 3727 4672 ita
3763 4617 3814 4669 ut

2142 4732 2324 4770 unum
2358 4731 2462 4785 per
2514 4729 2731 4768 annum
2777 4713 3082 4767 Ecclesiam
3130 4727 3247 4765 nou
3302 4710 3678 4781 ingrediatur,
3730 4702 3813 4758 sed

2143 4809 2274 4858 ante
2304 4805 2455 4857 fores
2483 4803 2731 4856 basilicae
2772 4818 2943 4855 orans
2993 4817 3055 4854 ac
3109 4801 3420 4871 deprecans
3469 4800 3646 4852 Deum
3697 4809 3810 4864 per-

2143 4898 2378 4959 severet,
2414 4892 2660 4963 qualiter
2689 4895 2847 4944 tanto
2898 4890 3179 4959 eripiatur
3237 4889 3482 4958 piaculo.
3543 4883 3812 4954 Completo

2143 4997 2276 5035 vero
2302 4982 2439 5035 anni
2474 4979 2687 5034 circulo
2731 4977 3058 5032 introeundi
3089 4978 3150 5030 in
3204 4975 3508 5030 Ecclesiam
3547 4969 3817 5027 licentiam

2143 5069 2374 5136 habeat,
2431 5074 2625 5123 tamen
2682 5067 2836 5123 inter
2885 5066 3184 5120 audientes
3263 5068 3389 5125 stet,
3447 5068 3504 5116 et
3580 5057 3814 5114 nondum

2143 5159 2547 5212 communicet.
2643 5155 2953 5225 Completis
3038 5161 3232 5207 autem
3305 5152 3478 5205 trium
3555 5159 3815 5202 annorum

2145 5247 2392 5313 circulis,
2423 5262 2594 5300 sacrae
2638 5243 3063 5300 communionis
3117 5243 3202 5296 illi
3249 5240 3431 5312 gratia
3468 5235 3812 5292 concedatur.

2145 5337 2469 5392 Oblationes
2504 5352 2636 5390 vero
2682 5352 2800 5389 non
2833 5334 3051 5399 offerat,
3092 5332 3204 5386 nisi
3232 5335 3533 5402 postquam
3587 5325 3814 5380 aliorum

2145 5429 2365 5495 septem
2398 5440 2680 5478 annorum
2720 5422 3005 5477 curricula
3033 5419 3385 5490 expleantur.
3420 5417 3486 5469 In
3521 5413 3608 5468 his
3639 5415 3811 5465 autem

2146 5515 2416 5569 omnibus
2446 5513 2613 5569 annis
2643 5517 2815 5584 atque
2845 5508 3208 5582 temporibus
3246 5519 3475 5562 carnem
3500 5517 3619 5558 non
3665 5510 3810 5554 man-
