3972 6192
105 294 186 343 ῖ77
1031 288 1511 350 DECRETORUM
1555 292 1742 348 LIBRI
1782 296 1889 350 XX.
1931 325 2001 334 —-
2042 296 2255 351 LIBER
2294 295 2658 351 SEPTIMUS.

100 414 259 478 ducet,
318 428 422 467 nec
461 413 663 467 vinum
721 411 919 467 bibere
969 421 1300 483 praesumat,
1336 415 1584 485 exceptis
1617 415 1774 470 festis
1811 418 1857 470 A
1888 416 2087 470 bemus
2144 416 2442 483 occidere,
2505 433 2637 471 cum
2708 417 2985 472 Dominus
3062 418 3210 473 dicat

101 502 274 555 diebus
322 507 494 572 atque
541 500 871 567 Dominicis,
906 506 1023 556 eta
1072 504 1285 556 Pascna
1336 520 1515 575 usque
1564 505 1771 558 Pente-

101 596 276 655 costes,
329 594 387 643 et
447 606 791 661 quocunque
848 590 931 643 ire
984 592 1246 656 voluerit,
1302 593 1461 645 nullo
1509 594 1771 647 vehiculo

104 678 413 743 deducatur,
474 678 572 731 sed
628 678 869 747 pedibus
938 678 1353 748 proﬁciscatur,
1425 697 1585 734 arma
1656 698 1771 735 non

101 772 263 820 sumat
291 766 398 820 nisi
449 771 647 820 contra
680 782 956 836 paganos.
1001 768 1230 837 Jejunet
1265 774 1454 821 autem
1491 774 1602 822 tres
1649 769 1771 823 dies

102 871 185 925 per
228 854 646 908 hebdomadam
708 870 891 924 usque
948 855 1019 908 ad
1069 872 1393 925 vesperum.
1438 859 1484 911 Α
1538 858 1772 928 prOpria

102 943 310 1014 quidem
348 958 413 995 ac
457 942 718 1012 legitima
749 959 852 996 sua
900 944 1147 1014 conjuge
1191 960 1308 997 non
1350 949 1666 1014 separetur,
1700 961 1771 999 ne

99 1031 464 1085 fornicationis
519 1030 791 1099 voragine
840 1038 1088 1096 corruat,
1141 1032 1296 1102 quod
1344 1048 1416 1087 ne
1460 1033 1560 1087 fiat
1606 1040 1770 1103 opta-

100 1137 225 1173 mus.
277 1120 331 1174 Si
389 1125 580 1173 autem
635 1126 765 1173 ante
818 1120 993 1173 trium
1042 1137 1327 1174 annorum
1377 1138 1606 1175 cursum
1640 1122 1771 1175 tinis

99 1210 208 1262 vita:
252 1210 407 1263 illius
457 1209 1030 1279 appropinquaverit,
1074 1210 1329 1280 corporis
1373 1216 1428 1264 et
1474 1212 1771 1281 sanguinis

103 1298 301 1351 Domini
346 1298 527 1351 nostri
585 1299 718 1352 Jesu
770 1298 978 1352 Christi
1030 1298 1318 1369 particeps
1357 1299 1498 1353 ﬁat:
1534 1301 1621 1354 sin
1669 1317 1771 1354 au-

100 1392 214 1451 tem,
263 1391 327 1439 ut
378 1402 550 1456 supra
599 1386 901 1439 statuimus
950 1386 1254 1452 efficiatur,
1301 1392 1494 1441 tamen
1534 1388 1582 1441 si
1615 1387 1772 1442 illius

98 1475 561 1529 conversationem
607 1479 663 1529 et
712 1476 1091 1545 lacrymarum
1144 1476 1363 1530 fontem
1406 1477 1467 1529 in
1504 1477 1772 1530 omnibus

98 1563 326 1616 videritis
377 1563 596 1617 ﬂoridis
627 1564 949 1618 actionibus
981 1571 1038 1618 et
1067 1565 1302 1635 optimis
1334 1565 1601 1635 operibus
1644 1566 1771 1635 pul-

98 1652 276 1718 lulare,
321 1653 634 1707 humanius
682 1653 831 1707 circa
877 1670 1006 1707 eum
1054 1659 1236 1707 vestra
1287 1654 1607 1707 sollicitudo
1639 1669 1770 1722 per-

96 1741 211 1810 vigil
277 1747 582 1811 appareat,
651 1741 922 1812 mitisque
988 1742 1259 1795 omnibus
1324 1742 1769 1797 demonstretur.

99 1830 354 1899 Optamus
384 1846 484 1883 vos
516 1830 574 1883 in
606 1830 827 1884 Christo
856 1830 1001 1883 bene
1032 1830 1237 1883 valere.

105 1952 215 2005 CAP.
240 1952 442 2007 XLVII.
478 1982 546 1990 —
574 1952 636 2006 Si
663 1955 785 2019 quis
811 1953 1033 2005 clericus
1061 1952 1410 2006 homicidium
1442 1954 1654 2019 fecerit,
1706 1954 1774 2007 ab

583 2023 771 2076 ordine
803 2038 1008 2077 cessare
1037 2023 1265 2077 debebit.

156 2146 268 2212 (Ea:
305 2147 529 2200 concilio
582 2146 949 2213 Triburiensi,
996 2148 1085 2200 cui
1124 2148 1381 2211 interfuit
1426 2162 1525 2199 rem
1572 2146 1777 2200 Arnol—

92 2236 242 2303 phus,
289 2238 466 2303 capite
512 2237 620 2299 tt.)
669 2234 725 2287 Si
779 2235 905 2304 quis
948 2234 1206 2299 clericus,
1241 2238 1500 2305 quamvis
1530 2235 1777 2288 nimium

95 2328 323 2389 coactus,
372 2322 751 2376 homicidium
787 2322 1003 2381 fecerit.
1048 2323 1164 2376 sive
1196 2323 1269 2375 sit
1310 2323 1627 2393 presbyter,
1662 2324 1776 2377 sive

95 2411 368 2475 diaconus,
403 2410 744 2479 deponatur.
791 2410 1054 2479 Legimus
1100 2410 1159 2463 in
1191 2411 1506 2464 canonibus
1545 2416 1777 2480 aposto-

94 2501 282 2559 lorum,
317 2499 471 2569 quod
522 2498 843 2568 episcopus,
881 2498 1180 2569 presbyter
1214 2503 1314 2552 aut
1354 2499 1648 2562 diaconus,
1680 2499 1781 2570 qui

92 2590 140 2640 in
170 2586 561 2652 fornicatione,
613 2592 712 2639 aut
759 2587 1035 2655 perjurio,
1096 2592 1193 2640 aut
1238 2587 1389 2640 furto
1422 2594 1620 2657 captus
1670 2592 1775 2651 est,

92 2676 402 2745 deponatur
436 2691 448 2727 :
483 2681 693 2744 quanto
726 2676 907 2745 magis
937 2674 983 2727 is
1026 2674 1124 2744 qui
1158 2675 1265 2728 hoc
1307 2675 1561 2728 immane
1595 2676 1778 2729 scelus

92 2764 291 2827 fecerit,
325 2763 396 2815 ab
416 2762 614 2815 ordine
636 2778 854 2815 cessare
886 2762 1157 2816 debebit?
1176 2763 1284 2826 Qui
1315 2764 1467 2816 enim
1492 2764 1778 2818 Christum

92 2852 241 2922 sequi
291 2851 595 2918 desiderat,
634 2851 803 2904 debet
844 2851 989 2904 sicut
1036 2851 1155 2921 ipse
1205 2852 1520 2905 ambulavit
1564 2859 1619 2904 et
1653 2852 1777 2921 ipse

3478 303 3582 354 778

3266 436 3278 474 :
3334 418 3583 473 Audistis

1885 507 2021 575 quia
2074 506 2288 559 dictum
2342 511 2426 559 est
2479 506 2729 575 antiquis
2788 508 2965 561 :Non
3022 508 3281 574 occides;
3328 507 3427 578 qui
3480 525 3583 561 au-

1884 600 1999 647 tem
2058 594 2348 660 occiderit,
2405 612 2534 649 reus
2585 595 2695 649 erit
2737 596 2955 665 judicio
2998 614 3010 650 :
3081 613 3188 667 ego
3238 602 3431 650 autem
3489 597 3582 649 di-

1883 699 1947 735 co
1997 682 2194 750 vobis,
2255 683 2389 753 quia
2460 683 2647 736 omnis
2711 683 2811 753 qui
2876 683 3141 738 irascitur
3200 684 3363 738 fratri
3437 701 3579 749 suo,

1884 786 2018 823 reus
2073 770 2181 824 erit
2234 770 2491 840 judicio;
2554 787 2659 824 nec
2716 772 2934 825 malum
3008 788 3111 842 pro
3175 773 3326 825 malo
3379 773 3579 826 redde-

1883 874 1963 922 re,
2000 858 2098 912 sed
2148 859 2294 911 sicut
2324 860 2631 927 Apostolus
2663 860 2939 912 Romanis
2988 860 3263 924 scribens,
3299 860 3376 913 ait
3407 876 3419 913 :
3459 860 3584 913 Noli

1882 945 2033 999 vinci
2065 962 2098 999 a
2128 946 2301 1011 malo,
2332 946 2429 1000 sed
2463 947 2624 1000 vince
2656 947 2715 999 in
2758 947 2911 1001 bono
2946 948 3184 1003 malum.
3213 949 3269 1003 Si
3314 949 3441 1018 quis
3471 951 3582 1003 cle-

1885 1034 2134 1088 ricorum
2162 1051 2411 1105 praesens
2460 1036 2571 1089 erit
2601 1036 2700 1089 ubi
2743 1035 3113 1090 homicidium
3146 1037 3356 1090 factum
3389 1037 3579 1103 fuerit,

1883 1127 1937 1176 et
1982 1140 2169 1195 neque
2220 1141 2523 1190 consensu,
2573 1141 2761 1195 neque
2807 1126 3091 1191 consultu,
3138 1142 3243 1179 nec
3288 1127 3345 1179 in
3389 1126 3580 1196 aliquo

1882 1210 2178 1265 homicidii
2198 1216 2355 1264 reatu
2379 1213 2631 1279 pollutus
2656 1227 2776 1265 esse
2799 1212 3172 1278 convincitur,
3196 1213 3336 1265 nihil
3359 1212 3412 1266 ei
3434 1213 3581 1267 obsit

1884 1299 2024 1368 quin
2077 1304 2437 1353 consecratus
2474 1300 2533 1352 in
2584 1299 2763 1369 gradu
2814 1306 3167 1370 permaneat.
3206 1302 3331 1353 Non
3379 1316 3580 1353 conse-

1884 1392 2093 1451 cratus,
2129 1387 2176 1440 si
2202 1388 2341 1441 alias
2371 1387 2579 1457 dignus
2609 1388 2700 1453 sit,
2728 1394 3028 1457 promotus
3058 1388 3301 1443 accedat.

1884 1527 2012 1581 CAP.
2046 1527 2278 1582 XLVIII.
2300 1558 2367 1567 —
2388 1530 2459 1581 De
2489 1544 2545 1580 eo
2574 1530 2651 1581 sie
2672 1530 2792 1595 quis
2824 1530 2881 1580 in
2913 1530 3111 1581 hostem
3133 1533 3317 1581 contra
3336 1543 3579 1596 paganos

2135 1598 2404 1651 dimicans
2433 1600 2660 1666 intrﬁcit
2686 1599 3037 1652 Christianos
3067 1602 3327 1667 captivos.

1958 1720 2065 1790 (Em
2122 1722 2301 1775 eodem
2358 1723 2578 1776 concilio
2640 1723 2728 1775 cui
2783 1723 3038 1786 interfuit
3093 1737 3191 1775 rem
3240 1721 3578 1788 Arnolphus,

1884 1825 2004 1877 cap.
2047 1809 2157 1880 34.)
2207 1810 2367 1879 Saepe
2422 1808 2486 1862 Iit
2525 1809 2762 1862 victoria
2809 1809 3290 1873 Christianorum,
3325 1809 3469 1862 victa
3498 1814 3583 1863 est

1884 1913 2017 1966 pars
2047 1913 2427 1966 paganorum.
2475 1897 2660 1960 Quare
2688 1914 2803 1950 una
2833 1913 2963 1950 cum
3006 1897 3319 1950 interfectis
3346 1898 3583 1967 paganis

1885 1984 2171 2054 perempti
2220 1986 2433 2038 fuerint
2478 1985 2785 2040 Christiani
2832 1985 3041 2055 captivi
3072 2002 3105 2038 a
3134 1985 3411 2051 barbaris,
3447 1986 3584 2055 quia

1884 2074 1945 2125 in
1978 2072 2201 2142 impetu
2244 2073 2377 2127 belli
2422 2078 2719 2143 nequeunt
2761 2073 3059 2143 distingui,
3108 2073 3317 2126 idcirco
3360 2074 3582 2143 justum

1887 2161 2256 2215 decernentes
2305 2162 2627 2223 statuimus,
2670 2178 2802 2215 cum
2850 2162 3310 2215 interfectoribus
3357 2162 3583 2215 miseri-

1886 2250 2115 2303 cordius
2164 2250 2471 2320 agendum,
2510 2250 2589 2303 ita
2623 2254 2706 2315 ut,
2740 2249 2824 2303 XL
2854 2249 3055 2302 diebus
3099 2248 3450 2318 poenitentia;
3491 2249 3583 2301 in-

1888 2338 2220 2407 dulgentius
2253 2336 2571 2400 transactis,
2605 2353 2781 2406 penes
2810 2336 3141 2406 episcopum
3174 2336 3246 2388 sit
3278 2335 3583 2389 auctoritas

1888 2430 1943 2478 et
1990 2432 2242 2495 potestas
2301 2430 2367 2479 ut
2425 2423 2745 2494 perpendat
2798 2425 3046 2493 culpam,
3100 2428 3232 2494 agat
3282 2423 3583 2492 indulgen-

1887 2514 2049 2569 tiam.

1892 2658 2025 2710 CAP.
2068 2657 2235 2710 XLIX.
2262 2687 2330 2694 —
2356 2658 2427 2709 De
2461 2671 2516 2709 eo
2551 2657 2645 2723 qui
2690 2652 3070 2706 Christianum
3124 2655 3456 2722 mancipium
3503 2669 3581 2707 se-

2350 2727 2573 2779 duxerit
2602 2731 2651 2778 et
2689 2729 2767 2778 sic
2795 2724 3121 2778 vendiderit.
3390 2728 3391 2731 “

1966 2850 2071 2919 (Ea:
2118 2850 2338 2901 concilio
2378 2847 2529 2916 apud
2575 2848 2959 2914 Con/tuentium
3010 2849 3098 2899 cui
3144 2847 3396 2912 interfuit
3433 2846 3587 2899 Hen-

93 2940 393 2994 ambulare.
428 2939 534 3003 Qui
566 2955 696 2993 cum
728 2938 1180 3005 malediceretur,
1215 2956 1330 2993 non
1360 2940 1775 2994 maledicebat:
1821 2972 1861 3026 Ο
1892 2941 2065 3001 ricus,
2098 2942 2147 2989 et
2177 2937 2417 2999 Carolus,
2451 2950 2621 3003 reges,
2672 2938 2848 3004 capite
2873 2935 2954 3004 '7.)
2991 2935 3129 2987 Item
3170 2934 3586 3003 interrogatum

93 3046 214 3083 cum
260 3033 681 3099 percuteretur,
714 3044 827 3081 non
880 3029 1300 3097 repercutiebat
1328 3046 1341 3082 :
1375 3044 1503 3082 cum
1547 3045 1648 3098 pro
1676 3045 1780 3082 no-

94 3119 175 3171 bis
220 3121 531 3187 pateretur,
571 3132 687 3170 non
731 3116 1209 3170 comminabatur.
1246 3118 1312 3170 Et
1341 3116 1462 3186 ipse
1513 3116 1571 3170 in
1606 3118 1784 3170 Evan-

94 3207 235 3276 gelio
283 3222 386 3259 suo
419 3206 693 3277 praecepit
732 3222 743 3258 :
775 3205 831 3259 Si
862 3205 990 3276 quis
1038 3210 1093 3259 te
1125 3206 1468 3276 percusserit
1505 3204 1564 3258 in
1612 3221 1784 3258 unam

92 3296 397 3361 maxillam,
450 3292 645 3364 praebe
703 3292 787 3346 illi
846 3298 904 3346 et
960 3293 1220 3347 alteram.
1292 3294 1414 3347 Non
1473 3293 1628 3345 enim
1695 3294 1785 3346 de-

1508 3414 1682 3453 FINIS

1895 3032 1979 3080 est
2011 3025 2147 3095 quid
2196 3025 2264 3077 de
2312 3040 2379 3076 eo
2410 3024 2731 3077 faciendum
2781 3023 2870 3087 sit,
2918 3022 3018 3092 qui
3073 3023 3455 3077 Christianum
3488 3023 3588 3075 ho-

1895 3115 2111 3169 minem
2161 3113 2450 3167 seduxerit
2493 3117 2549 3166 et
2595 3112 2673 3164 sic
2720 3110 3058 3165 vendiderit.
3115 3113 3587 3182 Responsumque

1895 3208 1978 3256 est
2021 3202 2093 3255 ab
2139 3201 2427 3268 omnibus,
2460 3200 2758 3254 homicidii
2792 3205 3011 3253 reatum
3057 3200 3245 3270 ipsum
3295 3201 3589 3253 hominem

1896 3291 2006 3345 sibi
2036 3289 2383 3343 contrahere.

1729 3414 1905 3453 LIBRI
1946 3412 2154 3452 SEXTI.

918 3617 1215 3689 INDEX
1274 3616 1962 3689 CAPITULORUM
2016 3615 2269 3687 LIBRI
2336 3614 2743 3685 SEPTIMI.

104 3772 225 3824 tiae.
263 3773 309 3823 t.
343 3770 504 3834 Quod
564 3769 809 3824 infames
856 3773 1132 3823 vocentur
1177 3769 1277 3839 qui
1323 3785 1387 3823 ex
1439 3770 1790 3839 consangui-

163 3860 282 3913 neis
310 3863 643 3913 nascuntur.

98 3951 144 4000 '2.
177 3948 336 4012 Quod
387 3948 532 4002 nulli
564 3948 731 4001 liceat
776 3947 847 4002 de
876 3947 1109 4018 propria
1154 3945 1496 4017 cognatione
1552 3962 1787 4000 uxorem

162 4038 386 4091 ducere.

100 4130 145 4177 3.
178 4126 253 4178 De
285 4124 642 4178 incestuosis.

106 4216 144 4265 ἱ.
182 4216 257 4267 De
287 4213 489 4267 eadem
525 4228 605 4266 re.

100 4306 145 4354 Si.
182 4304 255 4355 De
283 4301 484 4355 eadem
518 4315 600 4353 re.

98 4396 142 4445 ὓ.
182 4394 258 4446 Ne
301 4391 509 4461 aliquis
542 4390 798 4444 fidelium
842 4388 912 4443 ad
945 4388 1330 4459 propinquam
1377 4386 1673 4458 sanguinis
1703 4387 1793 4440 sui

162 4480 408 4534 accedat.

102 4573 154 4621 Τ.
189 4568 353 4632 Quod
401 4566 703 4638 aequaliter
750 4582 865 4620 non
909 4564 1348 4636 conjungendus
1380 4563 1451 4618 sit
1498 4564 1557 4618 in
1591 4564 1793 4618 matri-
1850 4574 1853 4577 '

164 4657 361 4710 monio
391 4657 478 4709 vir
508 4655 626 4707 suis
643 4654 1087 4724 consanguineis
1114 4659 1171 4707 et
1202 4653 1409 4707 uxoris.

105 4748 147 4797 3.
182 4745 349 4809 Quod
376 4760 490 4797 uno
522 4743 695 4797 modo
728 4743 1023 4813 parentela
1051 4742 1161 4796 viri
1193 4747 1248 4796 et
1274 4740 1535 4796 mulieris
1564 4741 1623 4795 in
1655 4756 1791 4795 con-

160 4833 464 4903 junctione
493 4831 906 4886 consideranda
934 4832 1025 4885 sit.

107 4926 152 4973 9.
186 4923 252 4976 In
282 4938 394 4992 quo
424 4920 688 4989 geniculo
720 4919 1130 4973 abstinendum
1162 4918 1253 4973 sit.

105 5014 182 5064 tO.
217 5012 283 5063 In
317 5025 430 5080 quo
475 5010 796 5063 ramusculo
828 5007 1343 5077 consanguinitatis
1375 5006 1633 5076 legitima
1662 5021 1797 5059 con-

167 5099 342 5151 nubia
369 5098 492 5151 fieri
524 5097 762 5168 possint.

108 5192 183 5241 tt.
216 5186 380 5250 Quod
430 5185 901 5257 consanguinitas
945 5200 1129 5256 usque
1180 5185 1250 5239 ad
1302 5182 1611 5256 septimum
1643 5180 1801 5252 geni-

167 5277 361 5328 culum
391 5274 714 5328 conservari
741 5273 967 5328 debeat.

107 5365 183 5415 t2.
221 5364 300 5416 De
330 5363 530 5417 eadem
556 5378 642 5417 re.

104 5454 183 5504 t3.
224 5455 302 5505 De
333 5451 533 5505 eadem
569 5466 646 5505 re.

106 5542 186 5594 tt.
224 5541 307 5595 De
333 5540 533 5596 eadem
568 5554 649 5593 re.

465 5644 742 5709 ΡΑτιιοῐ..
796 5643 974 5708 CXL.

1900 3771 1982 3822 15.
2020 3770 2097 3822 De
2124 3767 2321 3821 eadem
2353 3782 2431 3819 re.

1900 3860 1983 3911 16.
2013 3858 2091 3910 De
2123 3856 2321 3910 eadem
2351 3871 2432 3909 re.

1898 3950 1983 3999 t7.
2022 3946 2091 3999 Ut
2119 3945 2345 3999 duobus
2396 3944 2482 3997 vel
2517 3942 2699 3997 tribus
2733 3942 2972 3997 testibus
3004 3940 3334 3996 testimonia
3362 3941 3595 3996 dicenti-

1968 4034 2074 4087 bus
2104 4031 2517 4102 consanguinei
2547 4036 2906 4100 separentur.

1904 4126 1984 4177 l8.
2020 4123 2097 4175 De
2129 4122 2327 4175 eadem
2357 4137 2436 4175 re.

1903 4209 1986 4260 t9.
2045 4205 2191 4268 Quid
2243 4210 2469 4258 sanctus
2536 4202 2842 4274 Gregorius
2905 4202 3226 4272 Augustino
3274 4202 3593 4272 Anglorum

1968 4293 2339 4364 praedicatori
2397 4297 2632 4364 pr0pter
2691 4292 3051 4346 teneritatem
3102 4307 3261 4345 nova:
3308 4291 3439 4345 fidei
3470 4306 3595 4361 per-

1974 4381 2210 4435 miserit.
2780 4448 2787 4455 ο

1900 4474 1989 4527 20.
2046 4470 2208 4534 Quod
2266 4473 2494 4523 sanctus
2543 4469 2851 4539 Gregorius
2901 4468 3008 4521 hoc
3066 4468 3384 4537 Anglorum
3435 4468 3595 4538 genti

1972 4558 2297 4629 specialiter
2322 4573 2436 4611 non
2468 4556 2816 4626 generaliter
2841 4555 3184 4626 permiserit.

1901 4652 1988 4702 2t.
2018 4646 2182 4710 Quod
2229 4645 2507 4711 extranei,
2543 4645 2653 4699 nisi
2703 4661 2769 4698 ex
2800 4644 3141 4708 necessario,
3174 4643 3477 4698 discidium
3508 4643 3597 4697 in-

1974 4742 2061 4787 ter
2088 4735 2549 4805 consanguineos
2574 4734 2760 4787 facere
2789 4748 2907 4785 non
2940 4732 3205 4786 debeant.

1902 4826 1990 4877 22.
2030 4823 2104 4877 De
2136 4824 2335 4877 eadem
2364 4837 2443 4876 re.

1902 4915 1990 4966 23.
2030 4913 2103 4965 De
2136 4911 2334 4965 eadem
2364 4925 2448 4963 re.

1904 5002 1993 5054 2i.
2030 5002 2105 5054 De
2138 4999 2339 5053 eadem
2378 5014 2458 5052 re.

1905 5092 1993 5143 25.
2026 5090 2456 5143 Sacramentum
2504 5085 2573 5140 de
2604 5084 2919 5156 parentela,
2964 5083 3252 5154 quomodo
3300 5082 3597 5154 inquiren-

1979 5178 2118 5232 dum
2146 5178 2237 5231 sit.

1907 5270 1995 5322 26.
2028 5267 2423 5320 Juramentum
2463 5261 2715 5316 testium.

1909 5355 1995 5406 27.
2030 5352 2460 5406 Sacramentum
2490 5348 2559 5402 de
2585 5348 2904 5402 incestuoso
2932 5344 3186 5400 discidio.

1908 5443 1996 5495 28.
2041 5442 2170 5494 llam
2213 5438 2460 5508 capitula
2492 5437 2561 5491 de
2606 5440 2828 5506 septem
2876 5434 3150 5505 gradibus
3196 5436 3603 5506 consanguini-

1981 5527 2112 5582 tatis
2157 5531 2383 5580 sanctus
2414 5525 2665 5581 Isidorus
2696 5522 2961 5593 diligenti
2990 5522 3362 5594 inquisitione
3394 5523 3601 5578 descri-

3213 5634 3293 5690 25
