4028 6190
144 275 255 325 781

1141 269 1627 333 DECRETORUM
1670 277 1857 336 LIBRI
1892 281 2001 336 XX.
2033 310 2105 320 --
2136 283 2347 339 LIBER
2386 283 2746 341 SEPTIMUS.

3602 300 3710 351 782

144 395 567 468 propinquam
639 393 938 464 sanguinis
1017 395 1124 461 sui,
1218 410 1528 470 usquequo
1606 400 1970 459 afﬁnitatisA
2002 405 2270 460 accedere
2309 405 2680 477 denegamus.
2727 407 2887 473 Quod
2946 411 2992 465 si
3048 408 3306 482 fecerint,
3347 423 3705 488 separentur.

142 486 514 540 liniamenta
539 483 899 538 successione
948 483 1171 554 generis
1222 490 1546 557 cognoscit,
1576 489 1634 544 in
1682 493 1887 546 matri-

145 575 362 629 monio
385 575 499 629 sibi
526 573 817 628 desideret
836 573 1110 641 copulari,
1142 575 1431 644 quoniam
1456 578 1730 649 scriptum
1761 586 1882 635 est:

144 665 365 720 Omnis
396 664 577 717 homo
612 662 680 715 ad
715 661 1034 732 proximam
1063 660 1367 731 sanguinis
1389 666 1477 719 sui
1505 683 1617 720 non
1637 669 1884 734 accedat,

146 760 215 806 nt
246 754 473 807 revelet
503 750 929 822 turpitudinem
948 750 1103 816 ejus.
1140 752 1202 803 Et
1230 749 1447 807 iterum
1476 770 1489 808 :
1522 756 1729 810 Anima
1756 774 1888 827 qum

145 841 366 896 fecerit
423 840 727 912 quidpiam
780 855 849 892 ex
910 838 1054 903 istis,
1087 838 1301 908 peribit
1348 842 1418 895 de
1456 844 1641 899 medio
1688 845 1892 916 populi

147 931 265 984 sui.
323 929 477 984 Sane
530 929 745 1000 quibus
833 926 1161 995 conjunctio
1226 928 1427 985 illicita
1502 933 1887 1003 interdicitur,

148 1018 470 1073 habebunt
500 1016 741 1070 ineundi
774 1014 1035 1069 melioris
1075 1015 1333 1087 conjugii
1364 1020 1707 1076 libertatem.

150 1125 292 1179 CAP.
330 1124 450 1176 VII.
476 1122 716 1192 —()uod
742 1123 1033 1191 aequaliter
1050 1138 1159 1175 non
1172 1127 1571 1194 conjungendus
1595 1132 1670 1185 sit
1690 1134 1748 1185 in
1773 1147 1891 1185 ma-

370 1196 627 1247 trimonio
655 1196 747 1246 vir
773 1196 889 1246 suis
921 1196 1360 1263 consanguineis,
1394 1203 1446 1252 et
1483 1204 1692 1256 umoris.

232 1302 349 1371 (Ea.
382 1300 611 1353 decretis
650 1300 792 1352 Julii
843 1299 1045 1369 papa.)
1100 1299 1423 1371 IEqualiter
1460 1305 1547 1359 vir
1583 1323 1700 1361 non
1749 1323 1890 1361 con-

146 1394 450 1461 jungatur
478 1388 538 1442 in
579 1388 960 1442 matrimonio
1014 1392 1464 1461 consanguineis
1505 1396 1641 1458 suis,
1670 1402 1728 1452 et
1756 1414 1892 1452 con-

155 1477 504 1549 sanguineis
537 1476 737 1529 uxoris
772 1492 906 1529 suae.

235 1585 369 1639 CAP.
403 1583 465 1636 VI
475 1583 537 1636 ΙΙ.
558 1582 797 1647 —Quod
816 1597 919 1635 uno
951 1583 1106 1637 modo
1122 1589 1413 1654 parentela
1441 1592 1554 1643 viri
1579 1596 1628 1645 et
1650 1593 1895 1647 mulieris

520 1655 580 1706 in
609 1654 983 1719 conjunctione
1011 1657 1414 1713 consideranda
1443 1662 1529 1713 sit.

237 1760 354 1830 (Ea:
381 1759 608 1813 concilio
640 1759 948 1823 Matiscen.,
987 1762 1163 1827 capite
1216 1758 1296 1834 3.)
1350 1764 1500 1819 Sane
1549 1768 1891 1836 consangui-

162 1849 316 1903 nitas
346 1863 475 1919 quae
507 1846 570 1900 in
602 1845 843 1917 proprio
874 1845 993 1898 viro
1030 1847 1391 1907 observanda
1427 1856 1531 1919 est,
1562 1853 1686 1908 haec
1717 1855 1888 1909 nimi-

155 1953 291 1993 rum
323 1936 379 1991 in
401 1936 601 1991 uxoris
652 1935 943 2006 parentela
990 1935 1057 1989 de
1114 1937 1243 2011 lege
1294 1940 1640 2011 nuptiarum
1693 1948 1890 1998 custo-

160 2026 366 2082 dienda
413 2031 543 2079 est:
600 2024 743 2095 quia
789 2027 1006 2077 constat
1052 2041 1151 2081 eos
1211 2030 1359 2084 duos
1415 2029 1590 2084 fuisse
1625 2031 1689 2085 in
1722 2049 1891 2089 carne

159 2131 299 2185 una,
325 2113 657 2169 communis
682 2111 797 2166 illis
826 2117 1066 2183 utraque
1096 2120 1406 2185 parentela
1436 2134 1560 2172 esse
1596 2122 1893 2179 credenda

162 2210 272 2274 est,
302 2204 449 2259 sicut
473 2203 759 2273 scriptum
796 2206 879 2255 est
909 2218 922 2256 :
957 2202 1137 2259 Erunt
1169 2206 1284 2261 duo
1312 2206 1375 2260 in
1398 2223 1568 2261 carne
1604 2226 1748 2266 una.

323 2310 451 2366 CAP.
486 2309 575 2363 IX.
601 2338 674 2348 —
706 2308 769 2361 In
796 2321 899 2375 quo
926 2311 1169 2375 geniculo
1208 2313 1594 2368 abstinendum
1624 2304 1728 2371 ‘sit.

237 2419 339 2484 (Ea:
371 2418 533 2471 dictis
557 2418 744 2471 sancti
781 2414 1025 2483 Isidori.)
1073 2417 1331 2473 Isidorus
1381 2419 1443 2472 in
1504 2420 1893 2494 Etymologiis

161 2507 281 2560 suis
313 2523 491 2577 usque
524 2505 597 2559 ad
633 2502 940 2574 septimam
992 2508 1438 2574 generationem
1472 2512 1892 2581 consanguini-

160 2595 295 2660 tatis
322 2595 751 2660 abstinendum,
786 2598 845 2645 et
873 2591 951 2644 sic
990 2592 1260 2664 legitimo
1308 2596 1599 2650 connubio
1648 2600 1891 2670 conjun-

160 2686 413 2756 gendum
442 2683 712 2738 asseruit.
744 2680 885 2735 Inde
909 2696 1034 2735 reor
1058 2700 1196 2737 eum
1244 2684 1464 2751 fecisse,
1489 2686 1643 2755 quod
1684 2704 1892 2758 genea-

161 2774 335 2845 logiae
356 2774 565 2827 seriem
589 2775 884 2836 retexens,
909 2786 1221 2845 quousque
1250 2773 1512 2827 ordinem
1543 2779 1891 2833 numerandi

160 2864 474 2935 perducere
507 2865 727 2934 posset,
763 2875 829 2913 eo
878 2859 1279 2929 cognitionem
1321 2863 1622 2932 sanguinis
1656 2881 1889 2920 servan-

2457 513 2582 567 CAP.
2616 515 2726 569 XII.
2759 546 2827 556 —
2861 520 2933 571 De
2962 519 3145 573 eadem
3166 536 3241 575 re.

2070 597 2179 667 (Ea:
2217 600 2410 655 concil.
2468 601 2618 670 apud
2652 605 2946 660 Theodonis
3002 609 3190 663 villam
3219 610 3404 664 habito
3455 628 3571 681 cap.
3624 614 3705 684 8.)

1997 685 2196 739 Nullus
2229 688 2489 742 ﬁdelium
2544 706 2725 760 usque
2754 693 2823 746 ad
2884 695 3179 749 afﬁnitatis
3236 697 3469 766 lineam,
3524 700 3580 754 id
3622 708 3709 754 est

1996 788 2178 843 usque
2209 774 2271 828 in
2303 776 2605 846 septimam
2629 780 2988 847 progeniem,
3022 784 3505 853 consanguineam
3542 805 3706 842 suam

1999 860 2168 916 ducat
2198 880 2455 933 uxorem,
2487 866 2573 918 vel
2605 882 2729 920 eam
2770 885 2999 940 quoque
3042 872 3216 925 modo
3244 873 3442 927 incesti
3483 878 3710 932 macula

1997 950 2235 1020 polluat.
2273 953 2329 1007 Si
2362 953 2491 1023 quis
2519 970 2652 1008 vero
2702 956 2809 1009 hoc
2866 961 3079 1012 temere
3128 963 3575 1032 praesumpserit,
3645 971 3709 1019 ut

1998 1038 2281 1094 incestum
2333 1042 2472 1108 luat,
2528 1058 2592 1096 ac
2648 1044 2895 1114 publice,
2945 1047 3110 1116 juxta
3162 1051 3462 1105 canonicos
3491 1054 3706 1122 gradus

2001 1128 2303 1197 paeniteat.

2427 1201 2554 1255 CAP.
2615 1202 2753 1256 XIII.
2787 1232 2859 1242 —
2888 1207 2967 1259 De
2985 1206 3168 1260 eadem
3197 1224 3272 1262 re.

2074 1286 2192 1357 (Είε
2230 1290 2458 1344 concilio
2514 1291 2792 1357 Lugdun.,
2829 1308 2948 1361 cap.
3004 1295 3111 1364 10.)
3161 1296 3312 1349 Nulli
3364 1313 3427 1351 ex
3467 1299 3704 1370 propin-

2003 1376 2222 1446 quitate
2273 1377 2360 1430 sui
2419 1378 2717 1448 sanguinis
2744 1396 2924 1451 usque
2978 1383 3046 1435 ad
3088 1384 3397 1453 septimum
3457 1388 3707 1456 gradum

2006 1480 2216 1518 uxores
2260 1465 2487 1533 ducant,
2525 1483 2711 1538 neque
2763 1469 2886 1523 sine
2916 1469 3316 1526 benedictione
3376 1476 3703 1530 sacerdotis.

2005 1551 2113 1617 Qui
2144 1558 2277 1607 ante
2325 1554 2554 1625 innupti
2604 1561 2785 1621 erant,
2820 1575 2850 1611 a
2904 1559 3196 1614 sacerdote
3247 1561 3532 1617 benedicti
3593 1581 3702 1618 nu-

1926 1680 1968 1734 B
2007 1641 2140 1696 bere
2173 1642 2439 1696 audeant.

2441 1732 2568 1787 CAP.
2601 1734 2734 1787 XIV.
2768 1765 2836 1775 —
2870 1738 2943 1790 De
2963 1736 3145 1790 eadem
3174 1753 3249 1791 re.

2068 1817 2177 1888 (Ea:
2198 1822 2417 1874 concilio
2452 1824 2765 1891 Aureliam,
2800 1840 2918 1893 cap.
2958 1826 3057 1893 IO.)
3094 1826 3326 1880 Nullum
3354 1826 3412 1881 in
3459 1833 3705 1901 utroque

2003 1923 2137 1961 sexu
2170 1909 2560 1977 permittimus
2592 1927 2654 1964 ex
2687 1913 3121 1984 propinquitate
3148 1916 3235 1968 sui
3269 1918 3583 1988 sanguinis,
3614 1920 3703 1973 vel

2001 1995 2215 2062 uxoris,
2278 2014 2457 2068 usque
2505 1998 2565 2052 in
2624 2000 2853 2070 septimi
2902 2002 3128 2072 generis
3168 2004 3410 2073 gradum
3464 2023 3702 2063 uxorem

1998 2084 2222 2151 ducere,
2252 2087 2342 2140 vel
2368 2086 2572 2140 incesti
2604 2089 2829 2142 macula
2859 2092 3287 2145 commaculari.

2456 2192 2585 2247 CAP.
2610 2194 2719 2247 XV.
2751 2223 2815 2237 -—
2849 2198 2918 2249 De
2937 2196 3122 2250 eadem
3148 2213 3224 2251 re.

2072 2280 2188 2347 (Ea:
2218 2280 2402 2335 concil.
2436 2284 2763 2352 Agrippin.,
2788 2299 2907 2353 cap.
2952 2287 3025 2351 6.)
3063 2286 3126 2338 In
3167 2290 3386 2356 septem
3431 2288 3703 2357 gradibus

2000 2367 2193 2421 omnia
2258 2368 2758 2439 propiuquitatum
2818 2373 3055 2426 nomina
3111 2374 3495 2444 continentur,
3547 2378 3703 2432 ultra

2005 2473 2147 2527 quos
2175 2472 2279 2511 nec
2337 2456 2586 2511 afﬁnitas
2642 2458 2956 2530 invenitur,
3015 2478 3117 2516 nec
3173 2463 3448 2518 successio
3515 2470 3705 2535 potest

2001 2545 2247 2616 amplius
2279 2546 2619 2616 praerogari.

2435 2652 2563 2706 CAP.
2594 2653 2723 2707 XVI.
2756 2683 2830 2696 —
2860 2658 2931 2710 De
2967 2656 3151 2711 eadem
3187 2673 3264 2712 re.

2073 2757 2178 2823 (Em
2207 2758 2395 2812 concil.
2430 2758 2707 2828 Meldensi,
2742 2768 2858 2831 cap.
2888 2761 2966 2833 7.)
3001 2764 3078 2816 De
3129 2763 3404 2819 afﬁnitate
3448 2781 3702 2838 namque

2001 2846 2300 2917 sanguinis
2326 2862 2429 2917 per
2473 2848 2682 2918 gradus
2715 2851 3097 2921 cognationis,
3128 2854 3342 2923 placuit
3395 2870 3577 2926 usque
3631 2856 3703 2911 ad

168 2954 304 3007 dam
336 2951 662 3006 aestimavit.
712 2948 920 3019 Sicque
962 2948 1032 3002 ad
1081 2950 1508 3005 invocationem
1560 2955 1788 3023 generis
1836 2962 1892 3011 et
1928 2960 1968 3014 C
2001 2939 2305 3003 septlmam
2340 2940 2773 3004 generauonem
2830 2939 3176 2995 Observare:
3219 2958 3350 2995 nam
3406 2946 3462 2996 et
3510 2943 3703 2998 hare“

167 3041 439 3095 amicitiae
488 3040 586 3111 jus
632 3036 1121 3103 conﬁrmandum,
1179 3032 1369 3093 redire
1415 3039 1484 3093 ad
1529 3043 1884 3099 connubium

168 3130 430 3197 sancivit,
491 3127 733 3201 quando
808 3127 928 3198 jam
980 3126 1341 3199 cognationis
1394 3128 1533 3183 ordo
1590 3135 1886 3188 numerari

169 3219 403 3273 desinit.

172 3327 307 3381 CAP.
338 3326 398 3380 X.
449 3356 508 3366 —
548 3326 613 3379 In
635 3338 746 3393 qua
766 3323 1073 3395 ramuscula
1103 3327 1599 3393 consanguinitatis
1640 3326 1885 3395 legitima

687 3394 957 3448 connubia
984 3398 1104 3462 ﬁeri
1136 3398 1368 3464 possint.

250 3506 356 3567 (Ex
405 3503 565 3557 dictis
594 3499 884 3570 ejusdem.)
943 3500 1147 3554 Beatus
1200 3502 1453 3556 Isidorus
1511 3501 1581 3555 de
1634 3518 1882 3559 consan-

173 3591 457 3663 guinitate
479 3591 559 3644 sic
590 3589 854 3660 loquitur
894 3605 907 3642 :
944 3589 1117 3659 Cujus
1147 3591 1323 3645 series
1356 3595 1575 3661 septem
1608 3594 1881 3661 gradibus

169 3680 483 3746 dirimitur,
517 3680 628 3734 hoc
660 3678 834 3732 modo
870 3693 883 3731 :
927 3678 1098 3731 Filius
1132 3684 1188 3732 et
1225 3679 1365 3746 ﬁlia,
1402 3680 1555 3750 quod
1588 3685 1675 3734 est
1705 3682 1880 3737 frater

170 3775 231 3824 et
264 3785 444 3834 soror,
478 3768 550 3822 sit
578 3768 701 3838 ipse
732 3771 987 3820 truncus.
1020 3767 1136 3820 Illis
1176 3783 1433 3822 seorsum
1486 3768 1781 3841 sejunctis,
1811 3789 1878 3827 ex

171 3857 365 3912 radice
397 3857 549 3910 illius
579 3854 771 3910 trunci
802 3853 1180 3923 egrediuntur
1210 3855 1304 3909 isti
1324 3856 1655 3923 ramusculi,
1699 3875 1877 3928 nepos

171 3952 231 4000 et
259 3946 463 4015 neptis,
523 3945 794 4015 primus:
851 3959 1137 4014 pronepos
1188 3948 1245 3997 et
1303 3943 1614 4015 proneptis,
1669 3962 1873 4001 secun-

170 4035 326 4089 dus:
381 4035 637 4103 abnepos
709 4036 767 4086 et
837 4031 1118 4101 abneptis,
1181 4032 1433 4086 tertius:
1506 4032 1763 4102 adnepos
1820 4039 1876 4089 et

170 4122 461 4193 adneptis,
526 4125 811 4192 quartus:
860 4120 1117 4190 trinepos
1161 4124 1212 4172 et
1264 4119 1549 4191 trineptis,
1597 4122 1868 4191 quintus:

171 4218 229 4265 et
287 4210 588 4281 trinepotis
644 4225 822 4279 nepos
884 4212 940 4262 et
995 4207 1298 4278 trinepotis
1370 4208 1580 4278 neptis,
1659 4214 1867 4265 sextus.
1903 4236 1947 4290 Β

174 4303 308 4355 Haec
390 4297 879 4369 consanguinitas,
936 4297 1073 4351 dum
1147 4312 1205 4350 se
1260 4296 1539 4366 paulatim
1592 4297 1654 4350 in
1740 4316 1882 4369 pro-

170 4384 456 4456 paginum
514 4382 814 4437 ordinibus
880 4380 1176 4447 dirimens,
1230 4397 1410 4451 usque
1482 4381 1549 4435 ad
1613 4381 1878 4437 ultimum

174 4473 419 4544 gradum
452 4488 574 4526 sese
607 4468 964 4533 subtraxerit,
1004 4474 1061 4522 et
1104 4468 1501 4539 propinquitas
1544 4484 1665 4522 esse
1697 4471 1884 4525 desie-

172 4562 273 4623 rit,
308 4565 441 4615 tunc
484 4559 735 4631 primum
775 4558 862 4611 lex
913 4557 970 4610 in
998 4556 1353 4610 matrimonii
1402 4557 1693 4611 vinculum
1737 4559 1882 4613 reci-

173 4650 386 4719 pietur,
432 4654 488 4702 et
557 4645 984 4717 quodammodo
1032 4643 1318 4697 revocabit
1356 4644 1692 4713 fugientem.
1747 4646 1881 4699 Ideo

174 4744 374 4791 autem
406 4753 587 4807 usque
620 4734 689 4789 ad
720 4738 939 4786 sextum
983 4731 1212 4803 generis
1253 4732 1492 4803 gradum
1537 4734 1883 4805 consangui-

174 4827 325 4880 nitas
354 4825 659 4879 constituta
681 4828 784 4888 est,
817 4826 880 4874 ut
934 4821 1078 4873 sicut
1108 4821 1166 4874 in
1222 4838 1316 4875 sex
1360 4820 1621 4875 aetatibus
1680 4822 1882 4877 mundi

176 4915 473 4985 generatio
505 4917 560 4967 et
596 4910 850 4965 hominis
890 4915 1070 4963 status
1118 4909 1338 4976 ﬁnitur,
1381 4910 1460 4962 ita
1480 4910 1881 4982 propinquitas

176 5002 407 5071 generis
439 5006 526 5055 tot
555 4998 828 5071 gradibus
858 4997 1217 5052 terminetur.

175 5110 308 5164 CAP.
348 5109 431 5162 XI.
465 5138 533 5146 —
565 5104 721 5170 Quod
777 5104 1223 5169 consanguinitas
1271 5117 1442 5170 usque
1494 5102 1568 5156 ad
1592 5104 1883 5172 septimum

568 5176 873 5242 geniculum
926 5175 1235 5227 conservari
1284 5174 1489 5227 debeat.

254 5270 360 5332 (Ea:
391 5270 529 5336 epist
576 5265 831 5332 Gregorii
878 5277 1037 5331 papa
1082 5263 1345 5330 episcopis
1410 5262 1609 5315 Galliae
1667 5262 1882 5331 missa.)

178 5356 519 5425 Progeniem
561 5368 725 5406 suam
756 5343 1228 5421 unumquemque
1258 5349 1329 5404 ad
1352 5349 1655 5418 septimam
1686 5349 1882 5403 obser-

178 5461 311 5499 vare
341 5442 699 5498 decernimus
732 5439 1183 5509 generationem,
1216 5441 1271 5490 et
1309 5436 1567 5506 quandiu
1598 5452 1657 5490 se
1705 5453 1882 5507 agno-

177 5536 350 5587 scunt
378 5530 653 5584 afﬁnitate
682 5526 1057 5598 propinquos,
1089 5524 1158 5579 ad
1198 5524 1558 5594 conjugalem
1620 5524 1879 5593 c0pulam

1998 3023 2146 3077 ditas
2203 3039 2399 3077 rerum
2449 3039 2553 3094 per
2608 3025 2820 3095 legales
2861 3027 3223 3084 deﬁnitiones
3282 3031 3463 3085 sancit
3519 3049 3703 3102 usque

1997 3111 2064 3165 ad
2094 3112 2404 3183 septimum
2436 3114 2678 3183 gradum
2706 3118 3061 3184 praetendere
3116 3119 3409 3173 haeredum
3471 3137 3698 3176 succes-

1997 3198 2217 3254 sionem
2260 3216 2418 3254 :non
2446 3200 2601 3254 enim
2658 3205 3051 3271 succederent,
3106 3206 3217 3261 nisi
3269 3207 3323 3262 ei
3367 3208 3435 3262 de
3495 3225 3705 3281 propa-

1996 3288 2130 3357 gine
2161 3288 2524 3357 cognationis
2555 3290 2882 3346 deberetur.

1994 3393 2123 3447 CAP.
2159 3395 2318 3450 XVII.
2360 3423 2428 3434 —
2455 3397 2522 3449 Ut
2569 3396 2776 3451 duobus
2831 3400 2916 3453 vel
2955 3401 3128 3454 tribus
3184 3403 3407 3457 testibus
3456 3407 3700 3462 testimo-

2205 3469 2358 3518 nium
2389 3465 2696 3522 dicentibus
2732 3474 3116 3538 consanguinei
3146 3480 3483 3542 separentur.

2062 3568 2172 3635 (Ea:
2219 3571 2406 3623 concil.
2438 3572 2764 3638 Hilerdensi,
2798 3590 2916 3643 cap.
2959 3576 3071 3645 20.)
3121 3577 3190 3631 Ut
3232 3580 3421 3632 omnis
3468 3586 3697 3636 contro-

1990 3656 2195 3722 versia,
2248 3672 2377 3726 quas
2429 3658 2498 3711 de
2554 3660 2943 3714 ecclesiasticis
3001 3663 3172 3715 rebus
3231 3664 3315 3733 ﬁt,
3380 3667 3698 3721 secundum

1989 3744 2244 3800 divinam
2272 3746 2459 3816 legem
2509 3749 2615 3802 sub
2645 3749 2865 3803 duobus
2915 3752 3001 3804 vel
3056 3752 3236 3805 tribus
3297 3754 3535 3808 testibus
3584 3760 3697 3809 ter-

1988 3833 2260 3889 minetur.
2348 3835 2525 3888 Testis
2611 3842 2692 3890 est
2770 3840 3063 3905 Dominus,
3124 3856 3254 3894 cum
3305 3841 3492 3897 dixit:
3574 3844 3697 3898 Non

1989 3936 2141 3974 unus
2202 3925 2315 3975 stet
2351 3926 2550 3976 contra
2602 3924 2802 3989 alium,
2862 3926 2959 3979 sed
3017 3926 3078 3981 in
3135 3943 3235 3983 ore
3289 3929 3539 3985 duorum
3608 3934 3694 3987 vel
3799 3947 3809 3957 ’

1987 4008 2169 4064 trium
2206 4010 2438 4064 testium
2472 4015 2580 4066 stet
2610 4028 2780 4067 omne
2808 4015 3065 4069 verbum.

2411 4115 2540 4170 ΟΑΡ.
2572 4118 2759 4173 XVIII.
2785 4147 2851 4159 —
2886 4120 2967 4173 De
2986 4121 3170 4175 eadem
3190 4138 3266 4178 re.

2061 4203 2165 4273 (Ea
2215 4202 2403 4257 concil.
2436 4205 2722 4271 Cabillon,,
2778 4222 2895 4275 cap.
2947 4209 3023 4278 ὅ.)
3055 4197 3695 4284 Contradicimusquo-

1992 4305 2104 4360 que
2135 4297 2196 4344 ut
2224 4291 2283 4344 in
2319 4296 2541 4360 quarta,
2576 4294 2660 4346 vel
2709 4293 2929 4364 quinta,
2972 4302 3243 4367 sextaque
3301 4300 3693 4370 generatione,

1992 4379 2183 4432 nullus
2233 4378 2481 4449 amplius
2508 4382 2779 4453 conjugio
2829 4384 3149 4453 copuletur.
3188 4387 3293 4441 Ubi
3321 4393 3513 4444 autem
3570 4396 3698 4461 post

1992 4465 2361 4521 interdictum
2391 4467 2609 4523 factum
2641 4470 2811 4525 fuerit
2842 4469 3166 4543 inventum,
3213 4483 3523 4548 separetur.

1992 4573 2122 4651 CAP.
2147 4574 2271 4627 XIX.
2311 4603 2378 4612 ——
2418 4574 2830 4651 Quidrsanctus
2884 4579 3175 4645 Gregorius
3233 4586 3549 4651 Augustino
3582 4585 3696 4639 An-

2061 4646 2273 4725 glorum
2324 4645 2676 4725 praedicatori
2724 4653 2952 4718 propter
2981 4654 3316 4707 teneritatem
3333 4645 3510 4709 'novz
3567 4657 3698 4725 ﬁdei

2060 4718 2395 4783 permiserit.

2064 4822 2176 4887 (Ea;
2234 4823 2394 4890 epist.
2447 4823 2673 4877 Joannis
2723 4824 3141 4895 Constantinop.
3178 4831 3416 4898 episcopi
3468 4831 3542 4884 ad
3596 4834 3693 4885 Fe-

1992 4908 2145 4962 licem
2178 4911 2485 4978 episcopum
2529 4910 2774 4981 Siciliz.)
2824 4913 3133 4983 Gregorius
3190 4932 3341 4988 papa
3389 4918 3693 4988 requisitus

1992 5000 2061 5053 ab
2092 4994 2411 5071 Augustino
2447 5001 2773 5071 Anglorum
2804 5005 2991 5074 gentis
3022 5007 3289 5079 episcopo
3313 5015 3487 5080 quota
3519 5027 3692 5082 gene-

1994 5087 2217 5141 ratione
2248 5087 2445 5141 ﬁdeles
2495 5088 2744 5144 debeant
2799 5094 3078 5164 copulari,
3144 5096 3559 5166 dispensatorie
3615 5101 3695 5154 sic

1992 5175 2297 5229 rescribit:
2356 5176 2629 5239 Quaedam
2694 5176 2785 5233 lex
2838 5181 2899 5234 in
2945 5182 3203 5238 Romana
3228 5186 3521 5256 republica
3572 5205 3694 5260 per-

1993 5263 2171 5317 mittit
2194 5269 2256 5318 ut
2289 5263 2409 5317 sive
2462 5265 2640 5319 frater
2670 5271 2725 5320 et
2779 5284 2962 5337 soror,
2989 5286 3091 5324 seu
3148 5273 3397 5328 duorum
3450 5276 3694 5332 fratrum

1997 5367 2403 5422 germanorum
2458 5354 2548 5407 vel
2598 5355 2842 5409 duarum
2901 5374 3163 5413 sororum
3246 5361 3399 5417 ﬁlius
3471 5372 3528 5419 et
3576 5366 3696 5419 f‘rlia

1994 5439 2383 5493 misceantur:
2441 5440 2588 5495 sicut
2657 5443 3049 5512 experimento
3102 5447 3426 5517 didicimus,
3483 5469 3549 5507 ex
3595 5454 3697 5508 tali

1996 5524 2269 5596 conjugio
2301 5525 2557 5581 sobolem
2590 5544 2702 5582 non
2761 5546 2924 5599 posse
2978 5548 3351 5590 succrescere.
3390 5540 3548 5594 Unde
3594 5556 3693 5594 ne-
