  <div class='ocr_page' id='page_1' title='image "/cluster/home/n/w/nwhite01/storage/ocr_20150623/140/hvd.32044054760004/397.png"; bbox 0 0 4028 6190; ppageno 0'>
   <div class='ocr_carea' id='block_1_1' title="bbox 419 286 526 338">
    <p class='ocr_par' dir='ltr' id='par_1_1' title="bbox 419 286 526 338">
     <span class='ocr_line' id='line_1_1' title="bbox 419 286 526 338; baseline -0.009 0"><span class='ocrx_word' id='word_1_1' title='bbox 419 286 526 338; x_wconf 81' lang='grc'><strong><em>’783</em></strong></span> 
     </span>
    </p>
   </div>
   <div class='ocr_carea' id='block_1_2' title="bbox 1491 275 2860 338">
    <p class='ocr_par' dir='ltr' id='par_1_2' title="bbox 1491 275 2860 338">
     <span class='ocr_line' id='line_1_2' title="bbox 1491 275 2860 338; baseline -0.005 -2"><span class='ocrx_word' id='word_1_2' title='bbox 1491 279 1906 338; x_wconf 81' lang='lat' dir='ltr'><strong><em>BURCHARDI</em></strong></span> <span class='ocrx_word' id='word_1_3' title='bbox 1950 275 2485 336; x_wconf 81' lang='lat' dir='ltr'><strong><em>WOBMACIENSIS</em></strong></span> <span class='ocrx_word' id='word_1_4' title='bbox 2525 276 2860 333; x_wconf 86' lang='lat' dir='ltr'><strong><em>EPISCOPI.</em></strong></span> 
     </span>
    </p>
   </div>
   <div class='ocr_carea' id='block_1_3' title="bbox 3798 282 3892 333">
    <p class='ocr_par' dir='ltr' id='par_1_3' title="bbox 3798 282 3892 333">
     <span class='ocr_line' id='line_1_3' title="bbox 3798 282 3892 333; baseline 0.011 -1"><span class='ocrx_word' id='word_1_5' title='bbox 3798 282 3892 333; x_wconf 56' lang='lat' dir='ltr'><strong><em>78’s</em></strong></span> 
     </span>
    </p>
   </div>
   <div class='ocr_carea' id='block_1_4' title="bbox 417 394 3892 478">
    <p class='ocr_par' dir='ltr' id='par_1_4' title="bbox 417 394 3892 478">
     <span class='ocr_line' id='line_1_4' title="bbox 417 394 3892 478; baseline -0.004 -14"><span class='ocrx_word' id='word_1_6' title='bbox 417 423 575 464; x_wconf 89' lang='lat' dir='ltr'><strong><em>cesse</em></strong></span> <span class='ocrx_word' id='word_1_7' title='bbox 601 410 686 462; x_wconf 89' lang='lat' dir='ltr'><strong><em>est</em></strong></span> <span class='ocrx_word' id='word_1_8' title='bbox 715 411 782 462; x_wconf 90' lang='lat' dir='ltr'><strong><em>ut</em></strong></span> <span class='ocrx_word' id='word_1_9' title='bbox 823 407 942 478; x_wconf 88' lang='lat' dir='ltr'><strong><em>jam</em></strong></span> <span class='ocrx_word' id='word_1_10' title='bbox 999 407 1203 477; x_wconf 89' lang='lat' dir='ltr'><strong><em>quarta</em></strong></span> <span class='ocrx_word' id='word_1_11' title='bbox 1251 403 1338 458; x_wconf 85' lang='lat' dir='ltr'><strong><em>vel</em></strong></span> <span class='ocrx_word' id='word_1_12' title='bbox 1396 402 1597 475; x_wconf 86' lang='lat' dir='ltr'><strong><em>quinta</em></strong></span> <span class='ocrx_word' id='word_1_13' title='bbox 1640 402 1935 474; x_wconf 81' lang='lat' dir='ltr'><strong><em>generatio</em></strong></span> <span class='ocrx_word' id='word_1_14' title='bbox 1980 401 2122 456; x_wconf 84' lang='lat' dir='ltr'><strong><em>ﬁde-</em></strong></span> <span class='ocrx_word' id='word_1_15' title='bbox 2151 401 2195 454; x_wconf 83' lang='grc' dir='ltr'><strong>Α</strong></span> <span class='ocrx_word' id='word_1_16' title='bbox 2233 398 2363 454; x_wconf 78' lang='lat' dir='ltr'><strong><em>CAP.</em></strong></span> <span class='ocrx_word' id='word_1_17' title='bbox 2405 398 2556 452; x_wconf 84' lang='lat' dir='ltr'><strong>XXV.</strong></span> <span class='ocrx_word' id='word_1_18' title='bbox 2601 426 2661 438; x_wconf 94' lang='lat'><strong>—</strong></span> <span class='ocrx_word' id='word_1_19' title='bbox 2714 397 3117 478; x_wconf 63' lang='lat' dir='ltr'><strong><em>Sacramentuni</em></strong></span> <span class='ocrx_word' id='word_1_20' title='bbox 3174 394 3238 448; x_wconf 91' lang='lat' dir='ltr'><strong><em>de</em></strong></span> <span class='ocrx_word' id='word_1_21' title='bbox 3275 394 3592 478; x_wconf 69' lang='lat' dir='ltr'><strong><em>parentato,</em></strong></span> <span class='ocrx_word' id='word_1_22' title='bbox 3652 398 3892 466; x_wconf 88' lang='lat' dir='ltr'><strong><em>quomodo</em></strong></span> 
     </span>
    </p>
   </div>
   <div class='ocr_carea' id='block_1_5' title="bbox 420 494 1335 564">
    <p class='ocr_par' dir='ltr' id='par_1_5' title="bbox 420 494 1335 564">
     <span class='ocr_line' id='line_1_5' title="bbox 420 494 1335 564; baseline -0.008 -12"><span class='ocrx_word' id='word_1_23' title='bbox 420 497 566 552; x_wconf 92' lang='lat' dir='ltr'><strong><em>lium</em></strong></span> <span class='ocrx_word' id='word_1_24' title='bbox 601 495 838 552; x_wconf 81' lang='lat' dir='ltr'><strong><em>licenter</em></strong></span> <span class='ocrx_word' id='word_1_25' title='bbox 865 494 972 548; x_wconf 83' lang='lat' dir='ltr'><strong><em>sibi</em></strong></span> <span class='ocrx_word' id='word_1_26' title='bbox 996 495 1335 564; x_wconf 76' lang='lat' dir='ltr'><strong><em>junguntur.</em></strong></span> 
     </span>
    </p>
   </div>
   <div class='ocr_carea' id='block_1_6' title="bbox 423 614 2119 683">
    <p class='ocr_par' dir='ltr' id='par_1_6' title="bbox 423 614 2119 683">
     <span class='ocr_line' id='line_1_6' title="bbox 423 614 2119 683; baseline -0.004 -8"><span class='ocrx_word' id='word_1_27' title='bbox 423 619 552 674; x_wconf 59' lang='lat' dir='ltr'><strong><em>Car.</em></strong></span> <span class='ocrx_word' id='word_1_28' title='bbox 589 621 689 675; x_wconf 87' lang='lat' dir='ltr'><strong>XX.</strong></span> <span class='ocrx_word' id='word_1_29' title='bbox 725 649 792 660; x_wconf 86' lang='lat'><strong><em>—-</em></strong></span> <span class='ocrx_word' id='word_1_30' title='bbox 851 617 1006 683; x_wconf 87' lang='lat' dir='ltr'><strong><em>Quod</em></strong></span> <span class='ocrx_word' id='word_1_31' title='bbox 1061 621 1282 671; x_wconf 86' lang='lat' dir='ltr'><strong><em>sanctus</em></strong></span> <span class='ocrx_word' id='word_1_32' title='bbox 1315 617 1607 683; x_wconf 82' lang='lat' dir='ltr'><strong><em>Gregorius</em></strong></span> <span class='ocrx_word' id='word_1_33' title='bbox 1661 615 1754 670; x_wconf 86' lang='lat' dir='ltr'><strong><em>hoc</em></strong></span> <span class='ocrx_word' id='word_1_34' title='bbox 1813 614 2119 682; x_wconf 79' lang='lat' dir='ltr'><strong><em>Anglorum</em></strong></span> 
     </span>
    </p>
   </div>
   <div class='ocr_carea' id='block_1_7' title="bbox 599 687 1938 759">
    <p class='ocr_par' dir='ltr' id='par_1_7' title="bbox 599 687 1938 759">
     <span class='ocr_line' id='line_1_7' title="bbox 599 687 1938 759; baseline -0.004 -15"><span class='ocrx_word' id='word_1_35' title='bbox 599 693 748 758; x_wconf 88' lang='lat' dir='ltr'><strong><em>genti</em></strong></span> <span class='ocrx_word' id='word_1_36' title='bbox 775 690 1102 759; x_wconf 73' lang='lat' dir='ltr'><strong><em>specialiter,</em></strong></span> <span class='ocrx_word' id='word_1_37' title='bbox 1133 704 1238 741; x_wconf 89' lang='lat' dir='ltr'><strong><em>non</em></strong></span> <span class='ocrx_word' id='word_1_38' title='bbox 1259 688 1582 755; x_wconf 79' lang='lat' dir='ltr'><strong><em>generaliter</em></strong></span> <span class='ocrx_word' id='word_1_39' title='bbox 1607 687 1938 755; x_wconf 75' lang='lat' dir='ltr'><strong><em>permiserit.</em></strong></span> 
     </span>
    </p>
   </div>
   <div class='ocr_carea' id='block_1_8' title="bbox 493 790 2118 863">
    <p class='ocr_par' dir='ltr' id='par_1_8' title="bbox 493 790 2118 863">
     <span class='ocr_line' id='line_1_8' title="bbox 493 790 2118 863; baseline -0.004 -14"><span class='ocrx_word' id='word_1_40' title='bbox 493 794 647 863; x_wconf 86' lang='lat' dir='ltr'><strong><em>(Item</em></strong></span> <span class='ocrx_word' id='word_1_41' title='bbox 675 793 816 846; x_wconf 84' lang='lat' dir='ltr'><strong><em>idem</em></strong></span> <span class='ocrx_word' id='word_1_42' title='bbox 841 793 1012 846; x_wconf 89' lang='lat' dir='ltr'><strong><em>Joan.</em></strong></span> <span class='ocrx_word' id='word_1_43' title='bbox 1054 791 1230 861; x_wconf 85' lang='lat' dir='ltr'><strong><em>dicit.)</em></strong></span> <span class='ocrx_word' id='word_1_44' title='bbox 1261 792 1467 844; x_wconf 89' lang='lat' dir='ltr'><strong><em>Verum</em></strong></span> <span class='ocrx_word' id='word_1_45' title='bbox 1497 795 1626 862; x_wconf 89' lang='lat' dir='ltr'><strong><em>post</em></strong></span> <span class='ocrx_word' id='word_1_46' title='bbox 1676 790 1925 844; x_wconf 88' lang='lat' dir='ltr'><strong><em>multum</em></strong></span> <span class='ocrx_word' id='word_1_47' title='bbox 1973 792 2118 842; x_wconf 89' lang='lat' dir='ltr'><strong><em>tem-</em></strong></span> 
     </span>
    </p>
   </div>
   <div class='ocr_carea' id='block_1_9' title="bbox 421 877 2118 952">
    <p class='ocr_par' dir='ltr' id='par_1_9' title="bbox 421 877 2118 952">
     <span class='ocr_line' id='line_1_9' title="bbox 421 877 2118 952; baseline -0.003 -18"><span class='ocrx_word' id='word_1_48' title='bbox 421 881 644 952; x_wconf 86' lang='lat' dir='ltr'><strong><em>porisa</em></strong></span> <span class='ocrx_word' id='word_1_49' title='bbox 692 881 875 934; x_wconf 79' lang='lat' dir='ltr'><strong><em>Felice</em></strong></span> <span class='ocrx_word' id='word_1_50' title='bbox 936 882 1180 936; x_wconf 77' lang='lat' dir='ltr'><strong><em>Mesenze</em></strong></span> <span class='ocrx_word' id='word_1_51' title='bbox 1229 879 1438 933; x_wconf 69' lang='lat' dir='ltr'><strong><em>Sicilia:</em></strong></span> <span class='ocrx_word' id='word_1_52' title='bbox 1491 879 1732 949; x_wconf 65' lang='lat' dir='ltr'><strong><em>praesule</em></strong></span> <span class='ocrx_word' id='word_1_53' title='bbox 1790 877 2118 948; x_wconf 89' lang='lat' dir='ltr'><strong><em>requisitus,</em></strong></span> 
     </span>
    </p>
   </div>
   <div class='ocr_carea' id='block_1_10' title="bbox 426 966 2118 1039">
    <p class='ocr_par' dir='ltr' id='par_1_10' title="bbox 426 966 2118 1039">
     <span class='ocr_line' id='line_1_10' title="bbox 426 966 2118 1039; baseline -0.002 -17"><span class='ocrx_word' id='word_1_54' title='bbox 426 975 616 1024; x_wconf 89' lang='lat' dir='ltr'><strong><em>utrum</em></strong></span> <span class='ocrx_word' id='word_1_55' title='bbox 655 968 978 1039; x_wconf 76' lang='lat' dir='ltr'><strong><em>Augustino</em></strong></span> <span class='ocrx_word' id='word_1_56' title='bbox 1037 968 1343 1038; x_wconf 81' lang='lat' dir='ltr'><strong><em>Gregorius</em></strong></span> <span class='ocrx_word' id='word_1_57' title='bbox 1401 967 1627 1036; x_wconf 81' lang='lat' dir='ltr'><strong><em>scripsit</em></strong></span> <span class='ocrx_word' id='word_1_58' title='bbox 1677 971 1742 1020; x_wconf 90' lang='lat' dir='ltr'><strong><em>ut</em></strong></span> <span class='ocrx_word' id='word_1_59' title='bbox 1798 966 2118 1035; x_wconf 82' lang='lat' dir='ltr'><strong><em>Anglorum</em></strong></span> 
     </span>
    </p>
   </div>
   <div class='ocr_carea' id='block_1_11' title="bbox 424 1055 2123 1129">
    <p class='ocr_par' dir='ltr' id='par_1_11' title="bbox 424 1055 2123 1129">
     <span class='ocr_line' id='line_1_11' title="bbox 424 1055 2123 1129; baseline -0.002 -18"><span class='ocrx_word' id='word_1_60' title='bbox 424 1062 626 1129; x_wconf 89' lang='lat' dir='ltr'><strong><em>quarta</em></strong></span> <span class='ocrx_word' id='word_1_61' title='bbox 676 1057 1045 1127; x_wconf 79' lang='lat' dir='ltr'><strong><em>generatione</em></strong></span> <span class='ocrx_word' id='word_1_62' title='bbox 1097 1060 1387 1111; x_wconf 86' lang='lat' dir='ltr'><strong><em>contracta</em></strong></span> <span class='ocrx_word' id='word_1_63' title='bbox 1458 1055 1830 1109; x_wconf 90' lang='lat' dir='ltr'><strong><em>matrimonia</em></strong></span> <span class='ocrx_word' id='word_1_64' title='bbox 1885 1055 2123 1108; x_wconf 89' lang='lat' dir='ltr'><strong><em>minime</em></strong></span> 
     </span>
    </p>
   </div>
   <div class='ocr_carea' id='block_1_12' title="bbox 425 1143 2125 1214">
    <p class='ocr_par' dir='ltr' id='par_1_12' title="bbox 425 1143 2125 1214">
     <span class='ocr_line' id='line_1_12' title="bbox 425 1143 2125 1214; baseline -0.002 -14"><span class='ocrx_word' id='word_1_65' title='bbox 425 1149 801 1210; x_wconf 88' lang='lat' dir='ltr'><strong><em>solverentur,</em></strong></span> <span class='ocrx_word' id='word_1_66' title='bbox 831 1146 1190 1199; x_wconf 87' lang='lat' dir='ltr'><strong><em>humillimus</em></strong></span> <span class='ocrx_word' id='word_1_67' title='bbox 1222 1146 1388 1198; x_wconf 87' lang='lat' dir='ltr'><strong><em>Pater</em></strong></span> <span class='ocrx_word' id='word_1_68' title='bbox 1443 1143 1751 1214; x_wconf 83' lang='lat' dir='ltr'><strong><em>Gregorius</em></strong></span> <span class='ocrx_word' id='word_1_69' title='bbox 1808 1143 1957 1197; x_wconf 92' lang='lat' dir='ltr'><strong><em>inter</em></strong></span> <span class='ocrx_word' id='word_1_70' title='bbox 2022 1158 2125 1196; x_wconf 73' lang='lat' dir='ltr'><strong><em>caa-</em></strong></span> 
     </span>
    </p>
   </div>
   <div class='ocr_carea' id='block_1_13' title="bbox 421 1232 2123 1303">
    <p class='ocr_par' dir='ltr' id='par_1_13' title="bbox 421 1232 2123 1303">
     <span class='ocr_line' id='line_1_13' title="bbox 421 1232 2123 1303; baseline -0.002 -15"><span class='ocrx_word' id='word_1_71' title='bbox 421 1239 546 1288; x_wconf 88' lang='lat' dir='ltr'><strong><em>tera</em></strong></span> <span class='ocrx_word' id='word_1_72' title='bbox 577 1235 751 1288; x_wconf 86' lang='lat' dir='ltr'><strong>talem</strong></span> <span class='ocrx_word' id='word_1_73' title='bbox 783 1234 941 1288; x_wconf 87' lang='lat' dir='ltr'><strong><em>dedit</em></strong></span> <span class='ocrx_word' id='word_1_74' title='bbox 993 1234 1276 1287; x_wconf 85' lang='lat' dir='ltr'><strong><em>rationem</em></strong></span> <span class='ocrx_word' id='word_1_75' title='bbox 1309 1248 1322 1286; x_wconf 92' lang='lat'><strong>:</strong></span> <span class='ocrx_word' id='word_1_76' title='bbox 1352 1232 1511 1296; x_wconf 89' lang='lat' dir='ltr'><strong><em>Quod</em></strong></span> <span class='ocrx_word' id='word_1_77' title='bbox 1553 1233 1748 1302; x_wconf 88' lang='lat' dir='ltr'><strong>scripsi</strong></span> <span class='ocrx_word' id='word_1_78' title='bbox 1803 1232 2123 1303; x_wconf 78' lang='lat' dir='ltr'><strong><em>Augustino</em></strong></span> 
     </span>
    </p>
   </div>
   <div class='ocr_carea' id='block_1_14' title="bbox 421 1319 2129 1392">
    <p class='ocr_par' dir='ltr' id='par_1_14' title="bbox 421 1319 2129 1392">
     <span class='ocr_line' id='line_1_14' title="bbox 421 1319 2129 1392; baseline -0.002 -15"><span class='ocrx_word' id='word_1_79' title='bbox 421 1324 742 1392; x_wconf 81' lang='lat' dir='ltr'><strong><em>Anglorum</em></strong></span> <span class='ocrx_word' id='word_1_80' title='bbox 774 1323 961 1392; x_wconf 89' lang='lat' dir='ltr'><strong><em>gentis</em></strong></span> <span class='ocrx_word' id='word_1_81' title='bbox 987 1323 1277 1392; x_wconf 84' lang='lat' dir='ltr'><strong><em>episcopo,</em></strong></span> <span class='ocrx_word' id='word_1_82' title='bbox 1336 1322 1570 1375; x_wconf 89' lang='lat' dir='ltr'><strong><em>alumno</em></strong></span> <span class='ocrx_word' id='word_1_83' title='bbox 1598 1319 1855 1374; x_wconf 83' lang='lat' dir='ltr'><strong><em>videlicet</em></strong></span> <span class='ocrx_word' id='word_1_84' title='bbox 1919 1325 1985 1374; x_wconf 92' lang='lat' dir='ltr'><strong><em>ut</em></strong></span> <span class='ocrx_word' id='word_1_85' title='bbox 2041 1336 2129 1374; x_wconf 86' lang='lat' dir='ltr'><strong><em>re-</em></strong></span> 
     </span>
    </p>
   </div>
   <div class='ocr_carea' id='block_1_15' title="bbox 424 1407 2123 1480">
    <p class='ocr_par' dir='ltr' id='par_1_15' title="bbox 424 1407 2123 1480">
     <span class='ocr_line' id='line_1_15' title="bbox 424 1407 2123 1480; baseline -0.003 -14"><span class='ocrx_word' id='word_1_86' title='bbox 424 1412 673 1466; x_wconf 89' lang='lat' dir='ltr'><strong><em>corderis</em></strong></span> <span class='ocrx_word' id='word_1_87' title='bbox 699 1417 819 1475; x_wconf 90' lang='lat' dir='ltr'><strong><em>tuo,</em></strong></span> <span class='ocrx_word' id='word_1_88' title='bbox 850 1411 918 1464; x_wconf 89' lang='lat' dir='ltr'><strong><em>de</em></strong></span> <span class='ocrx_word' id='word_1_89' title='bbox 960 1409 1476 1480; x_wconf 85' lang='lat' dir='ltr'><strong><em>consanguinitatis</em></strong></span> <span class='ocrx_word' id='word_1_90' title='bbox 1525 1409 1952 1478; x_wconf 88' lang='lat' dir='ltr'><strong><em>conjunctione,</em></strong></span> <span class='ocrx_word' id='word_1_91' title='bbox 2017 1407 2123 1479; x_wconf 86' lang='lat' dir='ltr'><strong>ipsi</strong></span> 
     </span>
    </p>
   </div>
   <div class='ocr_carea' id='block_1_16' title="bbox 427 1497 2123 1569">
    <p class='ocr_par' dir='ltr' id='par_1_16' title="bbox 427 1497 2123 1569">
     <span class='ocr_line' id='line_1_16' title="bbox 427 1497 2123 1569; baseline -0.002 -17"><span class='ocrx_word' id='word_1_92' title='bbox 427 1506 484 1553; x_wconf 90' lang='lat' dir='ltr'><strong><em>et</em></strong></span> <span class='ocrx_word' id='word_1_93' title='bbox 511 1500 825 1567; x_wconf 83' lang='lat' dir='ltr'><strong><em>Anglorum</em></strong></span> <span class='ocrx_word' id='word_1_94' title='bbox 885 1499 1062 1567; x_wconf 82' lang='lat' dir='ltr'><strong><em>genti,</em></strong></span> <span class='ocrx_word' id='word_1_95' title='bbox 1125 1514 1253 1569; x_wconf 60' lang='lat' dir='ltr'><strong><em>quae</em></strong></span> <span class='ocrx_word' id='word_1_96' title='bbox 1311 1514 1498 1568; x_wconf 86' lang='lat' dir='ltr'><strong><em>nuper</em></strong></span> <span class='ocrx_word' id='word_1_97' title='bbox 1523 1498 1592 1551; x_wconf 92' lang='lat' dir='ltr'><strong><em>ad</em></strong></span> <span class='ocrx_word' id='word_1_98' title='bbox 1649 1497 1822 1550; x_wconf 84' lang='lat' dir='ltr'><strong><em>ﬁdem</em></strong></span> <span class='ocrx_word' id='word_1_99' title='bbox 1872 1500 2123 1560; x_wconf 82' lang='lat' dir='ltr'><strong><em>venerat,</em></strong></span> 
     </span>
    </p>
   </div>
   <div class='ocr_carea' id='block_1_17' title="bbox 426 1586 2129 1658">
    <p class='ocr_par' dir='ltr' id='par_1_17' title="bbox 426 1586 2129 1658">
     <span class='ocr_line' id='line_1_17' title="bbox 426 1586 2129 1658; baseline -0.003 -16"><span class='ocrx_word' id='word_1_100' title='bbox 426 1605 496 1642; x_wconf 92' lang='lat' dir='ltr'><strong><em>ne</em></strong></span> <span class='ocrx_word' id='word_1_101' title='bbox 530 1605 562 1641; x_wconf 90' lang='lat' dir='ltr'><strong><em>a</em></strong></span> <span class='ocrx_word' id='word_1_102' title='bbox 603 1589 756 1642; x_wconf 89' lang='lat' dir='ltr'><strong><em>bono</em></strong></span> <span class='ocrx_word' id='word_1_103' title='bbox 813 1589 967 1658; x_wconf 90' lang='lat' dir='ltr'><strong><em>quod</em></strong></span> <span class='ocrx_word' id='word_1_104' title='bbox 1025 1591 1274 1657; x_wconf 74' lang='lat' dir='ltr'><strong><em>cmperat</em></strong></span> <span class='ocrx_word' id='word_1_105' title='bbox 1333 1587 1644 1640; x_wconf 91' lang='lat' dir='ltr'><strong><em>metuendo</em></strong></span> <span class='ocrx_word' id='word_1_106' title='bbox 1675 1586 1992 1638; x_wconf 88' lang='lat' dir='ltr'><strong><em>austeriora</em></strong></span> <span class='ocrx_word' id='word_1_107' title='bbox 2044 1601 2129 1638; x_wconf 88' lang='lat' dir='ltr'><strong><em>re-</em></strong></span> 
     </span>
    </p>
   </div>
   <div class='ocr_carea' id='block_1_18' title="bbox 2825 466 3326 537">
    <p class='ocr_par' dir='ltr' id='par_1_18' title="bbox 2825 466 3326 537">
     <span class='ocr_line' id='line_1_18' title="bbox 2825 466 3326 537; baseline -0.002 -17"><span class='ocrx_word' id='word_1_108' title='bbox 2825 466 3207 537; x_wconf 83' lang='lat' dir='ltr'><strong><em>inquirendum</em></strong></span> <span class='ocrx_word' id='word_1_109' title='bbox 3233 469 3326 520; x_wconf 86' lang='lat' dir='ltr'><strong><em>sit.</em></strong></span> 
     </span>
    </p>
   </div>
   <div class='ocr_carea' id='block_1_19' title="bbox 2301 573 3892 646">
    <p class='ocr_par' dir='ltr' id='par_1_19' title="bbox 2301 573 3892 646">
     <span class='ocr_line' id='line_1_19' title="bbox 2301 573 3892 646; baseline -0.002 -16"><span class='ocrx_word' id='word_1_110' title='bbox 2301 577 2378 630; x_wconf 90' lang='lat' dir='ltr'><strong><em>De</em></strong></span> <span class='ocrx_word' id='word_1_111' title='bbox 2434 575 2542 630; x_wconf 89' lang='lat' dir='ltr'><strong><em>ista</em></strong></span> <span class='ocrx_word' id='word_1_112' title='bbox 2589 575 2882 646; x_wconf 89' lang='lat' dir='ltr'><strong><em>parentela</em></strong></span> <span class='ocrx_word' id='word_1_113' title='bbox 2911 589 3084 644; x_wconf 91' lang='lat' dir='ltr'><strong><em>quam</em></strong></span> <span class='ocrx_word' id='word_1_114' title='bbox 3129 573 3323 626; x_wconf 90' lang='lat' dir='ltr'><strong><em>dicunt</em></strong></span> <span class='ocrx_word' id='word_1_115' title='bbox 3376 589 3500 626; x_wconf 88' lang='lat' dir='ltr'><strong><em>esse</em></strong></span> <span class='ocrx_word' id='word_1_116' title='bbox 3557 573 3708 626; x_wconf 89' lang='lat' dir='ltr'><strong><em>inter</em></strong></span> <span class='ocrx_word' id='word_1_117' title='bbox 3753 573 3892 627; x_wconf 87' lang='lat' dir='ltr'><strong><em>illum</em></strong></span> 
     </span>
    </p>
   </div>
   <div class='ocr_carea' id='block_1_20' title="bbox 2229 661 3898 734">
    <p class='ocr_par' dir='ltr' id='par_1_20' title="bbox 2229 661 3898 734">
     <span class='ocr_line' id='line_1_20' title="bbox 2229 661 3898 734; baseline -0.002 -14"><span class='ocrx_word' id='word_1_118' title='bbox 2229 666 2294 720; x_wconf 85' lang='lat' dir='ltr'><strong><em>N.</em></strong></span> <span class='ocrx_word' id='word_1_119' title='bbox 2319 669 2375 719; x_wconf 91' lang='lat' dir='ltr'><strong><em>et</em></strong></span> <span class='ocrx_word' id='word_1_120' title='bbox 2404 665 2570 718; x_wconf 89' lang='lat' dir='ltr'><strong><em>istam</em></strong></span> <span class='ocrx_word' id='word_1_121' title='bbox 2599 664 2720 734; x_wconf 86' lang='lat' dir='ltr'><strong><em>ejus</em></strong></span> <span class='ocrx_word' id='word_1_122' title='bbox 2751 663 3056 732; x_wconf 86' lang='lat' dir='ltr'><strong><em>eonjugem</em></strong></span> <span class='ocrx_word' id='word_1_123' title='bbox 3087 662 3148 715; x_wconf 88' lang='lat' dir='ltr'><strong><em>N.</em></strong></span> <span class='ocrx_word' id='word_1_124' title='bbox 3181 661 3462 732; x_wconf 87' lang='lat' dir='ltr'><strong><em>quidquid</em></strong></span> <span class='ocrx_word' id='word_1_125' title='bbox 3495 661 3632 716; x_wconf 91' lang='lat' dir='ltr'><strong><em>inde</em></strong></span> <span class='ocrx_word' id='word_1_126' title='bbox 3675 663 3792 728; x_wconf 87' lang='lat' dir='ltr'><strong><em>scis,</em></strong></span> <span class='ocrx_word' id='word_1_127' title='bbox 3819 668 3898 716; x_wconf 82' lang='lat' dir='ltr'><strong><em>aut</em></strong></span> 
     </span>
    </p>
   </div>
   <div class='ocr_carea' id='block_1_21' title="bbox 2227 749 3899 821">
    <p class='ocr_par' dir='ltr' id='par_1_21' title="bbox 2227 749 3899 821">
     <span class='ocr_line' id='line_1_21' title="bbox 2227 749 3899 821; baseline -0.001 -15"><span class='ocrx_word' id='word_1_128' title='bbox 2227 752 2438 808; x_wconf 82' lang='lat' dir='ltr'><strong><em>audisti</em></strong></span> <span class='ocrx_word' id='word_1_129' title='bbox 2469 769 2501 806; x_wconf 91' lang='lat' dir='ltr'><strong><em>a</em></strong></span> <span class='ocrx_word' id='word_1_130' title='bbox 2524 752 2636 806; x_wconf 89' lang='lat' dir='ltr'><strong><em>tuis</em></strong></span> <span class='ocrx_word' id='word_1_131' title='bbox 2666 751 2882 814; x_wconf 88' lang='lat' dir='ltr'><strong><em>vicinis,</em></strong></span> <span class='ocrx_word' id='word_1_132' title='bbox 2916 755 3016 804; x_wconf 92' lang='lat' dir='ltr'><strong><em>aut</em></strong></span> <span class='ocrx_word' id='word_1_133' title='bbox 3057 766 3090 804; x_wconf 89' lang='lat' dir='ltr'><strong><em>a</em></strong></span> <span class='ocrx_word' id='word_1_134' title='bbox 3137 751 3249 803; x_wconf 88' lang='lat' dir='ltr'><strong><em>tuis</em></strong></span> <span class='ocrx_word' id='word_1_135' title='bbox 3293 749 3722 821; x_wconf 87' lang='lat' dir='ltr'><strong><em>antiquioribus</em></strong></span> <span class='ocrx_word' id='word_1_136' title='bbox 3784 767 3899 820; x_wconf 90' lang='lat' dir='ltr'><strong><em>pro-</em></strong></span> 
     </span>
    </p>
   </div>
   <div class='ocr_carea' id='block_1_22' title="bbox 2228 838 3898 914">
    <p class='ocr_par' dir='ltr' id='par_1_22' title="bbox 2228 838 3898 914">
     <span class='ocr_line' id='line_1_22' title="bbox 2228 838 3898 914; baseline -0.002 -19"><span class='ocrx_word' id='word_1_137' title='bbox 2228 841 2483 914; x_wconf 87' lang='lat' dir='ltr'><strong><em>pinquis,</em></strong></span> <span class='ocrx_word' id='word_1_138' title='bbox 2516 841 2667 911; x_wconf 91' lang='lat' dir='ltr'><strong><em>quod</em></strong></span> <span class='ocrx_word' id='word_1_139' title='bbox 2692 846 2752 894; x_wconf 93' lang='lat' dir='ltr'><strong><em>tu</em></strong></span> <span class='ocrx_word' id='word_1_140' title='bbox 2783 856 2888 910; x_wconf 91' lang='lat' dir='ltr'><strong><em>per</em></strong></span> <span class='ocrx_word' id='word_1_141' title='bbox 2917 840 3136 893; x_wconf 90' lang='lat' dir='ltr'><strong><em>nullum</em></strong></span> <span class='ocrx_word' id='word_1_142' title='bbox 3185 838 3509 909; x_wconf 87' lang='lat' dir='ltr'><strong><em>ingenium,</em></strong></span> <span class='ocrx_word' id='word_1_143' title='bbox 3539 853 3646 893; x_wconf 89' lang='lat' dir='ltr'><strong><em>nec</em></strong></span> <span class='ocrx_word' id='word_1_144' title='bbox 3700 845 3898 909; x_wconf 82' lang='lat' dir='ltr'><strong><em>prepter</em></strong></span> 
     </span>
    </p>
   </div>
   <div class='ocr_carea' id='block_1_23' title="bbox 2229 927 3894 1000">
    <p class='ocr_par' dir='ltr' id='par_1_23' title="bbox 2229 927 3894 1000">
     <span class='ocr_line' id='line_1_23' title="bbox 2229 927 3894 1000; baseline -0.002 -15"><span class='ocrx_word' id='word_1_145' title='bbox 2229 946 2508 997; x_wconf 89' lang='lat' dir='ltr'><strong><em>amorem,</em></strong></span> <span class='ocrx_word' id='word_1_146' title='bbox 2539 945 2642 984; x_wconf 92' lang='lat' dir='ltr'><strong><em>nec</em></strong></span> <span class='ocrx_word' id='word_1_147' title='bbox 2691 934 2930 1000; x_wconf 87' lang='lat' dir='ltr'><strong><em>propter</em></strong></span> <span class='ocrx_word' id='word_1_148' title='bbox 2984 927 3253 982; x_wconf 88' lang='lat' dir='ltr'><strong><em>timorem</em></strong></span> <span class='ocrx_word' id='word_1_149' title='bbox 3302 932 3402 981; x_wconf 89' lang='lat' dir='ltr'><strong><em>aut</em></strong></span> <span class='ocrx_word' id='word_1_150' title='bbox 3439 943 3550 998; x_wconf 89' lang='lat' dir='ltr'><strong><em>per</em></strong></span> <span class='ocrx_word' id='word_1_151' title='bbox 3605 928 3894 998; x_wconf 65' lang='lat' dir='ltr'><strong><em>praemium,</em></strong></span> 
     </span>
    </p>
   </div>
   <div class='ocr_carea' id='block_1_24' title="bbox 2229 1015 3894 1090">
    <p class='ocr_par' dir='ltr' id='par_1_24' title="bbox 2229 1015 3894 1090">
     <span class='ocr_line' id='line_1_24' title="bbox 2229 1015 3894 1090; baseline -0.002 -17"><span class='ocrx_word' id='word_1_152' title='bbox 2229 1025 2328 1073; x_wconf 92' lang='lat' dir='ltr'><strong><em>aut</em></strong></span> <span class='ocrx_word' id='word_1_153' title='bbox 2354 1035 2458 1090; x_wconf 90' lang='lat' dir='ltr'><strong><em>per</em></strong></span> <span class='ocrx_word' id='word_1_154' title='bbox 2506 1017 3061 1088; x_wconf 89' lang='lat' dir='ltr'><strong><em>consanguinitatem</em></strong></span> <span class='ocrx_word' id='word_1_155' title='bbox 3089 1016 3296 1070; x_wconf 78' lang='lat' dir='ltr'><strong><em>celabis</em></strong></span> <span class='ocrx_word' id='word_1_156' title='bbox 3329 1015 3671 1086; x_wconf 84' lang='lat' dir='ltr'><strong><em>episcOpnm</em></strong></span> <span class='ocrx_word' id='word_1_157' title='bbox 3740 1020 3894 1078; x_wconf 82' lang='lat' dir='ltr'><strong><em>tuum,</em></strong></span> 
     </span>
    </p>
   </div>
   <div class='ocr_carea' id='block_1_25' title="bbox 2230 1105 3896 1178">
    <p class='ocr_par' dir='ltr' id='par_1_25' title="bbox 2230 1105 3896 1178">
     <span class='ocr_line' id='line_1_25' title="bbox 2230 1105 3896 1178; baseline -0.003 -16"><span class='ocrx_word' id='word_1_158' title='bbox 2230 1115 2332 1162; x_wconf 87' lang='lat' dir='ltr'><strong><em>aut</em></strong></span> <span class='ocrx_word' id='word_1_159' title='bbox 2384 1109 2504 1178; x_wconf 86' lang='lat' dir='ltr'><strong><em>ejus</em></strong></span> <span class='ocrx_word' id='word_1_160' title='bbox 2559 1108 2816 1168; x_wconf 84' lang='lat' dir='ltr'><strong><em>missum.</em></strong></span> <span class='ocrx_word' id='word_1_161' title='bbox 2845 1107 2937 1160; x_wconf 91' lang='lat' dir='ltr'><strong><em>cui</em></strong></span> <span class='ocrx_word' id='word_1_162' title='bbox 2979 1107 3086 1160; x_wconf 90' lang='lat' dir='ltr'><strong><em>hoc</em></strong></span> <span class='ocrx_word' id='word_1_163' title='bbox 3115 1105 3409 1176; x_wconf 89' lang='lat' dir='ltr'><strong><em>inquirere</em></strong></span> <span class='ocrx_word' id='word_1_164' title='bbox 3429 1105 3692 1174; x_wconf 89' lang='lat' dir='ltr'><strong><em>jusserit,</em></strong></span> <span class='ocrx_word' id='word_1_165' title='bbox 3741 1120 3896 1174; x_wconf 85' lang='lat' dir='ltr'><strong><em>quan-</em></strong></span> 
     </span>
    </p>
   </div>
   <div class='ocr_carea' id='block_1_26' title="bbox 2231 1193 3895 1268">
    <p class='ocr_par' dir='ltr' id='par_1_26' title="bbox 2231 1193 3895 1268">
     <span class='ocr_line' id='line_1_26' title="bbox 2231 1193 3895 1268; baseline -0.004 -17"><span class='ocrx_word' id='word_1_166' title='bbox 2231 1198 2535 1268; x_wconf 89' lang='lat' dir='ltr'><strong><em>docunque</em></strong></span> <span class='ocrx_word' id='word_1_167' title='bbox 2563 1202 2618 1249; x_wconf 91' lang='lat' dir='ltr'><strong><em>te</em></strong></span> <span class='ocrx_word' id='word_1_168' title='bbox 2658 1211 2722 1248; x_wconf 88' lang='lat' dir='ltr'><strong><em>ex</em></strong></span> <span class='ocrx_word' id='word_1_169' title='bbox 2752 1196 2856 1248; x_wconf 91' lang='lat' dir='ltr'><strong><em>hoc</em></strong></span> <span class='ocrx_word' id='word_1_170' title='bbox 2888 1195 3346 1263; x_wconf 89' lang='lat' dir='ltr'><strong><em>interrogaverit,</em></strong></span> <span class='ocrx_word' id='word_1_171' title='bbox 3377 1193 3460 1247; x_wconf 89' lang='lat' dir='ltr'><strong><em>sic</em></strong></span> <span class='ocrx_word' id='word_1_172' title='bbox 3501 1200 3558 1247; x_wconf 88' lang='lat' dir='ltr'><strong><em>te</em></strong></span> <span class='ocrx_word' id='word_1_173' title='bbox 3593 1193 3738 1246; x_wconf 88' lang='lat' dir='ltr'><strong><em>Deus</em></strong></span> <span class='ocrx_word' id='word_1_174' title='bbox 3773 1193 3895 1261; x_wconf 82' lang='lat' dir='ltr'><strong><em>adju-</em></strong></span> 
     </span>
    </p>
   </div>
   <div class='ocr_carea' id='block_1_27' title="bbox 2233 1281 3256 1352">
    <p class='ocr_par' dir='ltr' id='par_1_27' title="bbox 2233 1281 3256 1352">
     <span class='ocr_line' id='line_1_27' title="bbox 2233 1281 3256 1352; baseline -0.001 -15"><span class='ocrx_word' id='word_1_175' title='bbox 2233 1290 2347 1352; x_wconf 89' lang='lat' dir='ltr'><strong><em>vet,</em></strong></span> <span class='ocrx_word' id='word_1_176' title='bbox 2379 1289 2436 1339; x_wconf 88' lang='lat' dir='ltr'><strong><em>et</em></strong></span> <span class='ocrx_word' id='word_1_177' title='bbox 2460 1285 2584 1338; x_wconf 66' lang='lat' dir='ltr'><strong><em>ista:</em></strong></span> <span class='ocrx_word' id='word_1_178' title='bbox 2607 1287 2935 1336; x_wconf 85' lang='lat' dir='ltr'><strong><em>sanctorum</em></strong></span> <span class='ocrx_word' id='word_1_179' title='bbox 2978 1281 3256 1352; x_wconf 66' lang='lat' dir='ltr'><strong><em>reliquie.</em></strong></span> 
     </span>
    </p>
   </div>
   <div class='ocr_carea' id='block_1_28' title="bbox 2525 1407 3655 1463">
    <p class='ocr_par' dir='ltr' id='par_1_28' title="bbox 2525 1407 3655 1463">
     <span class='ocr_line' id='line_1_28' title="bbox 2525 1407 3655 1463; baseline -0.004 0"><span class='ocrx_word' id='word_1_180' title='bbox 2525 1409 2655 1463; x_wconf 52' lang='lat' dir='ltr'><strong><em>Car.</em></strong></span> <span class='ocrx_word' id='word_1_181' title='bbox 2698 1407 2874 1463; x_wconf 80' lang='lat' dir='ltr'><strong>XXVI.</strong></span> <span class='ocrx_word' id='word_1_182' title='bbox 2905 1436 2972 1448; x_wconf 92' lang='lat'><strong><em>—</em></strong></span> <span class='ocrx_word' id='word_1_183' title='bbox 3001 1410 3380 1463; x_wconf 87' lang='lat' dir='ltr'><strong><em>Juramentum</em></strong></span> <span class='ocrx_word' id='word_1_184' title='bbox 3414 1407 3655 1460; x_wconf 80' lang='lat' dir='ltr'><strong><em>testium.</em></strong></span> 
     </span>
    </p>
   </div>
   <div class='ocr_carea' id='block_1_29' title="bbox 2310 1511 3897 1584">
    <p class='ocr_par' dir='ltr' id='par_1_29' title="bbox 2310 1511 3897 1584">
     <span class='ocr_line' id='line_1_29' title="bbox 2310 1511 3897 1584; baseline -0.003 -14"><span class='ocrx_word' id='word_1_185' title='bbox 2310 1516 2465 1570; x_wconf 89' lang='lat' dir='ltr'><strong><em>Istud</em></strong></span> <span class='ocrx_word' id='word_1_186' title='bbox 2496 1519 2917 1569; x_wconf 87' lang='lat' dir='ltr'><strong><em>sacramentum</em></strong></span> <span class='ocrx_word' id='word_1_187' title='bbox 2975 1513 3125 1584; x_wconf 85' lang='lat' dir='ltr'><strong><em>quod</em></strong></span> <span class='ocrx_word' id='word_1_188' title='bbox 3172 1513 3284 1567; x_wconf 87' lang='lat' dir='ltr'><strong><em>iste</em></strong></span> <span class='ocrx_word' id='word_1_189' title='bbox 3332 1511 3556 1583; x_wconf 84' lang='lat' dir='ltr'><strong><em>juravit</em></strong></span> <span class='ocrx_word' id='word_1_190' title='bbox 3588 1529 3657 1566; x_wconf 91' lang='lat' dir='ltr'><strong><em>ne</em></strong></span> <span class='ocrx_word' id='word_1_191' title='bbox 3705 1512 3793 1566; x_wconf 86' lang='lat' dir='ltr'><strong><em>illa</em></strong></span> <span class='ocrx_word' id='word_1_192' title='bbox 3827 1531 3897 1582; x_wconf 81' lang='lat' dir='ltr'><strong><em>pa-</em></strong></span> 
     </span>
    </p>
   </div>
   <div class='ocr_carea' id='block_1_30' title="bbox 2239 1601 3894 1674">
    <p class='ocr_par' dir='ltr' id='par_1_30' title="bbox 2239 1601 3894 1674">
     <span class='ocr_line' id='line_1_30' title="bbox 2239 1601 3894 1674; baseline -0.005 -15"><span class='ocrx_word' id='word_1_193' title='bbox 2239 1605 2476 1669; x_wconf 91' lang='lat' dir='ltr'><strong><em>rentela,</em></strong></span> <span class='ocrx_word' id='word_1_194' title='bbox 2513 1618 2640 1674; x_wconf 69' lang='lat' dir='ltr'><strong><em>quae</em></strong></span> <span class='ocrx_word' id='word_1_195' title='bbox 2687 1603 2838 1656; x_wconf 89' lang='lat' dir='ltr'><strong><em>inter</em></strong></span> <span class='ocrx_word' id='word_1_196' title='bbox 2885 1602 3046 1655; x_wconf 91' lang='lat' dir='ltr'><strong><em>illum</em></strong></span> <span class='ocrx_word' id='word_1_197' title='bbox 3093 1603 3157 1655; x_wconf 82' lang='lat' dir='ltr'><strong><em>N.</em></strong></span> <span class='ocrx_word' id='word_1_198' title='bbox 3219 1607 3275 1654; x_wconf 91' lang='lat' dir='ltr'><strong><em>et</em></strong></span> <span class='ocrx_word' id='word_1_199' title='bbox 3330 1602 3458 1670; x_wconf 91' lang='lat' dir='ltr'><strong><em>ejus</em></strong></span> <span class='ocrx_word' id='word_1_200' title='bbox 3521 1602 3806 1670; x_wconf 88' lang='lat' dir='ltr'><strong><em>conjugem</em></strong></span> <span class='ocrx_word' id='word_1_201' title='bbox 3847 1601 3894 1652; x_wconf 68' lang='grc' dir='ltr'><strong><em>Ν.</em></strong></span> 
     </span>
    </p>
   </div>
   <div class='ocr_carea' id='block_1_31' title="bbox 425 1672 3892 1762">
    <p class='ocr_par' dir='ltr' id='par_1_31' title="bbox 425 1672 3892 1762">
     <span class='ocr_line' id='line_1_31' title="bbox 425 1672 3892 1762; baseline -0.002 -14"><span class='ocrx_word' id='word_1_202' title='bbox 425 1677 672 1741; x_wconf 53' lang='lat' dir='ltr'><strong><em>cederet,</em></strong></span> <span class='ocrx_word' id='word_1_203' title='bbox 729 1676 1075 1747; x_wconf 60' lang='grc' dir='ltr'><strong><em>δρθοίδῙίίθΓν</em></strong></span> <span class='ocrx_word' id='word_1_204' title='bbox 1127 1681 1183 1728; x_wconf 57' lang='lat' dir='ltr'><strong><em>et</em></strong></span> <span class='ocrx_word' id='word_1_205' title='bbox 1238 1690 1352 1727; x_wconf 77' lang='grc' dir='ltr'><strong><em>ηοη</em></strong></span> <span class='ocrx_word' id='word_1_206' title='bbox 1415 1674 1760 1744; x_wconf 71' lang='grc' dir='ltr'><strong><em>εθηετειίιθτ</em></strong></span> <span class='ocrx_word' id='word_1_207' title='bbox 1813 1672 2126 1762; x_wconf 56' lang='lat' dir='ltr'><strong><em>certissime</em></strong></span> <span class='ocrx_word' id='word_1_208' title='bbox 2167 1683 2206 1736; x_wconf 85' lang='grc' dir='ltr'><strong>Β</strong></span> <span class='ocrx_word' id='word_1_209' title='bbox 2237 1672 2625 1762; x_wconf 76' lang='lat' dir='ltr'><strong><em>computatur,</em></strong></span> <span class='ocrx_word' id='word_1_210' title='bbox 2659 1691 2814 1762; x_wconf 90' lang='lat' dir='ltr'><strong><em>quod</em></strong></span> <span class='ocrx_word' id='word_1_211' title='bbox 2861 1695 2924 1744; x_wconf 85' lang='lat' dir='ltr'><strong><em>tu</em></strong></span> <span class='ocrx_word' id='word_1_212' title='bbox 2972 1690 3108 1744; x_wconf 90' lang='lat' dir='ltr'><strong><em>illud</em></strong></span> <span class='ocrx_word' id='word_1_213' title='bbox 3163 1689 3502 1744; x_wconf 88' lang='lat' dir='ltr'><strong><em>observabis</em></strong></span> <span class='ocrx_word' id='word_1_214' title='bbox 3549 1690 3609 1744; x_wconf 91' lang='lat' dir='ltr'><strong><em>in</em></strong></span> <span class='ocrx_word' id='word_1_215' title='bbox 3660 1695 3892 1760; x_wconf 83' lang='lat' dir='ltr'><strong><em>quantum</em></strong></span> 
     </span>
    </p>
   </div>
   <div class='ocr_carea' id='block_1_32' title="bbox 427 1761 2127 1834">
    <p class='ocr_par' dir='ltr' id='par_1_32' title="bbox 427 1761 2127 1834">
     <span class='ocr_line' id='line_1_32' title="bbox 427 1761 2127 1834; baseline -0.001 -18"><span class='ocrx_word' id='word_1_216' title='bbox 427 1765 715 1834; x_wconf 62' lang='lat' dir='ltr'><strong><em>scripsisse</em></strong></span> <span class='ocrx_word' id='word_1_217' title='bbox 747 1780 837 1817; x_wconf 90' lang='lat' dir='ltr'><strong><em>me</em></strong></span> <span class='ocrx_word' id='word_1_218' title='bbox 888 1779 1212 1834; x_wconf 84' lang='lat' dir='ltr'><strong><em>cognoscas.</em></strong></span> <span class='ocrx_word' id='word_1_219' title='bbox 1251 1763 1408 1817; x_wconf 84' lang='lat' dir='ltr'><strong><em>L&#39;nde</em></strong></span> <span class='ocrx_word' id='word_1_220' title='bbox 1463 1767 1518 1815; x_wconf 90' lang='lat' dir='ltr'><strong><em>et</em></strong></span> <span class='ocrx_word' id='word_1_221' title='bbox 1575 1762 1714 1815; x_wconf 87' lang='lat' dir='ltr'><strong><em>mihi</em></strong></span> <span class='ocrx_word' id='word_1_222' title='bbox 1773 1763 1959 1816; x_wconf 84' lang='lat' dir='ltr'><strong><em>omnis</em></strong></span> <span class='ocrx_word' id='word_1_223' title='bbox 2008 1761 2127 1815; x_wconf 83' lang='lat' dir='ltr'><strong><em>Ro-</em></strong></span> 
     </span>
    </p>
   </div>
   <div class='ocr_carea' id='block_1_33' title="bbox 426 1850 2126 1918">
    <p class='ocr_par' dir='ltr' id='par_1_33' title="bbox 426 1850 2126 1918">
     <span class='ocr_line' id='line_1_33' title="bbox 426 1850 2126 1918; baseline -0.001 -12"><span class='ocrx_word' id='word_1_224' title='bbox 426 1867 599 1906; x_wconf 88' lang='lat' dir='ltr'><strong><em>mana</em></strong></span> <span class='ocrx_word' id='word_1_225' title='bbox 631 1853 829 1906; x_wconf 76' lang='lat' dir='ltr'><strong><em>civitas</em></strong></span> <span class='ocrx_word' id='word_1_226' title='bbox 871 1853 1030 1905; x_wconf 89' lang='lat' dir='ltr'><strong><em>testis</em></strong></span> <span class='ocrx_word' id='word_1_227' title='bbox 1086 1851 1293 1918; x_wconf 86' lang='lat' dir='ltr'><strong><em>existit,</em></strong></span> <span class='ocrx_word' id='word_1_228' title='bbox 1357 1867 1460 1904; x_wconf 91' lang='lat' dir='ltr'><strong><em>nec</em></strong></span> <span class='ocrx_word' id='word_1_229' title='bbox 1512 1866 1575 1903; x_wconf 90' lang='lat' dir='ltr'><strong><em>ea</em></strong></span> <span class='ocrx_word' id='word_1_230' title='bbox 1636 1850 1953 1905; x_wconf 91' lang='lat' dir='ltr'><strong><em>intentione</em></strong></span> <span class='ocrx_word' id='word_1_231' title='bbox 2000 1850 2126 1904; x_wconf 76' lang='lat' dir='ltr'><strong><em>haec</em></strong></span> 
     </span>
    </p>
   </div>
   <div class='ocr_carea' id='block_1_34' title="bbox 425 1939 2126 2010">
    <p class='ocr_par' dir='ltr' id='par_1_34' title="bbox 425 1939 2126 2010">
     <span class='ocr_line' id='line_1_34' title="bbox 425 1939 2126 2010; baseline -0.001 -16"><span class='ocrx_word' id='word_1_232' title='bbox 425 1941 540 1994; x_wconf 87' lang='lat' dir='ltr'><strong><em>illis</em></strong></span> <span class='ocrx_word' id='word_1_233' title='bbox 570 1940 768 2010; x_wconf 90' lang='lat' dir='ltr'><strong><em>scripsi</em></strong></span> <span class='ocrx_word' id='word_1_234' title='bbox 804 1941 1091 2006; x_wconf 89' lang='lat' dir='ltr'><strong><em>mandata,</em></strong></span> <span class='ocrx_word' id='word_1_235' title='bbox 1138 1945 1202 1993; x_wconf 88' lang='lat' dir='ltr'><strong><em>ut</em></strong></span> <span class='ocrx_word' id='word_1_236' title='bbox 1245 1945 1551 2010; x_wconf 88' lang='lat' dir='ltr'><strong><em>postquam</em></strong></span> <span class='ocrx_word' id='word_1_237' title='bbox 1605 1939 1772 1992; x_wconf 81' lang='lat' dir='ltr'><strong><em>firma</em></strong></span> <span class='ocrx_word' id='word_1_238' title='bbox 1822 1939 2012 1993; x_wconf 88' lang='lat' dir='ltr'><strong><em>radice</em></strong></span> <span class='ocrx_word' id='word_1_239' title='bbox 2064 1939 2126 1993; x_wconf 92' lang='lat' dir='ltr'><strong><em>in</em></strong></span> 
     </span>
    </p>
   </div>
   <div class='ocr_carea' id='block_1_35' title="bbox 429 2027 2124 2098">
    <p class='ocr_par' dir='ltr' id='par_1_35' title="bbox 429 2027 2124 2098">
     <span class='ocr_line' id='line_1_35' title="bbox 429 2027 2124 2098; baseline -0.002 -14"><span class='ocrx_word' id='word_1_240' title='bbox 429 2030 544 2084; x_wconf 78' lang='lat' dir='ltr'><strong><em>fide</em></strong></span> <span class='ocrx_word' id='word_1_241' title='bbox 570 2030 784 2084; x_wconf 89' lang='lat' dir='ltr'><strong><em>fuerint</em></strong></span> <span class='ocrx_word' id='word_1_242' title='bbox 813 2029 1062 2095; x_wconf 87' lang='lat' dir='ltr'><strong><em>solidati,</em></strong></span> <span class='ocrx_word' id='word_1_243' title='bbox 1118 2028 1165 2081; x_wconf 90' lang='lat' dir='ltr'><strong><em>si</em></strong></span> <span class='ocrx_word' id='word_1_244' title='bbox 1197 2028 1347 2082; x_wconf 88' lang='lat' dir='ltr'><strong><em>infra</em></strong></span> <span class='ocrx_word' id='word_1_245' title='bbox 1377 2027 1670 2098; x_wconf 88' lang='lat' dir='ltr'><strong><em>propriam</em></strong></span> <span class='ocrx_word' id='word_1_246' title='bbox 1717 2029 2124 2098; x_wconf 89' lang='lat' dir='ltr'><strong><em>consanguini-</em></strong></span> 
     </span>
    </p>
   </div>
   <div class='ocr_carea' id='block_1_36' title="bbox 429 2117 2126 2186">
    <p class='ocr_par' dir='ltr' id='par_1_36' title="bbox 429 2117 2126 2186">
     <span class='ocr_line' id='line_1_36' title="bbox 429 2117 2126 2186; baseline -0.001 -14"><span class='ocrx_word' id='word_1_247' title='bbox 429 2125 604 2172; x_wconf 88' lang='lat' dir='ltr'><strong><em>tatem</em></strong></span> <span class='ocrx_word' id='word_1_248' title='bbox 657 2118 871 2171; x_wconf 88' lang='lat' dir='ltr'><strong><em>inventi</em></strong></span> <span class='ocrx_word' id='word_1_249' title='bbox 928 2117 1158 2184; x_wconf 85' lang='lat' dir='ltr'><strong><em>fuerint,</em></strong></span> <span class='ocrx_word' id='word_1_250' title='bbox 1218 2133 1336 2170; x_wconf 90' lang='lat' dir='ltr'><strong><em>non</em></strong></span> <span class='ocrx_word' id='word_1_251' title='bbox 1418 2120 1777 2186; x_wconf 85' lang='lat' dir='ltr'><strong><em>separentur,</em></strong></span> <span class='ocrx_word' id='word_1_252' title='bbox 1827 2123 1928 2170; x_wconf 89' lang='lat' dir='ltr'><strong><em>aut</em></strong></span> <span class='ocrx_word' id='word_1_253' title='bbox 1977 2117 2126 2170; x_wconf 90' lang='lat' dir='ltr'><strong><em>infra</em></strong></span> 
     </span>
    </p>
   </div>
   <div class='ocr_carea' id='block_1_37' title="bbox 429 2205 2127 2276">
    <p class='ocr_par' dir='ltr' id='par_1_37' title="bbox 429 2205 2127 2276">
     <span class='ocr_line' id='line_1_37' title="bbox 429 2205 2127 2276; baseline -0.001 -16"><span class='ocrx_word' id='word_1_254' title='bbox 429 2207 725 2262; x_wconf 87' lang='lat' dir='ltr'><strong><em>aftinitatis</em></strong></span> <span class='ocrx_word' id='word_1_255' title='bbox 757 2207 986 2270; x_wconf 87' lang='lat' dir='ltr'><strong><em>lineam,</em></strong></span> <span class='ocrx_word' id='word_1_256' title='bbox 1019 2206 1076 2260; x_wconf 90' lang='lat' dir='ltr'><strong><em>id</em></strong></span> <span class='ocrx_word' id='word_1_257' title='bbox 1105 2211 1191 2260; x_wconf 91' lang='lat' dir='ltr'><strong><em>est</em></strong></span> <span class='ocrx_word' id='word_1_258' title='bbox 1243 2221 1423 2276; x_wconf 92' lang='lat' dir='ltr'><strong><em>usque</em></strong></span> <span class='ocrx_word' id='word_1_259' title='bbox 1483 2205 1554 2258; x_wconf 90' lang='lat' dir='ltr'><strong><em>ad</em></strong></span> <span class='ocrx_word' id='word_1_260' title='bbox 1603 2206 1905 2274; x_wconf 89' lang='lat' dir='ltr'><strong><em>septimam</em></strong></span> <span class='ocrx_word' id='word_1_261' title='bbox 1958 2222 2127 2276; x_wconf 90' lang='lat' dir='ltr'><strong><em>gene-</em></strong></span> 
     </span>
    </p>
   </div>
   <div class='ocr_carea' id='block_1_38' title="bbox 426 2293 2125 2365">
    <p class='ocr_par' dir='ltr' id='par_1_38' title="bbox 426 2293 2125 2365">
     <span class='ocr_line' id='line_1_38' title="bbox 426 2293 2125 2365; baseline -0.001 -17"><span class='ocrx_word' id='word_1_262' title='bbox 426 2295 706 2349; x_wconf 88' lang='lat' dir='ltr'><strong><em>rationem</em></strong></span> <span class='ocrx_word' id='word_1_263' title='bbox 733 2295 1056 2364; x_wconf 90' lang='lat' dir='ltr'><strong><em>jungantur</em></strong></span> <span class='ocrx_word' id='word_1_264' title='bbox 1085 2311 1100 2348; x_wconf 89' lang='lat'><strong>:</strong></span> <span class='ocrx_word' id='word_1_265' title='bbox 1131 2294 1232 2348; x_wconf 88' lang='lat' dir='ltr'><strong><em>sed</em></strong></span> <span class='ocrx_word' id='word_1_266' title='bbox 1257 2293 1410 2364; x_wconf 90' lang='lat' dir='ltr'><strong><em>quod</em></strong></span> <span class='ocrx_word' id='word_1_267' title='bbox 1438 2293 1624 2348; x_wconf 89' lang='lat' dir='ltr'><strong><em>adhuc</em></strong></span> <span class='ocrx_word' id='word_1_268' title='bbox 1679 2294 1789 2347; x_wconf 90' lang='lat' dir='ltr'><strong><em>illis</em></strong></span> <span class='ocrx_word' id='word_1_269' title='bbox 1823 2295 2125 2365; x_wconf 86' lang='lat' dir='ltr'><strong><em>neophytis</em></strong></span> 
     </span>
    </p>
   </div>
   <div class='ocr_carea' id='block_1_39' title="bbox 425 2382 2123 2452">
    <p class='ocr_par' dir='ltr' id='par_1_39' title="bbox 425 2382 2123 2452">
     <span class='ocr_line' id='line_1_39' title="bbox 425 2382 2123 2452; baseline 0 -15"><span class='ocrx_word' id='word_1_270' title='bbox 425 2383 800 2437; x_wconf 77' lang='lat' dir='ltr'><strong><em>existentibus</em></strong></span> <span class='ocrx_word' id='word_1_271' title='bbox 873 2383 954 2434; x_wconf 91' lang='lat' dir='ltr'><strong><em>eis</em></strong></span> <span class='ocrx_word' id='word_1_272' title='bbox 1001 2383 1253 2452; x_wconf 87' lang='lat' dir='ltr'><strong><em>primum</em></strong></span> <span class='ocrx_word' id='word_1_273' title='bbox 1289 2382 1482 2435; x_wconf 88' lang='lat' dir='ltr'><strong><em>illicita</em></strong></span> <span class='ocrx_word' id='word_1_274' title='bbox 1521 2383 1866 2449; x_wconf 88' lang='lat' dir='ltr'><strong><em>consentire,</em></strong></span> <span class='ocrx_word' id='word_1_275' title='bbox 1915 2390 1972 2435; x_wconf 91' lang='lat' dir='ltr'><strong><em>et</em></strong></span> <span class='ocrx_word' id='word_1_276' title='bbox 2025 2399 2123 2437; x_wconf 90' lang='lat' dir='ltr'><strong><em>eos</em></strong></span> 
     </span>
    </p>
   </div>
   <div class='ocr_carea' id='block_1_40' title="bbox 424 2469 2125 2540">
    <p class='ocr_par' dir='ltr' id='par_1_40' title="bbox 424 2469 2125 2540">
     <span class='ocr_line' id='line_1_40' title="bbox 424 2469 2125 2540; baseline 0.001 -18"><span class='ocrx_word' id='word_1_277' title='bbox 424 2471 616 2524; x_wconf 89' lang='lat' dir='ltr'><strong><em>verbis</em></strong></span> <span class='ocrx_word' id='word_1_278' title='bbox 647 2486 707 2524; x_wconf 83' lang='lat' dir='ltr'><strong><em>ac</em></strong></span> <span class='ocrx_word' id='word_1_279' title='bbox 734 2470 1008 2538; x_wconf 86' lang='lat' dir='ltr'><strong><em>exemplis</em></strong></span> <span class='ocrx_word' id='word_1_280' title='bbox 1033 2471 1337 2538; x_wconf 85' lang='lat' dir='ltr'><strong><em>instruere,</em></strong></span> <span class='ocrx_word' id='word_1_281' title='bbox 1372 2475 1430 2524; x_wconf 89' lang='lat' dir='ltr'><strong><em>et</em></strong></span> <span class='ocrx_word' id='word_1_282' title='bbox 1458 2485 1586 2540; x_wconf 65' lang='lat' dir='ltr'><strong><em>qua!</em></strong></span> <span class='ocrx_word' id='word_1_283' title='bbox 1630 2475 1757 2539; x_wconf 90' lang='lat' dir='ltr'><strong><em>post</em></strong></span> <span class='ocrx_word' id='word_1_284' title='bbox 1783 2469 1852 2523; x_wconf 91' lang='lat' dir='ltr'><strong><em>de</em></strong></span> <span class='ocrx_word' id='word_1_285' title='bbox 1914 2471 2125 2524; x_wconf 87' lang='lat' dir='ltr'><strong><em>talibus</em></strong></span> 
     </span>
    </p>
   </div>
   <div class='ocr_carea' id='block_1_41' title="bbox 428 2558 2128 2630">
    <p class='ocr_par' dir='ltr' id='par_1_41' title="bbox 428 2558 2128 2630">
     <span class='ocr_line' id='line_1_41' title="bbox 428 2558 2128 2630; baseline 0 -18"><span class='ocrx_word' id='word_1_286' title='bbox 428 2561 673 2630; x_wconf 89' lang='lat' dir='ltr'><strong><em>egerint,</em></strong></span> <span class='ocrx_word' id='word_1_287' title='bbox 707 2559 1120 2613; x_wconf 85' lang='lat' dir='ltr'><strong><em>rationabiliter</em></strong></span> <span class='ocrx_word' id='word_1_288' title='bbox 1140 2567 1196 2613; x_wconf 90' lang='lat' dir='ltr'><strong><em>et</em></strong></span> <span class='ocrx_word' id='word_1_289' title='bbox 1235 2558 1482 2612; x_wconf 76' lang='lat' dir='ltr'><strong><em>fideliter</em></strong></span> <span class='ocrx_word' id='word_1_290' title='bbox 1534 2558 1836 2613; x_wconf 83' lang='lat' dir='ltr'><strong><em>excludere</em></strong></span> <span class='ocrx_word' id='word_1_291' title='bbox 1892 2564 2128 2629; x_wconf 54' lang='lat' dir='ltr'><strong><em>oportea</em></strong></span> 
     </span>
    </p>
   </div>
   <div class='ocr_carea' id='block_1_42' title="bbox 428 2646 2122 2718">
    <p class='ocr_par' dir='ltr' id='par_1_42' title="bbox 428 2646 2122 2718">
     <span class='ocr_line' id='line_1_42' title="bbox 428 2646 2122 2718; baseline -0.001 -17"><span class='ocrx_word' id='word_1_292' title='bbox 428 2653 534 2702; x_wconf 90' lang='lat' dir='ltr'><strong><em>ret.</em></strong></span> <span class='ocrx_word' id='word_1_293' title='bbox 568 2648 707 2701; x_wconf 85' lang='lat' dir='ltr'><strong><em>Nam</em></strong></span> <span class='ocrx_word' id='word_1_294' title='bbox 732 2648 892 2718; x_wconf 83' lang='lat' dir='ltr'><strong><em>juxta</em></strong></span> <span class='ocrx_word' id='word_1_295' title='bbox 924 2648 1264 2716; x_wconf 85' lang='lat' dir='ltr'><strong><em>Apostolum</em></strong></span> <span class='ocrx_word' id='word_1_296' title='bbox 1314 2647 1414 2716; x_wconf 92' lang='lat' dir='ltr'><strong><em>qui</em></strong></span> <span class='ocrx_word' id='word_1_297' title='bbox 1457 2646 1580 2700; x_wconf 89' lang='lat' dir='ltr'><strong><em>ait:</em></strong></span> <span class='ocrx_word' id='word_1_298' title='bbox 1639 2647 1744 2700; x_wconf 88' lang='lat' dir='ltr'><strong><em>Lac</em></strong></span> <span class='ocrx_word' id='word_1_299' title='bbox 1789 2647 1918 2701; x_wconf 89' lang='lat' dir='ltr'><strong><em>dedi</em></strong></span> <span class='ocrx_word' id='word_1_300' title='bbox 1963 2647 2122 2702; x_wconf 85' lang='lat' dir='ltr'><strong><em>vobis</em></strong></span> 
     </span>
    </p>
   </div>
   <div class='ocr_carea' id='block_1_43' title="bbox 425 2734 2125 2807">
    <p class='ocr_par' dir='ltr' id='par_1_43' title="bbox 425 2734 2125 2807">
     <span class='ocr_line' id='line_1_43' title="bbox 425 2734 2125 2807; baseline 0.001 -18"><span class='ocrx_word' id='word_1_301' title='bbox 425 2741 626 2807; x_wconf 89' lang='lat' dir='ltr'><strong><em>potum</em></strong></span> <span class='ocrx_word' id='word_1_302' title='bbox 656 2752 770 2790; x_wconf 86' lang='lat' dir='ltr'><strong><em>non</em></strong></span> <span class='ocrx_word' id='word_1_303' title='bbox 801 2751 1008 2794; x_wconf 85' lang='lat' dir='ltr'><strong><em>escam.</em></strong></span> <span class='ocrx_word' id='word_1_304' title='bbox 1041 2735 1151 2788; x_wconf 88' lang='lat' dir='ltr'><strong><em>ista</em></strong></span> <span class='ocrx_word' id='word_1_305' title='bbox 1178 2735 1291 2789; x_wconf 90' lang='lat' dir='ltr'><strong><em>illis</em></strong></span> <span class='ocrx_word' id='word_1_306' title='bbox 1340 2734 1534 2800; x_wconf 88' lang='lat' dir='ltr'><strong><em>modo,</em></strong></span> <span class='ocrx_word' id='word_1_307' title='bbox 1571 2751 1689 2789; x_wconf 91' lang='lat' dir='ltr'><strong><em>non</em></strong></span> <span class='ocrx_word' id='word_1_308' title='bbox 1740 2735 2005 2804; x_wconf 90' lang='lat' dir='ltr'><strong><em>posteris,</em></strong></span> <span class='ocrx_word' id='word_1_309' title='bbox 2060 2742 2125 2790; x_wconf 89' lang='lat' dir='ltr'><strong><em>ut</em></strong></span> 
     </span>
    </p>
   </div>
   <div class='ocr_carea' id='block_1_44' title="bbox 426 2823 2121 2895">
    <p class='ocr_par' dir='ltr' id='par_1_44' title="bbox 426 2823 2121 2895">
     <span class='ocr_line' id='line_1_44' title="bbox 426 2823 2121 2895; baseline 0.002 -19"><span class='ocrx_word' id='word_1_310' title='bbox 426 2825 726 2895; x_wconf 67' lang='lat' dir='ltr'><strong><em>praefixum</em></strong></span> <span class='ocrx_word' id='word_1_311' title='bbox 759 2829 864 2889; x_wconf 90' lang='lat' dir='ltr'><strong><em>est,</em></strong></span> <span class='ocrx_word' id='word_1_312' title='bbox 925 2824 1280 2894; x_wconf 87' lang='lat' dir='ltr'><strong><em>temporibus</em></strong></span> <span class='ocrx_word' id='word_1_313' title='bbox 1333 2823 1578 2876; x_wconf 89' lang='lat' dir='ltr'><strong><em>tenenda</em></strong></span> <span class='ocrx_word' id='word_1_314' title='bbox 1629 2823 1994 2891; x_wconf 89' lang='lat' dir='ltr'><strong><em>indulsimus,</em></strong></span> <span class='ocrx_word' id='word_1_315' title='bbox 2049 2841 2121 2879; x_wconf 90' lang='lat' dir='ltr'><strong><em>ne</em></strong></span> 
     </span>
    </p>
   </div>
   <div class='ocr_carea' id='block_1_45' title="bbox 427 2911 2120 2982">
    <p class='ocr_par' dir='ltr' id='par_1_45' title="bbox 427 2911 2120 2982">
     <span class='ocr_line' id='line_1_45' title="bbox 427 2911 2120 2982; baseline 0 -16"><span class='ocrx_word' id='word_1_316' title='bbox 427 2914 643 2967; x_wconf 88' lang='lat' dir='ltr'><strong><em>bonum</em></strong></span> <span class='ocrx_word' id='word_1_317' title='bbox 671 2912 822 2982; x_wconf 86' lang='lat' dir='ltr'><strong><em>quod</em></strong></span> <span class='ocrx_word' id='word_1_318' title='bbox 853 2911 1083 2965; x_wconf 89' lang='lat' dir='ltr'><strong><em>inlirma</em></strong></span> <span class='ocrx_word' id='word_1_319' title='bbox 1115 2912 1300 2966; x_wconf 89' lang='lat' dir='ltr'><strong><em>adhuc</em></strong></span> <span class='ocrx_word' id='word_1_320' title='bbox 1356 2911 1544 2965; x_wconf 90' lang='lat' dir='ltr'><strong><em>radice</em></strong></span> <span class='ocrx_word' id='word_1_321' title='bbox 1595 2912 1915 2981; x_wconf 89' lang='lat' dir='ltr'><strong><em>plantatum</em></strong></span> <span class='ocrx_word' id='word_1_322' title='bbox 1975 2918 2120 2979; x_wconf 84' lang='lat' dir='ltr'><strong><em>erat,</em></strong></span> 
     </span>
    </p>
   </div>
   <div class='ocr_carea' id='block_1_46' title="bbox 430 2999 2122 3073">
    <p class='ocr_par' dir='ltr' id='par_1_46' title="bbox 430 2999 2122 3073">
     <span class='ocr_line' id='line_1_46' title="bbox 430 2999 2122 3073; baseline 0.001 -18"><span class='ocrx_word' id='word_1_323' title='bbox 430 3008 769 3055; x_wconf 89' lang='lat' dir='ltr'><strong><em>exureretur</em></strong></span> <span class='ocrx_word' id='word_1_324' title='bbox 827 3001 924 3054; x_wconf 90' lang='lat' dir='ltr'><strong><em>sed</em></strong></span> <span class='ocrx_word' id='word_1_325' title='bbox 1005 3001 1362 3072; x_wconf 86' lang='lat' dir='ltr'><strong><em>aliquantum</em></strong></span> <span class='ocrx_word' id='word_1_326' title='bbox 1421 2999 1770 3069; x_wconf 83' lang='lat' dir='ltr'><strong><em>ﬁrmaretur,</em></strong></span> <span class='ocrx_word' id='word_1_327' title='bbox 1830 3007 1886 3056; x_wconf 89' lang='lat' dir='ltr'><strong><em>et</em></strong></span> <span class='ocrx_word' id='word_1_328' title='bbox 1940 3018 2122 3073; x_wconf 88' lang='lat' dir='ltr'><strong><em>usque</em></strong></span> 
     </span>
    </p>
   </div>
   <div class='ocr_carea' id='block_1_47' title="bbox 426 3089 2129 3161">
    <p class='ocr_par' dir='ltr' id='par_1_47' title="bbox 426 3089 2129 3161">
     <span class='ocr_line' id='line_1_47' title="bbox 426 3089 2129 3161; baseline 0.001 -18"><span class='ocrx_word' id='word_1_329' title='bbox 426 3090 496 3143; x_wconf 90' lang='lat' dir='ltr'><strong><em>ad</em></strong></span> <span class='ocrx_word' id='word_1_330' title='bbox 528 3089 931 3160; x_wconf 88' lang='lat' dir='ltr'><strong><em>perfectionem</em></strong></span> <span class='ocrx_word' id='word_1_331' title='bbox 985 3090 1384 3143; x_wconf 83' lang='lat' dir='ltr'><strong><em>custodiretur.</em></strong></span> <span class='ocrx_word' id='word_1_332' title='bbox 1424 3091 1553 3144; x_wconf 68' lang='lat' dir='ltr'><strong><em>Ilaec</em></strong></span> <span class='ocrx_word' id='word_1_333' title='bbox 1610 3105 1716 3159; x_wconf 89' lang='lat' dir='ltr'><strong><em>ego</em></strong></span> <span class='ocrx_word' id='word_1_334' title='bbox 1774 3106 1912 3161; x_wconf 89' lang='lat' dir='ltr'><strong><em>ergo</em></strong></span> <span class='ocrx_word' id='word_1_335' title='bbox 1965 3092 2129 3146; x_wconf 86' lang='lat' dir='ltr'><strong><em>Joan-</em></strong></span> 
     </span>
    </p>
   </div>
   <div class='ocr_carea' id='block_1_48' title="bbox 427 3176 2123 3248">
    <p class='ocr_par' dir='ltr' id='par_1_48' title="bbox 427 3176 2123 3248">
     <span class='ocr_line' id='line_1_48' title="bbox 427 3176 2123 3248; baseline 0.001 -17"><span class='ocrx_word' id='word_1_336' title='bbox 427 3194 529 3231; x_wconf 90' lang='lat' dir='ltr'><strong><em>nes</em></strong></span> <span class='ocrx_word' id='word_1_337' title='bbox 555 3176 765 3230; x_wconf 90' lang='lat' dir='ltr'><strong><em>idcirco</em></strong></span> <span class='ocrx_word' id='word_1_338' title='bbox 796 3177 1228 3246; x_wconf 88' lang='lat' dir='ltr'><strong><em>perstringenda</em></strong></span> <span class='ocrx_word' id='word_1_339' title='bbox 1277 3177 1490 3243; x_wconf 90' lang='lat' dir='ltr'><strong><em>curavi,</em></strong></span> <span class='ocrx_word' id='word_1_340' title='bbox 1525 3182 1584 3231; x_wconf 93' lang='lat' dir='ltr'><strong><em>ut</em></strong></span> <span class='ocrx_word' id='word_1_341' title='bbox 1626 3177 1684 3231; x_wconf 88' lang='lat' dir='ltr'><strong><em>hi</em></strong></span> <span class='ocrx_word' id='word_1_342' title='bbox 1728 3179 1828 3248; x_wconf 89' lang='lat' dir='ltr'><strong><em>qui</em></strong></span> <span class='ocrx_word' id='word_1_343' title='bbox 1877 3179 2123 3233; x_wconf 88' lang='lat' dir='ltr'><strong><em>occasio-</em></strong></span> 
     </span>
    </p>
   </div>
   <div class='ocr_carea' id='block_1_49' title="bbox 427 3264 2127 3333">
    <p class='ocr_par' dir='ltr' id='par_1_49' title="bbox 427 3264 2127 3333">
     <span class='ocr_line' id='line_1_49' title="bbox 427 3264 2127 3333; baseline 0.001 -14"><span class='ocrx_word' id='word_1_344' title='bbox 427 3281 500 3319; x_wconf 90' lang='lat' dir='ltr'><strong><em>ne</em></strong></span> <span class='ocrx_word' id='word_1_345' title='bbox 547 3281 706 3318; x_wconf 67' lang='lat' dir='ltr'><strong><em>novae</em></strong></span> <span class='ocrx_word' id='word_1_346' title='bbox 767 3264 1210 3333; x_wconf 84' lang='lat' dir='ltr'><strong><em>dispensationis</em></strong></span> <span class='ocrx_word' id='word_1_347' title='bbox 1261 3264 1458 3316; x_wconf 89' lang='lat' dir='ltr'><strong><em>illicita</em></strong></span> <span class='ocrx_word' id='word_1_348' title='bbox 1500 3266 1866 3320; x_wconf 88' lang='lat' dir='ltr'><strong><em>matrimonia</em></strong></span> <span class='ocrx_word' id='word_1_349' title='bbox 1931 3274 2127 3321; x_wconf 91' lang='lat' dir='ltr'><strong><em>contra</em></strong></span> 
     </span>
    </p>
   </div>
   <div class='ocr_carea' id='block_1_50' title="bbox 425 3351 2124 3424">
    <p class='ocr_par' dir='ltr' id='par_1_50' title="bbox 425 3351 2124 3424">
     <span class='ocr_line' id='line_1_50' title="bbox 425 3351 2124 3424; baseline 0.001 -17"><span class='ocrx_word' id='word_1_350' title='bbox 425 3353 580 3407; x_wconf 88' lang='lat' dir='ltr'><strong><em>hunc</em></strong></span> <span class='ocrx_word' id='word_1_351' title='bbox 607 3351 1055 3406; x_wconf 89' lang='lat' dir='ltr'><strong><em>eruditissimum</em></strong></span> <span class='ocrx_word' id='word_1_352' title='bbox 1086 3353 1273 3405; x_wconf 90' lang='lat' dir='ltr'><strong><em>virum</em></strong></span> <span class='ocrx_word' id='word_1_353' title='bbox 1305 3358 1630 3420; x_wconf 88' lang='lat' dir='ltr'><strong><em>causantur,</em></strong></span> <span class='ocrx_word' id='word_1_354' title='bbox 1673 3370 1790 3408; x_wconf 90' lang='lat' dir='ltr'><strong><em>non</em></strong></span> <span class='ocrx_word' id='word_1_355' title='bbox 1838 3357 2124 3424; x_wconf 88' lang='lat' dir='ltr'><strong><em>generali-</em></strong></span> 
     </span>
    </p>
   </div>
   <div class='ocr_carea' id='block_1_51' title="bbox 425 3432 2125 3512">
    <p class='ocr_par' dir='ltr' id='par_1_51' title="bbox 425 3432 2125 3512">
     <span class='ocr_line' id='line_1_51' title="bbox 425 3432 2125 3512; baseline 0.002 -18"><span class='ocrx_word' id='word_1_356' title='bbox 425 3447 514 3495; x_wconf 90' lang='lat' dir='ltr'><strong><em>ter</em></strong></span> <span class='ocrx_word' id='word_1_357' title='bbox 567 3447 785 3511; x_wconf 67' lang='lat' dir='ltr'><strong><em>quartaa</em></strong></span> <span class='ocrx_word' id='word_1_358' title='bbox 857 3441 1246 3512; x_wconf 80' lang='lat' dir='ltr'><strong><em>generationis</em></strong></span> <span class='ocrx_word' id='word_1_359' title='bbox 1317 3443 1585 3512; x_wconf 90' lang='lat' dir='ltr'><strong><em>copulam</em></strong></span> <span class='ocrx_word' id='word_1_360' title='bbox 1641 3443 1949 3511; x_wconf 89' lang='lat' dir='ltr'><strong><em>censuisse,</em></strong></span> <span class='ocrx_word' id='word_1_361' title='bbox 2007 3432 2125 3499; x_wconf 80' lang='grc' dir='ltr'><strong><em>ἰηιὸ</em></strong></span> 
     </span>
    </p>
   </div>
   <div class='ocr_carea' id='block_1_52' title="bbox 425 3530 740 3585">
    <p class='ocr_par' dir='ltr' id='par_1_52' title="bbox 425 3530 740 3585">
     <span class='ocr_line' id='line_1_52' title="bbox 425 3530 740 3585; baseline 0.003 -3"><span class='ocrx_word' id='word_1_362' title='bbox 425 3530 740 3585; x_wconf 89' lang='lat' dir='ltr'><strong><em>venialiter.</em></strong></span> 
     </span>
    </p>
   </div>
   <div class='ocr_carea' id='block_1_53' title="bbox 426 3635 2122 3703">
    <p class='ocr_par' dir='ltr' id='par_1_53' title="bbox 426 3635 2122 3703">
     <span class='ocr_line' id='line_1_53' title="bbox 426 3635 2122 3703; baseline 0.001 -13"><span class='ocrx_word' id='word_1_363' title='bbox 426 3636 553 3690; x_wconf 77' lang='lat' dir='ltr'><strong><em>CAP.</em></strong></span> <span class='ocrx_word' id='word_1_364' title='bbox 589 3636 712 3690; x_wconf 77' lang='lat' dir='ltr'><strong>XXI.</strong></span> <span class='ocrx_word' id='word_1_365' title='bbox 762 3665 831 3677; x_wconf 94' lang='lat'><strong><em>—</em></strong></span> <span class='ocrx_word' id='word_1_366' title='bbox 863 3635 1020 3700; x_wconf 87' lang='lat' dir='ltr'><strong><em>Quod</em></strong></span> <span class='ocrx_word' id='word_1_367' title='bbox 1053 3639 1320 3703; x_wconf 69' lang='lat' dir='ltr'><strong><em>extranei,</em></strong></span> <span class='ocrx_word' id='word_1_368' title='bbox 1368 3639 1480 3690; x_wconf 84' lang='lat' dir='ltr'><strong><em>nisi</em></strong></span> <span class='ocrx_word' id='word_1_369' title='bbox 1509 3653 1576 3691; x_wconf 76' lang='lat' dir='ltr'><strong><em>ea:</em></strong></span> <span class='ocrx_word' id='word_1_370' title='bbox 1601 3641 1923 3701; x_wconf 88' lang='lat' dir='ltr'><strong><em>necessario,</em></strong></span> <span class='ocrx_word' id='word_1_371' title='bbox 1954 3638 2122 3692; x_wconf 81' lang='lat' dir='ltr'><strong><em>disci-</em></strong></span> 
     </span>
    </p>
   </div>
   <div class='ocr_carea' id='block_1_54' title="bbox 566 3706 1976 3775">
    <p class='ocr_par' dir='ltr' id='par_1_54' title="bbox 566 3706 1976 3775">
     <span class='ocr_line' id='line_1_54' title="bbox 566 3706 1976 3775; baseline 0.002 -15"><span class='ocrx_word' id='word_1_372' title='bbox 566 3706 718 3760; x_wconf 87' lang='lat' dir='ltr'><strong><em>dium</em></strong></span> <span class='ocrx_word' id='word_1_373' title='bbox 747 3709 889 3760; x_wconf 86' lang='lat' dir='ltr'><strong><em>inter</em></strong></span> <span class='ocrx_word' id='word_1_374' title='bbox 915 3711 1339 3774; x_wconf 84' lang='lat' dir='ltr'><strong><em>consanguineos</em></strong></span> <span class='ocrx_word' id='word_1_375' title='bbox 1378 3711 1558 3775; x_wconf 78' lang='lat' dir='ltr'><strong><em>facere</em></strong></span> <span class='ocrx_word' id='word_1_376' title='bbox 1595 3725 1700 3762; x_wconf 84' lang='lat' dir='ltr'><strong><em>non</em></strong></span> <span class='ocrx_word' id='word_1_377' title='bbox 1730 3709 1976 3764; x_wconf 81' lang='lat' dir='ltr'><strong><em>debeant.</em></strong></span> 
     </span>
    </p>
   </div>
   <div class='ocr_carea' id='block_1_55' title="bbox 494 3811 2119 3885">
    <p class='ocr_par' dir='ltr' id='par_1_55' title="bbox 494 3811 2119 3885">
     <span class='ocr_line' id='line_1_55' title="bbox 494 3811 2119 3885; baseline 0.002 -18"><span class='ocrx_word' id='word_1_378' title='bbox 494 3811 602 3883; x_wconf 74' lang='lat' dir='ltr'><strong><em>(Em</em></strong></span> <span class='ocrx_word' id='word_1_379' title='bbox 627 3813 770 3866; x_wconf 90' lang='lat' dir='ltr'><strong><em>decr.</em></strong></span> <span class='ocrx_word' id='word_1_380' title='bbox 801 3813 1034 3866; x_wconf 85' lang='lat' dir='ltr'><strong><em>Fabiani</em></strong></span> <span class='ocrx_word' id='word_1_381' title='bbox 1055 3829 1230 3882; x_wconf 80' lang='lat' dir='ltr'><strong><em>papae,</em></strong></span> <span class='ocrx_word' id='word_1_382' title='bbox 1264 3829 1383 3882; x_wconf 88' lang='lat' dir='ltr'><strong><em>cap.</em></strong></span> <span class='ocrx_word' id='word_1_383' title='bbox 1417 3816 1497 3882; x_wconf 91' lang='lat'><strong><em>8.)</em></strong></span> <span class='ocrx_word' id='word_1_384' title='bbox 1530 3815 1995 3885; x_wconf 84' lang='lat' dir='ltr'><strong><em>Consanguineos</em></strong></span> <span class='ocrx_word' id='word_1_385' title='bbox 2025 3833 2119 3870; x_wconf 87' lang='lat' dir='ltr'><strong><em>ex-</em></strong></span> 
     </span>
    </p>
   </div>
   <div class='ocr_carea' id='block_1_56' title="bbox 421 3903 2122 3975">
    <p class='ocr_par' dir='ltr' id='par_1_56' title="bbox 421 3903 2122 3975">
     <span class='ocr_line' id='line_1_56' title="bbox 421 3903 2122 3975; baseline 0.001 -20"><span class='ocrx_word' id='word_1_386' title='bbox 421 3910 752 3956; x_wconf 88' lang='lat' dir='ltr'><strong><em>traneorum</em></strong></span> <span class='ocrx_word' id='word_1_387' title='bbox 783 3903 975 3954; x_wconf 91' lang='lat' dir='ltr'><strong><em>nullus</em></strong></span> <span class='ocrx_word' id='word_1_388' title='bbox 995 3908 1240 3967; x_wconf 74' lang='lat' dir='ltr'><strong><em>accuset,</em></strong></span> <span class='ocrx_word' id='word_1_389' title='bbox 1275 3904 1360 3957; x_wconf 89' lang='lat' dir='ltr'><strong><em>vel</em></strong></span> <span class='ocrx_word' id='word_1_390' title='bbox 1383 3903 1938 3973; x_wconf 79' lang='lat' dir='ltr'><strong><em>consanguinitatem</em></strong></span> <span class='ocrx_word' id='word_1_391' title='bbox 1961 3904 2019 3958; x_wconf 91' lang='lat' dir='ltr'><strong><em>in</em></strong></span> <span class='ocrx_word' id='word_1_392' title='bbox 2043 3922 2122 3975; x_wconf 82' lang='lat' dir='ltr'><strong><em>sy-</em></strong></span> 
     </span>
    </p>
   </div>
   <div class='ocr_carea' id='block_1_57' title="bbox 420 3990 2118 4062">
    <p class='ocr_par' dir='ltr' id='par_1_57' title="bbox 420 3990 2118 4062">
     <span class='ocr_line' id='line_1_57' title="bbox 420 3990 2118 4062; baseline 0.002 -18"><span class='ocrx_word' id='word_1_393' title='bbox 420 3991 574 4044; x_wconf 88' lang='lat' dir='ltr'><strong><em>nodo</em></strong></span> <span class='ocrx_word' id='word_1_394' title='bbox 604 3993 916 4059; x_wconf 86' lang='lat' dir='ltr'><strong><em>computet,</em></strong></span> <span class='ocrx_word' id='word_1_395' title='bbox 974 3990 1069 4042; x_wconf 90' lang='lat' dir='ltr'><strong><em>sed</em></strong></span> <span class='ocrx_word' id='word_1_396' title='bbox 1129 3991 1444 4061; x_wconf 90' lang='lat' dir='ltr'><strong><em>propinqui</em></strong></span> <span class='ocrx_word' id='word_1_397' title='bbox 1476 3991 1544 4045; x_wconf 90' lang='lat' dir='ltr'><strong><em>ad</em></strong></span> <span class='ocrx_word' id='word_1_398' title='bbox 1599 4008 1847 4062; x_wconf 88' lang='lat' dir='ltr'><strong><em>quorum</em></strong></span> <span class='ocrx_word' id='word_1_399' title='bbox 1921 3998 2118 4047; x_wconf 88' lang='lat' dir='ltr'><strong><em>notam</em></strong></span> 
     </span>
    </p>
   </div>
   <div class='ocr_carea' id='block_1_58' title="bbox 418 4079 2114 4151">
    <p class='ocr_par' dir='ltr' id='par_1_58' title="bbox 418 4079 2114 4151">
     <span class='ocr_line' id='line_1_58' title="bbox 418 4079 2114 4151; baseline 0.002 -19"><span class='ocrx_word' id='word_1_400' title='bbox 418 4080 687 4150; x_wconf 88' lang='lat' dir='ltr'><strong><em>pertinet,</em></strong></span> <span class='ocrx_word' id='word_1_401' title='bbox 721 4079 776 4131; x_wconf 88' lang='lat' dir='ltr'><strong><em>id</em></strong></span> <span class='ocrx_word' id='word_1_402' title='bbox 804 4084 907 4144; x_wconf 91' lang='lat' dir='ltr'><strong><em>est,</em></strong></span> <span class='ocrx_word' id='word_1_403' title='bbox 938 4084 1119 4147; x_wconf 82' lang='lat' dir='ltr'><strong><em>pater.</em></strong></span> <span class='ocrx_word' id='word_1_404' title='bbox 1149 4085 1350 4145; x_wconf 89' lang='lat' dir='ltr'><strong><em>mater,</em></strong></span> <span class='ocrx_word' id='word_1_405' title='bbox 1384 4079 1576 4146; x_wconf 89' lang='lat' dir='ltr'><strong><em>frater,</em></strong></span> <span class='ocrx_word' id='word_1_406' title='bbox 1622 4097 1802 4148; x_wconf 85' lang='lat' dir='ltr'><strong><em>soror,</em></strong></span> <span class='ocrx_word' id='word_1_407' title='bbox 1854 4087 2114 4151; x_wconf 89' lang='lat' dir='ltr'><strong><em>patruus,</em></strong></span> 
     </span>
    </p>
   </div>
   <div class='ocr_carea' id='block_1_59' title="bbox 419 4165 2111 4237">
    <p class='ocr_par' dir='ltr' id='par_1_59' title="bbox 419 4165 2111 4237">
     <span class='ocr_line' id='line_1_59' title="bbox 419 4165 2111 4237; baseline 0.002 -17"><span class='ocrx_word' id='word_1_408' title='bbox 419 4167 750 4231; x_wconf 80' lang='lat' dir='ltr'><strong><em>avunculus,</em></strong></span> <span class='ocrx_word' id='word_1_409' title='bbox 799 4165 991 4230; x_wconf 88' lang='lat' dir='ltr'><strong><em>amita,</em></strong></span> <span class='ocrx_word' id='word_1_410' title='bbox 1052 4170 1376 4231; x_wconf 88' lang='lat' dir='ltr'><strong><em>matertera,</em></strong></span> <span class='ocrx_word' id='word_1_411' title='bbox 1411 4173 1466 4219; x_wconf 91' lang='lat' dir='ltr'><strong><em>et</em></strong></span> <span class='ocrx_word' id='word_1_412' title='bbox 1523 4184 1723 4221; x_wconf 91' lang='lat' dir='ltr'><strong><em>eorum</em></strong></span> <span class='ocrx_word' id='word_1_413' title='bbox 1774 4169 2111 4237; x_wconf 88' lang='lat' dir='ltr'><strong><em>procreatio.</em></strong></span> 
     </span>
    </p>
   </div>
   <div class='ocr_carea' id='block_1_60' title="bbox 2237 1778 3472 1850">
    <p class='ocr_par' dir='ltr' id='par_1_60' title="bbox 2237 1778 3472 1850">
     <span class='ocr_line' id='line_1_60' title="bbox 2237 1778 3472 1850; baseline -0.001 -17"><span class='ocrx_word' id='word_1_414' title='bbox 2237 1781 2410 1850; x_wconf 89' lang='lat' dir='ltr'><strong><em>sapis,</em></strong></span> <span class='ocrx_word' id='word_1_415' title='bbox 2444 1784 2543 1833; x_wconf 89' lang='lat' dir='ltr'><strong><em>aut</em></strong></span> <span class='ocrx_word' id='word_1_416' title='bbox 2571 1778 2804 1844; x_wconf 88' lang='lat' dir='ltr'><strong><em>audisti,</em></strong></span> <span class='ocrx_word' id='word_1_417' title='bbox 2835 1778 2915 1831; x_wconf 90' lang='lat' dir='ltr'><strong><em>sic</em></strong></span> <span class='ocrx_word' id='word_1_418' title='bbox 2941 1783 2996 1833; x_wconf 91' lang='lat' dir='ltr'><strong><em>te</em></strong></span> <span class='ocrx_word' id='word_1_419' title='bbox 3038 1779 3184 1831; x_wconf 85' lang='lat' dir='ltr'><strong><em>Deus</em></strong></span> <span class='ocrx_word' id='word_1_420' title='bbox 3215 1779 3472 1848; x_wconf 85' lang='lat' dir='ltr'><strong><em>adjuvet.</em></strong></span> 
     </span>
    </p>
   </div>
   <div class='ocr_carea' id='block_1_61' title="bbox 2285 1901 3858 1960">
    <p class='ocr_par' dir='ltr' id='par_1_61' title="bbox 2285 1901 3858 1960">
     <span class='ocr_line' id='line_1_61' title="bbox 2285 1901 3858 1960; baseline -0.004 0"><span class='ocrx_word' id='word_1_421' title='bbox 2285 1903 2414 1960; x_wconf 82' lang='lat' dir='ltr'><strong><em>CAP.</em></strong></span> <span class='ocrx_word' id='word_1_422' title='bbox 2447 1903 2648 1958; x_wconf 84' lang='lat' dir='ltr'><strong><em>XXVII.</em></strong></span> <span class='ocrx_word' id='word_1_423' title='bbox 2672 1933 2742 1942; x_wconf 97' lang='lat'><strong>—</strong></span> <span class='ocrx_word' id='word_1_424' title='bbox 2769 1903 3175 1956; x_wconf 87' lang='lat' dir='ltr'><strong><em>Sacramentum</em></strong></span> <span class='ocrx_word' id='word_1_425' title='bbox 3207 1901 3272 1954; x_wconf 89' lang='lat' dir='ltr'><strong><em>de</em></strong></span> <span class='ocrx_word' id='word_1_426' title='bbox 3301 1903 3613 1956; x_wconf 86' lang='lat' dir='ltr'><strong><em>incestuoso</em></strong></span> <span class='ocrx_word' id='word_1_427' title='bbox 3642 1901 3858 1956; x_wconf 84' lang='lat' dir='ltr'><strong><em>discidio.</em></strong></span> 
     </span>
    </p>
   </div>
   <div class='ocr_carea' id='block_1_62' title="bbox 2305 2006 3894 2078">
    <p class='ocr_par' dir='ltr' id='par_1_62' title="bbox 2305 2006 3894 2078">
     <span class='ocr_line' id='line_1_62' title="bbox 2305 2006 3894 2078; baseline -0.003 -14"><span class='ocrx_word' id='word_1_428' title='bbox 2305 2011 2390 2065; x_wconf 78' lang='lat' dir='ltr'><strong><em>Ab</em></strong></span> <span class='ocrx_word' id='word_1_429' title='bbox 2419 2010 2528 2064; x_wconf 90' lang='lat' dir='ltr'><strong><em>isto</em></strong></span> <span class='ocrx_word' id='word_1_430' title='bbox 2556 2009 2646 2063; x_wconf 90' lang='lat' dir='ltr'><strong><em>die</em></strong></span> <span class='ocrx_word' id='word_1_431' title='bbox 2681 2009 2738 2062; x_wconf 92' lang='lat' dir='ltr'><strong><em>in</em></strong></span> <span class='ocrx_word' id='word_1_432' title='bbox 2772 2013 2936 2062; x_wconf 90' lang='lat' dir='ltr'><strong><em>antea</em></strong></span> <span class='ocrx_word' id='word_1_433' title='bbox 2968 2007 3119 2078; x_wconf 89' lang='lat' dir='ltr'><strong><em>quod</em></strong></span> <span class='ocrx_word' id='word_1_434' title='bbox 3146 2012 3208 2060; x_wconf 92' lang='lat' dir='ltr'><strong><em>tu</em></strong></span> <span class='ocrx_word' id='word_1_435' title='bbox 3234 2023 3338 2078; x_wconf 89' lang='lat' dir='ltr'><strong><em>per</em></strong></span> <span class='ocrx_word' id='word_1_436' title='bbox 3368 2006 3608 2060; x_wconf 87' lang='lat' dir='ltr'><strong><em>nullum</em></strong></span> <span class='ocrx_word' id='word_1_437' title='bbox 3641 2007 3894 2076; x_wconf 87' lang='lat' dir='ltr'><strong><em>ingenium</em></strong></span> 
     </span>
    </p>
   </div>
   <div class='ocr_carea' id='block_1_63' title="bbox 2235 2095 3900 2166">
    <p class='ocr_par' dir='ltr' id='par_1_63' title="bbox 2235 2095 3900 2166">
     <span class='ocr_line' id='line_1_63' title="bbox 2235 2095 3900 2166; baseline -0.004 -14"><span class='ocrx_word' id='word_1_438' title='bbox 2235 2103 2290 2152; x_wconf 88' lang='lat' dir='ltr'><strong><em>te</em></strong></span> <span class='ocrx_word' id='word_1_439' title='bbox 2346 2098 2587 2152; x_wconf 87' lang='lat' dir='ltr'><strong><em>sociabis</em></strong></span> <span class='ocrx_word' id='word_1_440' title='bbox 2639 2097 2773 2151; x_wconf 88' lang='lat' dir='ltr'><strong><em>huic</em></strong></span> <span class='ocrx_word' id='word_1_441' title='bbox 2847 2102 2961 2150; x_wconf 61' lang='lat' dir='ltr'><strong><em>tum</em></strong></span> <span class='ocrx_word' id='word_1_442' title='bbox 3041 2096 3380 2166; x_wconf 67' lang='lat' dir='ltr'><strong><em>conguineaa</em></strong></span> <span class='ocrx_word' id='word_1_443' title='bbox 3471 2095 3542 2150; x_wconf 83' lang='lat' dir='ltr'><strong><em>N.</em></strong></span> <span class='ocrx_word' id='word_1_444' title='bbox 3621 2112 3742 2148; x_wconf 86' lang='lat' dir='ltr'><strong><em>cum</em></strong></span> <span class='ocrx_word' id='word_1_445' title='bbox 3812 2112 3900 2164; x_wconf 85' lang='lat' dir='ltr'><strong><em>qua</em></strong></span> 
     </span>
    </p>
   </div>
   <div class='ocr_carea' id='block_1_64' title="bbox 2235 2183 3895 2257">
    <p class='ocr_par' dir='ltr' id='par_1_64' title="bbox 2235 2183 3895 2257">
     <span class='ocr_line' id='line_1_64' title="bbox 2235 2183 3895 2257; baseline -0.003 -17"><span class='ocrx_word' id='word_1_446' title='bbox 2235 2193 2438 2242; x_wconf 89' lang='lat' dir='ltr'><strong><em>contra</em></strong></span> <span class='ocrx_word' id='word_1_447' title='bbox 2470 2188 2655 2257; x_wconf 82' lang='lat' dir='ltr'><strong><em>legem</em></strong></span> <span class='ocrx_word' id='word_1_448' title='bbox 2687 2191 2742 2239; x_wconf 92' lang='lat' dir='ltr'><strong><em>et</em></strong></span> <span class='ocrx_word' id='word_1_449' title='bbox 2769 2191 2984 2239; x_wconf 88' lang='lat' dir='ltr'><strong><em>rectam</em></strong></span> <span class='ocrx_word' id='word_1_450' title='bbox 3042 2183 3548 2239; x_wconf 81' lang='lat' dir='ltr'><strong><em>Christianitatem</em></strong></span> <span class='ocrx_word' id='word_1_451' title='bbox 3583 2189 3736 2237; x_wconf 89' lang='lat' dir='ltr'><strong><em>tuam</em></strong></span> <span class='ocrx_word' id='word_1_452' title='bbox 3772 2184 3895 2236; x_wconf 86' lang='lat' dir='ltr'><strong><em>adul-</em></strong></span> 
     </span>
    </p>
   </div>
   <div class='ocr_carea' id='block_1_65' title="bbox 2234 2272 3896 2344">
    <p class='ocr_par' dir='ltr' id='par_1_65' title="bbox 2234 2272 3896 2344">
     <span class='ocr_line' id='line_1_65' title="bbox 2234 2272 3896 2344; baseline -0.003 -15"><span class='ocrx_word' id='word_1_453' title='bbox 2234 2276 2444 2330; x_wconf 89' lang='lat' dir='ltr'><strong><em>terium</em></strong></span> <span class='ocrx_word' id='word_1_454' title='bbox 2477 2281 2533 2328; x_wconf 89' lang='lat' dir='ltr'><strong><em>et</em></strong></span> <span class='ocrx_word' id='word_1_455' title='bbox 2555 2278 2835 2328; x_wconf 84' lang='lat' dir='ltr'><strong><em>incestum</em></strong></span> <span class='ocrx_word' id='word_1_456' title='bbox 2869 2272 3232 2343; x_wconf 89' lang='lat' dir='ltr'><strong><em>perpetrasti,</em></strong></span> <span class='ocrx_word' id='word_1_457' title='bbox 3265 2288 3374 2326; x_wconf 90' lang='lat' dir='ltr'><strong><em>nec</em></strong></span> <span class='ocrx_word' id='word_1_458' title='bbox 3426 2274 3489 2326; x_wconf 89' lang='lat' dir='ltr'><strong><em>in</em></strong></span> <span class='ocrx_word' id='word_1_459' title='bbox 3539 2272 3792 2344; x_wconf 85' lang='lat' dir='ltr'><strong><em>conjugio</em></strong></span> <span class='ocrx_word' id='word_1_460' title='bbox 3818 2288 3896 2324; x_wconf 85' lang='lat' dir='ltr'><strong><em>nec</em></strong></span> 
     </span>
    </p>
   </div>
   <div class='ocr_carea' id='block_1_66' title="bbox 2235 2361 3897 2425">
    <p class='ocr_par' dir='ltr' id='par_1_66' title="bbox 2235 2361 3897 2425">
     <span class='ocr_line' id='line_1_66' title="bbox 2235 2361 3897 2425; baseline -0.003 -7"><span class='ocrx_word' id='word_1_461' title='bbox 2235 2367 2293 2419; x_wconf 92' lang='lat' dir='ltr'><strong><em>in</em></strong></span> <span class='ocrx_word' id='word_1_462' title='bbox 2325 2363 2607 2419; x_wconf 87' lang='lat' dir='ltr'><strong><em>adulterio</em></strong></span> <span class='ocrx_word' id='word_1_463' title='bbox 2635 2363 2793 2417; x_wconf 89' lang='lat' dir='ltr'><strong><em>illam</em></strong></span> <span class='ocrx_word' id='word_1_464' title='bbox 2824 2362 2929 2417; x_wconf 88' lang='lat' dir='ltr'><strong><em>tibi</em></strong></span> <span class='ocrx_word' id='word_1_465' title='bbox 2960 2361 3218 2425; x_wconf 90' lang='lat' dir='ltr'><strong><em>sociabis,</em></strong></span> <span class='ocrx_word' id='word_1_466' title='bbox 3252 2378 3355 2416; x_wconf 89' lang='lat' dir='ltr'><strong><em>nec</em></strong></span> <span class='ocrx_word' id='word_1_467' title='bbox 3388 2378 3523 2415; x_wconf 90' lang='lat' dir='ltr'><strong><em>cum</em></strong></span> <span class='ocrx_word' id='word_1_468' title='bbox 3557 2363 3652 2415; x_wconf 90' lang='lat' dir='ltr'><strong><em>illa</em></strong></span> <span class='ocrx_word' id='word_1_469' title='bbox 3670 2363 3735 2415; x_wconf 91' lang='lat' dir='ltr'><strong><em>ad</em></strong></span> <span class='ocrx_word' id='word_1_470' title='bbox 3761 2377 3897 2414; x_wconf 81' lang='lat' dir='ltr'><strong><em>unam</em></strong></span> 
     </span>
    </p>
   </div>
   <div class='ocr_carea' id='block_1_67' title="bbox 2237 2451 3898 2517">
    <p class='ocr_par' dir='ltr' id='par_1_67' title="bbox 2237 2451 3898 2517">
     <span class='ocr_line' id='line_1_67' title="bbox 2237 2451 3898 2517; baseline -0.003 -10"><span class='ocrx_word' id='word_1_471' title='bbox 2237 2469 2496 2508; x_wconf 89' lang='lat' dir='ltr'><strong><em>mensam</em></strong></span> <span class='ocrx_word' id='word_1_472' title='bbox 2554 2451 2924 2506; x_wconf 88' lang='lat' dir='ltr'><strong><em>manducabis</em></strong></span> <span class='ocrx_word' id='word_1_473' title='bbox 2979 2456 3038 2505; x_wconf 91' lang='lat' dir='ltr'><strong><em>et</em></strong></span> <span class='ocrx_word' id='word_1_474' title='bbox 3091 2451 3272 2517; x_wconf 89' lang='lat' dir='ltr'><strong><em>bibes,</em></strong></span> <span class='ocrx_word' id='word_1_475' title='bbox 3331 2457 3436 2504; x_wconf 87' lang='lat' dir='ltr'><strong><em>aut</em></strong></span> <span class='ocrx_word' id='word_1_476' title='bbox 3482 2451 3591 2504; x_wconf 93' lang='lat' dir='ltr'><strong><em>sub</em></strong></span> <span class='ocrx_word' id='word_1_477' title='bbox 3622 2467 3731 2504; x_wconf 90' lang='lat' dir='ltr'><strong><em>uno</em></strong></span> <span class='ocrx_word' id='word_1_478' title='bbox 3783 2455 3898 2503; x_wconf 83' lang='lat' dir='ltr'><strong><em>tecto</em></strong></span> 
     </span>
    </p>
   </div>
   <div class='ocr_carea' id='block_1_68' title="bbox 2235 2539 3900 2610">
    <p class='ocr_par' dir='ltr' id='par_1_68' title="bbox 2235 2539 3900 2610">
     <span class='ocr_line' id='line_1_68' title="bbox 2235 2539 3900 2610; baseline -0.004 -15"><span class='ocrx_word' id='word_1_479' title='bbox 2235 2541 2516 2604; x_wconf 88' lang='lat' dir='ltr'><strong><em>manebis,</em></strong></span> <span class='ocrx_word' id='word_1_480' title='bbox 2553 2541 2663 2595; x_wconf 92' lang='lat' dir='ltr'><strong><em>nisi</em></strong></span> <span class='ocrx_word' id='word_1_481' title='bbox 2720 2541 2860 2594; x_wconf 83' lang='lat' dir='ltr'><strong><em>forte</em></strong></span> <span class='ocrx_word' id='word_1_482' title='bbox 2891 2539 2949 2593; x_wconf 93' lang='lat' dir='ltr'><strong><em>in</em></strong></span> <span class='ocrx_word' id='word_1_483' title='bbox 2979 2541 3215 2593; x_wconf 89' lang='lat' dir='ltr'><strong><em>ecclesia</em></strong></span> <span class='ocrx_word' id='word_1_484' title='bbox 3243 2545 3339 2593; x_wconf 88' lang='lat' dir='ltr'><strong><em>aut</em></strong></span> <span class='ocrx_word' id='word_1_485' title='bbox 3369 2540 3432 2592; x_wconf 92' lang='lat' dir='ltr'><strong><em>in</em></strong></span> <span class='ocrx_word' id='word_1_486' title='bbox 3469 2540 3667 2610; x_wconf 89' lang='lat' dir='ltr'><strong><em>aliquo</em></strong></span> <span class='ocrx_word' id='word_1_487' title='bbox 3714 2539 3900 2609; x_wconf 83' lang='lat' dir='ltr'><strong><em>publico</em></strong></span> 
     </span>
    </p>
   </div>
   <div class='ocr_carea' id='block_1_69' title="bbox 2239 2627 3900 2699">
    <p class='ocr_par' dir='ltr' id='par_1_69' title="bbox 2239 2627 3900 2699">
     <span class='ocr_line' id='line_1_69' title="bbox 2239 2627 3900 2699; baseline -0.003 -16"><span class='ocrx_word' id='word_1_488' title='bbox 2239 2632 2378 2698; x_wconf 90' lang='lat' dir='ltr'><strong><em>loco,</em></strong></span> <span class='ocrx_word' id='word_1_489' title='bbox 2438 2629 2534 2683; x_wconf 89' lang='lat' dir='ltr'><strong><em>ubi</em></strong></span> <span class='ocrx_word' id='word_1_490' title='bbox 2599 2629 2754 2683; x_wconf 89' lang='lat' dir='ltr'><strong><em>nulla</em></strong></span> <span class='ocrx_word' id='word_1_491' title='bbox 2802 2629 2953 2682; x_wconf 87' lang='lat' dir='ltr'><strong><em>mala</em></strong></span> <span class='ocrx_word' id='word_1_492' title='bbox 3007 2629 3253 2699; x_wconf 90' lang='lat' dir='ltr'><strong><em>suspicio</em></strong></span> <span class='ocrx_word' id='word_1_493' title='bbox 3299 2629 3488 2698; x_wconf 91' lang='lat' dir='ltr'><strong><em>possit</em></strong></span> <span class='ocrx_word' id='word_1_494' title='bbox 3532 2644 3674 2693; x_wconf 88' lang='lat' dir='ltr'><strong><em>esse,</em></strong></span> <span class='ocrx_word' id='word_1_495' title='bbox 3719 2633 3778 2681; x_wconf 89' lang='lat' dir='ltr'><strong><em>ut</em></strong></span> <span class='ocrx_word' id='word_1_496' title='bbox 3840 2627 3900 2679; x_wconf 82' lang='lat' dir='ltr'><strong><em>ibi</em></strong></span> 
     </span>
    </p>
   </div>
   <div class='ocr_carea' id='block_1_70' title="bbox 2233 2716 3900 2786">
    <p class='ocr_par' dir='ltr' id='par_1_70' title="bbox 2233 2716 3900 2786">
     <span class='ocr_line' id='line_1_70' title="bbox 2233 2716 3900 2786; baseline -0.005 -13"><span class='ocrx_word' id='word_1_497' title='bbox 2233 2735 2428 2773; x_wconf 91' lang='lat' dir='ltr'><strong><em>coram</em></strong></span> <span class='ocrx_word' id='word_1_498' title='bbox 2460 2717 2701 2772; x_wconf 88' lang='lat' dir='ltr'><strong><em>testibus</em></strong></span> <span class='ocrx_word' id='word_1_499' title='bbox 2732 2717 2950 2771; x_wconf 90' lang='lat' dir='ltr'><strong><em>idoneis</em></strong></span> <span class='ocrx_word' id='word_1_500' title='bbox 2980 2733 3082 2786; x_wconf 92' lang='lat' dir='ltr'><strong><em>pro</em></strong></span> <span class='ocrx_word' id='word_1_501' title='bbox 3121 2721 3272 2770; x_wconf 87' lang='lat' dir='ltr'><strong><em>certa</em></strong></span> <span class='ocrx_word' id='word_1_502' title='bbox 3325 2717 3669 2770; x_wconf 89' lang='lat' dir='ltr'><strong><em>necessitate</em></strong></span> <span class='ocrx_word' id='word_1_503' title='bbox 3726 2716 3900 2785; x_wconf 81' lang='lat' dir='ltr'><strong><em>pariter</em></strong></span> 
     </span>
    </p>
   </div>
   <div class='ocr_carea' id='block_1_71' title="bbox 2232 2804 3899 2878">
    <p class='ocr_par' dir='ltr' id='par_1_71' title="bbox 2232 2804 3899 2878">
     <span class='ocr_line' id='line_1_71' title="bbox 2232 2804 3899 2878; baseline -0.004 -17"><span class='ocrx_word' id='word_1_504' title='bbox 2232 2806 2666 2878; x_wconf 90' lang='lat' dir='ltr'><strong><em>colloquamini.</em></strong></span> <span class='ocrx_word' id='word_1_505' title='bbox 2737 2807 2850 2860; x_wconf 90' lang='lat' dir='ltr'><strong><em>Nec</em></strong></span> <span class='ocrx_word' id='word_1_506' title='bbox 2904 2807 3208 2876; x_wconf 88' lang='lat' dir='ltr'><strong><em>conjugem</em></strong></span> <span class='ocrx_word' id='word_1_507' title='bbox 3280 2805 3548 2874; x_wconf 84' lang='lat' dir='ltr'><strong><em>accipies,</em></strong></span> <span class='ocrx_word' id='word_1_508' title='bbox 3610 2804 3717 2858; x_wconf 91' lang='lat' dir='ltr'><strong><em>nisi</em></strong></span> <span class='ocrx_word' id='word_1_509' title='bbox 3785 2804 3899 2855; x_wconf 80' lang='lat' dir='ltr'><strong><em>forte</em></strong></span> 
     </span>
    </p>
   </div>
   <div class='ocr_carea' id='block_1_72' title="bbox 2233 2893 3951 2967">
    <p class='ocr_par' dir='ltr' id='par_1_72' title="bbox 2233 2893 3951 2967">
     <span class='ocr_line' id='line_1_72' title="bbox 2233 2893 3951 2967; baseline -0.004 -17"><span class='ocrx_word' id='word_1_510' title='bbox 2233 2903 2362 2966; x_wconf 89' lang='lat' dir='ltr'><strong><em>post</em></strong></span> <span class='ocrx_word' id='word_1_511' title='bbox 2400 2901 2686 2967; x_wconf 86' lang='lat' dir='ltr'><strong><em>peractam</em></strong></span> <span class='ocrx_word' id='word_1_512' title='bbox 2731 2895 3128 2965; x_wconf 77' lang='lat' dir='ltr'><strong><em>pmnitentiam</em></strong></span> <span class='ocrx_word' id='word_1_513' title='bbox 3170 2893 3273 2947; x_wconf 89' lang='lat' dir='ltr'><strong><em>tibi</em></strong></span> <span class='ocrx_word' id='word_1_514' title='bbox 3304 2894 3539 2948; x_wconf 90' lang='lat' dir='ltr'><strong><em>licentia</em></strong></span> <span class='ocrx_word' id='word_1_515' title='bbox 3572 2894 3702 2947; x_wconf 86' lang='lat' dir='ltr'><strong><em>data</em></strong></span> <span class='ocrx_word' id='word_1_516' title='bbox 3765 2893 3902 2946; x_wconf 83' lang='lat' dir='ltr'><strong><em>fuerit</em></strong></span> <span class='ocrx_word' id='word_1_517' title='bbox 3950 2893 3951 2932; x_wconf 73' lang='grc' dir='ltr'>ἐ</span> 
     </span>
    </p>
   </div>
   <div class='ocr_carea' id='block_1_73' title="bbox 2239 2975 3951 3056">
    <p class='ocr_par' dir='ltr' id='par_1_73' title="bbox 2239 2975 3951 3056">
     <span class='ocr_line' id='line_1_73' title="bbox 2239 2975 3951 3056; baseline -0.006 -16"><span class='ocrx_word' id='word_1_518' title='bbox 2239 2986 2311 3040; x_wconf 92' lang='lat' dir='ltr'><strong><em>ab</em></strong></span> <span class='ocrx_word' id='word_1_519' title='bbox 2341 2986 2610 3056; x_wconf 90' lang='lat' dir='ltr'><strong><em>episcopo</em></strong></span> <span class='ocrx_word' id='word_1_520' title='bbox 2639 2989 2760 3050; x_wconf 88' lang='lat' dir='ltr'><strong><em>tuo,</em></strong></span> <span class='ocrx_word' id='word_1_521' title='bbox 2793 2989 2893 3037; x_wconf 91' lang='lat' dir='ltr'><strong><em>aut</em></strong></span> <span class='ocrx_word' id='word_1_522' title='bbox 2931 2984 3052 3053; x_wconf 88' lang='lat' dir='ltr'><strong><em>ejus</em></strong></span> <span class='ocrx_word' id='word_1_523' title='bbox 3085 2983 3276 3049; x_wconf 90' lang='lat' dir='ltr'><strong><em>misso,</em></strong></span> <span class='ocrx_word' id='word_1_524' title='bbox 3327 2981 3409 3035; x_wconf 91' lang='lat' dir='ltr'><strong><em>sic</em></strong></span> <span class='ocrx_word' id='word_1_525' title='bbox 3438 2987 3497 3036; x_wconf 88' lang='lat' dir='ltr'><strong><em>te</em></strong></span> <span class='ocrx_word' id='word_1_526' title='bbox 3537 2983 3683 3036; x_wconf 90' lang='lat' dir='ltr'><strong><em>Deus</em></strong></span> <span class='ocrx_word' id='word_1_527' title='bbox 3709 2981 3899 3050; x_wconf 78' lang='lat' dir='ltr'><strong><em>adjuvet</em></strong></span> <span class='ocrx_word' id='word_1_528' title='bbox 3950 2975 3951 2996; x_wconf 75' lang='grc'><em>³</em></span> 
     </span>
    </p>
   </div>
   <div class='ocr_carea' id='block_1_74' title="bbox 2237 3057 3951 3143">
    <p class='ocr_par' dir='ltr' id='par_1_74' title="bbox 2237 3057 3951 3143">
     <span class='ocr_line' id='line_1_74' title="bbox 2237 3057 3951 3143; baseline -0.004 -15"><span class='ocrx_word' id='word_1_529' title='bbox 2237 3079 2293 3128; x_wconf 93' lang='lat' dir='ltr'><strong><em>et</em></strong></span> <span class='ocrx_word' id='word_1_530' title='bbox 2321 3074 2445 3128; x_wconf 69' lang='lat' dir='ltr'><strong><em>istae</em></strong></span> <span class='ocrx_word' id='word_1_531' title='bbox 2467 3079 2790 3126; x_wconf 90' lang='lat' dir='ltr'><strong><em>sanctorum</em></strong></span> <span class='ocrx_word' id='word_1_532' title='bbox 2825 3072 3105 3143; x_wconf 70' lang='lat' dir='ltr'><strong><em>reliquias.</em></strong></span> <span class='ocrx_word' id='word_1_533' title='bbox 3950 3057 3951 3072; x_wconf 51' lang='grc'><strong>¹</strong></span> 
     </span>
    </p>
   </div>
   <div class='ocr_carea' id='block_1_75' title="bbox 2239 3175 3893 3245">
    <p class='ocr_par' dir='ltr' id='par_1_75' title="bbox 2239 3175 3893 3245">
     <span class='ocr_line' id='line_1_75' title="bbox 2239 3175 3893 3245; baseline -0.005 -11"><span class='ocrx_word' id='word_1_534' title='bbox 2239 3180 2365 3234; x_wconf 80' lang='lat' dir='ltr'><strong><em>CAP.</em></strong></span> <span class='ocrx_word' id='word_1_535' title='bbox 2399 3179 2629 3232; x_wconf 87' lang='lat' dir='ltr'><strong>XXVIII.</strong></span> <span class='ocrx_word' id='word_1_536' title='bbox 2673 3208 2732 3216; x_wconf 93' lang='lat'><strong><em>—</em></strong></span> <span class='ocrx_word' id='word_1_537' title='bbox 2770 3178 2893 3231; x_wconf 75' lang='lat' dir='ltr'><strong><em>Haec</em></strong></span> <span class='ocrx_word' id='word_1_538' title='bbox 2919 3175 3161 3245; x_wconf 83' lang='lat' dir='ltr'><strong><em>capitula</em></strong></span> <span class='ocrx_word' id='word_1_539' title='bbox 3191 3175 3256 3228; x_wconf 90' lang='lat' dir='ltr'><strong><em>de</em></strong></span> <span class='ocrx_word' id='word_1_540' title='bbox 3277 3181 3484 3244; x_wconf 81' lang='lat' dir='ltr'><strong><em>septem</em></strong></span> <span class='ocrx_word' id='word_1_541' title='bbox 3514 3175 3776 3243; x_wconf 84' lang='lat' dir='ltr'><strong><em>gradibus</em></strong></span> <span class='ocrx_word' id='word_1_542' title='bbox 3796 3190 3893 3228; x_wconf 82' lang='lat' dir='ltr'><strong><em>con-</em></strong></span> 
     </span>
    </p>
   </div>
   <div class='ocr_carea' id='block_1_76' title="bbox 2307 3246 3897 3317">
    <p class='ocr_par' dir='ltr' id='par_1_76' title="bbox 2307 3246 3897 3317">
     <span class='ocr_line' id='line_1_76' title="bbox 2307 3246 3897 3317; baseline -0.004 -14"><span class='ocrx_word' id='word_1_543' title='bbox 2307 3251 2699 3317; x_wconf 84' lang='lat' dir='ltr'><strong><em>sanguinitatis</em></strong></span> <span class='ocrx_word' id='word_1_544' title='bbox 2739 3254 2958 3302; x_wconf 89' lang='lat' dir='ltr'><strong><em>sanctus</em></strong></span> <span class='ocrx_word' id='word_1_545' title='bbox 2984 3246 3226 3301; x_wconf 84' lang='lat' dir='ltr'><strong><em>Isidorus</em></strong></span> <span class='ocrx_word' id='word_1_546' title='bbox 3283 3248 3548 3314; x_wconf 54' lang='lat' dir='ltr'><strong><em>diligenti</em></strong></span> <span class='ocrx_word' id='word_1_547' title='bbox 3587 3250 3897 3316; x_wconf 72' lang='lat' dir='ltr'><strong><em>inquisitione</em></strong></span> 
     </span>
    </p>
   </div>
   <div class='ocr_carea' id='block_1_77' title="bbox 2305 3318 3894 3445">
    <p class='ocr_par' dir='ltr' id='par_1_77' title="bbox 2305 3318 3894 3445">
     <span class='ocr_line' id='line_1_77' title="bbox 2305 3318 3894 3389; baseline -0.004 -15"><span class='ocrx_word' id='word_1_548' title='bbox 2305 3321 2688 3389; x_wconf 84' lang='lat' dir='ltr'><strong><em>descripserat,</em></strong></span> <span class='ocrx_word' id='word_1_549' title='bbox 2745 3324 2796 3373; x_wconf 90' lang='lat' dir='ltr'><strong><em>et</em></strong></span> <span class='ocrx_word' id='word_1_550' title='bbox 2834 3322 2892 3372; x_wconf 86' lang='lat' dir='ltr'><strong><em>in</em></strong></span> <span class='ocrx_word' id='word_1_551' title='bbox 2934 3318 3117 3388; x_wconf 83' lang='lat' dir='ltr'><strong><em>ﬁgura</em></strong></span> <span class='ocrx_word' id='word_1_552' title='bbox 3171 3319 3410 3383; x_wconf 76' lang='lat' dir='ltr'><strong><em>inferius</em></strong></span> <span class='ocrx_word' id='word_1_553' title='bbox 3430 3320 3653 3387; x_wconf 83' lang='lat' dir='ltr'><strong><em>depicta</em></strong></span> <span class='ocrx_word' id='word_1_554' title='bbox 3691 3321 3894 3387; x_wconf 80' lang='lat' dir='ltr'><strong><em>apertius</em></strong></span> 
     </span>
     <span class='ocr_line' id='line_1_78' title="bbox 2307 3391 2677 3445; baseline -0.003 -1"><span class='ocrx_word' id='word_1_555' title='bbox 2307 3391 2677 3445; x_wconf 81' lang='lat' dir='ltr'><strong><em>ordinaverat.</em></strong></span> 
     </span>
    </p>
   </div>
   <div class='ocr_carea' id='block_1_78' title="bbox 2625 3497 3552 3551">
    <p class='ocr_par' dir='ltr' id='par_1_78' title="bbox 2625 3497 3552 3551">
     <span class='ocr_line' id='line_1_79' title="bbox 2625 3497 3552 3551; baseline -0.001 0"><span class='ocrx_word' id='word_1_556' title='bbox 2625 3497 2944 3551; x_wconf 68' lang='lat' dir='ltr'><strong><em>Cnirnwu</em></strong></span> <span class='ocrx_word' id='word_1_557' title='bbox 3002 3499 3019 3549; x_wconf 89' lang='lat' dir='ltr'><strong><em>I</em></strong></span> <span class='ocrx_word' id='word_1_558' title='bbox 3067 3510 3138 3550; x_wconf 72' lang='lat' dir='ltr'><strong><em>ne</em></strong></span> <span class='ocrx_word' id='word_1_559' title='bbox 3177 3499 3208 3548; x_wconf 90' lang='lat'><strong>7</strong></span> <span class='ocrx_word' id='word_1_560' title='bbox 3252 3510 3552 3551; x_wconf 75' lang='lat' dir='ltr'><strong><em>GRADIBUS.</em></strong></span> 
     </span>
    </p>
   </div>
   <div class='ocr_carea' id='block_1_79' title="bbox 2303 3599 3894 3670">
    <p class='ocr_par' dir='ltr' id='par_1_79' title="bbox 2303 3599 3894 3670">
     <span class='ocr_line' id='line_1_80' title="bbox 2303 3599 3894 3670; baseline -0.004 -12"><span class='ocrx_word' id='word_1_561' title='bbox 2303 3603 2524 3670; x_wconf 87' lang='lat' dir='ltr'><strong><em>(Isidor.</em></strong></span> <span class='ocrx_word' id='word_1_562' title='bbox 2586 3602 2651 3656; x_wconf 89' lang='lat' dir='ltr'><strong><em>de</em></strong></span> <span class='ocrx_word' id='word_1_563' title='bbox 2717 3607 2748 3655; x_wconf 88' lang='lat'><strong>‘7</strong></span> <span class='ocrx_word' id='word_1_564' title='bbox 2806 3601 3070 3668; x_wconf 87' lang='lat' dir='ltr'><strong><em>gradibus</em></strong></span> <span class='ocrx_word' id='word_1_565' title='bbox 3139 3602 3691 3669; x_wconf 85' lang='lat' dir='ltr'><strong><em>consanguinitatis.)</em></strong></span> <span class='ocrx_word' id='word_1_566' title='bbox 3742 3599 3894 3653; x_wconf 85' lang='lat' dir='ltr'><strong><em>Primo</em></strong></span> 
     </span>
    </p>
   </div>
   <div class='ocr_carea' id='block_1_80' title="bbox 2233 3690 3890 3763">
    <p class='ocr_par' dir='ltr' id='par_1_80' title="bbox 2233 3690 3890 3763">
     <span class='ocr_line' id='line_1_81' title="bbox 2233 3690 3890 3763; baseline -0.005 -17"><span class='ocrx_word' id='word_1_567' title='bbox 2233 3694 2416 3763; x_wconf 89' lang='lat' dir='ltr'><strong><em>gradu</em></strong></span> <span class='ocrx_word' id='word_1_568' title='bbox 2475 3691 2760 3762; x_wconf 90' lang='lat' dir='ltr'><strong><em>superiori</em></strong></span> <span class='ocrx_word' id='word_1_569' title='bbox 2814 3691 2968 3745; x_wconf 90' lang='lat' dir='ltr'><strong><em>linea</em></strong></span> <span class='ocrx_word' id='word_1_570' title='bbox 3026 3690 3412 3744; x_wconf 88' lang='lat' dir='ltr'><strong><em>continentur</em></strong></span> <span class='ocrx_word' id='word_1_571' title='bbox 3470 3697 3659 3760; x_wconf 90' lang='lat' dir='ltr'><strong><em>pater,</em></strong></span> <span class='ocrx_word' id='word_1_572' title='bbox 3727 3695 3890 3742; x_wconf 86' lang='lat' dir='ltr'><strong><em>mater:</em></strong></span> 
     </span>
    </p>
   </div>
   <div class='ocr_carea' id='block_1_81' title="bbox 2232 3778 3890 3850">
    <p class='ocr_par' dir='ltr' id='par_1_81' title="bbox 2232 3778 3890 3850">
     <span class='ocr_line' id='line_1_82' title="bbox 2232 3778 3890 3850; baseline -0.005 -14"><span class='ocrx_word' id='word_1_573' title='bbox 2232 3781 2513 3846; x_wconf 87' lang='lat' dir='ltr'><strong><em>inferiori,</em></strong></span> <span class='ocrx_word' id='word_1_574' title='bbox 2568 3781 2741 3848; x_wconf 84' lang='lat' dir='ltr'><strong><em>ﬁlius,</em></strong></span> <span class='ocrx_word' id='word_1_575' title='bbox 2817 3779 2958 3845; x_wconf 85' lang='lat' dir='ltr'><strong><em>ﬁlia,</em></strong></span> <span class='ocrx_word' id='word_1_576' title='bbox 3033 3778 3361 3850; x_wconf 85' lang='lat' dir='ltr'><strong><em>quibusque</em></strong></span> <span class='ocrx_word' id='word_1_577' title='bbox 3432 3780 3611 3832; x_wconf 63' lang='lat' dir='ltr'><strong><em>nullm</em></strong></span> <span class='ocrx_word' id='word_1_578' title='bbox 3678 3791 3890 3848; x_wconf 69' lang='lat' dir='ltr'><strong><em>persona</em></strong></span> 
     </span>
    </p>
   </div>
   <div class='ocr_carea' id='block_1_82' title="bbox 2227 3871 2578 3941">
    <p class='ocr_par' dir='ltr' id='par_1_82' title="bbox 2227 3871 2578 3941">
     <span class='ocr_line' id='line_1_83' title="bbox 2227 3871 2578 3941; baseline -0.003 -16"><span class='ocrx_word' id='word_1_579' title='bbox 2227 3871 2578 3941; x_wconf 90' lang='lat' dir='ltr'><strong><em>junguntur.</em></strong></span> 
     </span>
    </p>
   </div>
   <div class='ocr_carea' id='block_1_83' title="bbox 2878 3958 3279 4013">
    <p class='ocr_par' dir='ltr' id='par_1_83' title="bbox 2878 3958 3279 4013">
     <span class='ocr_line' id='line_1_84' title="bbox 2878 3958 3279 4013; baseline -0.007 0"><span class='ocrx_word' id='word_1_580' title='bbox 2878 3958 3189 4013; x_wconf 65' lang='lat' dir='ltr'><strong><em>CAPITULO!</em></strong></span> <span class='ocrx_word' id='word_1_581' title='bbox 3227 3959 3279 4010; x_wconf 82' lang='lat'><strong><em>2.</em></strong></span> 
     </span>
    </p>
   </div>
   <div class='ocr_carea' id='block_1_84' title="bbox 2300 4061 3884 4132">
    <p class='ocr_par' dir='ltr' id='par_1_84' title="bbox 2300 4061 3884 4132">
     <span class='ocr_line' id='line_1_85' title="bbox 2300 4061 3884 4132; baseline -0.004 -12"><span class='ocrx_word' id='word_1_582' title='bbox 2300 4065 2560 4120; x_wconf 90' lang='lat' dir='ltr'><strong><em>Secundo</em></strong></span> <span class='ocrx_word' id='word_1_583' title='bbox 2589 4064 2770 4132; x_wconf 82' lang='lat' dir='ltr'><strong><em>gradu</em></strong></span> <span class='ocrx_word' id='word_1_584' title='bbox 2824 4063 3190 4116; x_wconf 90' lang='lat' dir='ltr'><strong><em>continentur</em></strong></span> <span class='ocrx_word' id='word_1_585' title='bbox 3227 4061 3515 4131; x_wconf 89' lang='lat' dir='ltr'><strong><em>superiori</em></strong></span> <span class='ocrx_word' id='word_1_586' title='bbox 3551 4062 3718 4122; x_wconf 86' lang='lat' dir='ltr'><strong><em>linea,</em></strong></span> <span class='ocrx_word' id='word_1_587' title='bbox 3771 4075 3884 4114; x_wconf 74' lang='lat' dir='ltr'><strong><em>anis.</em></strong></span> 
     </span>
    </p>
   </div>
   <div class='ocr_carea' id='block_1_85' title="bbox 2229 4151 3882 4222">
    <p class='ocr_par' dir='ltr' id='par_1_85' title="bbox 2229 4151 3882 4222">
     <span class='ocr_line' id='line_1_86' title="bbox 2229 4151 3882 4222; baseline -0.002 -15"><span class='ocrx_word' id='word_1_588' title='bbox 2229 4154 2353 4208; x_wconf 89' lang='lat' dir='ltr'><strong><em>avia</em></strong></span> <span class='ocrx_word' id='word_1_589' title='bbox 2385 4171 2399 4208; x_wconf 89' lang='lat'><strong>:</strong></span> <span class='ocrx_word' id='word_1_590' title='bbox 2435 4152 2717 4214; x_wconf 90' lang='lat' dir='ltr'><strong><em>inferiori,</em></strong></span> <span class='ocrx_word' id='word_1_591' title='bbox 2753 4169 2952 4222; x_wconf 89' lang='lat' dir='ltr'><strong><em>nepos,</em></strong></span> <span class='ocrx_word' id='word_1_592' title='bbox 2987 4151 3189 4222; x_wconf 89' lang='lat' dir='ltr'><strong><em>neptis.</em></strong></span> <span class='ocrx_word' id='word_1_593' title='bbox 3240 4151 3302 4204; x_wconf 93' lang='lat' dir='ltr'><strong><em>In</em></strong></span> <span class='ocrx_word' id='word_1_594' title='bbox 3352 4157 3685 4205; x_wconf 86' lang='lat' dir='ltr'><strong><em>transversa</em></strong></span> <span class='ocrx_word' id='word_1_595' title='bbox 3731 4151 3882 4204; x_wconf 74' lang='lat' dir='ltr'><strong><em>frater.</em></strong></span> 
     </span>
    </p>
   </div>
   <div class='ocr_carea' id='block_1_86' title="bbox 419 4233 2112 4328">
    <p class='ocr_par' dir='ltr' id='par_1_86' title="bbox 419 4233 2112 4328">
     <span class='ocr_line' id='line_1_87' title="bbox 419 4233 2112 4328; baseline 0 -18"><span class='ocrx_word' id='word_1_596' title='bbox 419 4256 475 4310; x_wconf 91' lang='lat' dir='ltr'><strong><em>Si</em></strong></span> <span class='ocrx_word' id='word_1_597' title='bbox 508 4261 698 4307; x_wconf 88' lang='lat' dir='ltr'><strong><em>autem</em></strong></span> <span class='ocrx_word' id='word_1_598' title='bbox 743 4253 1044 4323; x_wconf 89' lang='lat' dir='ltr'><strong><em>progenies</em></strong></span> <span class='ocrx_word' id='word_1_599' title='bbox 1084 4257 1204 4306; x_wconf 89' lang='lat' dir='ltr'><strong><em>tota</em></strong></span> <span class='ocrx_word' id='word_1_600' title='bbox 1253 4255 1544 4319; x_wconf 83' lang='lat' dir='ltr'><strong><em>defecerit,</em></strong></span> <span class='ocrx_word' id='word_1_601' title='bbox 1575 4256 1644 4309; x_wconf 91' lang='lat' dir='ltr'><strong><em>ab</em></strong></span> <span class='ocrx_word' id='word_1_602' title='bbox 1695 4233 2112 4328; x_wconf 80' lang='lat' dir='ltr'><strong><em>antiquioribus</em></strong></span> 
     </span>
    </p>
   </div>
   <div class='ocr_carea' id='block_1_87' title="bbox 2245 4233 3882 4328">
    <p class='ocr_par' dir='ltr' id='par_1_87' title="bbox 2245 4237 3882 4314">
     <span class='ocr_line' id='line_1_88' title="bbox 2245 4237 3882 4314; baseline 0 -20"><span class='ocrx_word' id='word_1_603' title='bbox 2245 4259 2412 4308; x_wconf 81' lang='lat' dir='ltr'><strong><em>IOI‘OI‘,</em></strong></span> <span class='ocrx_word' id='word_1_604' title='bbox 2445 4259 2574 4314; x_wconf 65' lang='lat' dir='ltr'><strong><em>qua;</em></strong></span> <span class='ocrx_word' id='word_1_605' title='bbox 2601 4257 2863 4313; x_wconf 67' lang='lat' dir='ltr'><strong><em>personae</em></strong></span> <span class='ocrx_word' id='word_1_606' title='bbox 2894 4241 3278 4310; x_wconf 89' lang='lat' dir='ltr'><strong><em>duplicantur.</em></strong></span> <span class='ocrx_word' id='word_1_607' title='bbox 3312 4243 3468 4294; x_wconf 83' lang='lat' dir='ltr'><strong><em>Avus</em></strong></span> <span class='ocrx_word' id='word_1_608' title='bbox 3506 4241 3660 4294; x_wconf 88' lang='lat' dir='ltr'><strong><em>enim</em></strong></span> <span class='ocrx_word' id='word_1_609' title='bbox 3695 4245 3745 4293; x_wconf 92' lang='lat' dir='ltr'><strong><em>et</em></strong></span> <span class='ocrx_word' id='word_1_610' title='bbox 3777 4237 3882 4294; x_wconf 72' lang='lat' dir='ltr'><strong><em>avia.</em></strong></span> 
     </span>
    </p>
   </div>
   <div class='ocr_carea' id='block_1_88' title="bbox 419 4341 2116 4416">
    <p class='ocr_par' dir='ltr' id='par_1_88' title="bbox 419 4341 2116 4416">
     <span class='ocr_line' id='line_1_89' title="bbox 419 4341 2116 4416; baseline 0.002 -20"><span class='ocrx_word' id='word_1_611' title='bbox 419 4349 474 4396; x_wconf 90' lang='lat' dir='ltr'><strong><em>et</em></strong></span> <span class='ocrx_word' id='word_1_612' title='bbox 529 4341 908 4396; x_wconf 89' lang='lat' dir='ltr'><strong><em>veracioribus</em></strong></span> <span class='ocrx_word' id='word_1_613' title='bbox 977 4341 1185 4410; x_wconf 90' lang='lat' dir='ltr'><strong><em>quibus</em></strong></span> <span class='ocrx_word' id='word_1_614' title='bbox 1266 4344 1464 4397; x_wconf 89' lang='lat' dir='ltr'><strong><em>eadem</em></strong></span> <span class='ocrx_word' id='word_1_615' title='bbox 1517 4345 1914 4416; x_wconf 90' lang='lat' dir='ltr'><strong><em>propinquitas</em></strong></span> <span class='ocrx_word' id='word_1_616' title='bbox 1981 4353 2116 4400; x_wconf 88' lang='lat' dir='ltr'><strong><em>nota</em></strong></span> 
     </span>
    </p>
   </div>
   <div class='ocr_carea' id='block_1_89' title="bbox 417 4429 2116 4502">
    <p class='ocr_par' dir='ltr' id='par_1_89' title="bbox 417 4429 2116 4502">
     <span class='ocr_line' id='line_1_90' title="bbox 417 4429 2116 4502; baseline 0.004 -19"><span class='ocrx_word' id='word_1_617' title='bbox 417 4433 509 4496; x_wconf 89' lang='lat' dir='ltr'><strong><em>sit,</em></strong></span> <span class='ocrx_word' id='word_1_618' title='bbox 562 4431 860 4500; x_wconf 87' lang='lat' dir='ltr'><strong><em>episcopus</em></strong></span> <span class='ocrx_word' id='word_1_619' title='bbox 930 4429 1198 4484; x_wconf 87' lang='lat' dir='ltr'><strong><em>canonice</em></strong></span> <span class='ocrx_word' id='word_1_620' title='bbox 1264 4432 1610 4502; x_wconf 87' lang='lat' dir='ltr'><strong><em>perquirat:</em></strong></span> <span class='ocrx_word' id='word_1_621' title='bbox 1667 4438 1722 4486; x_wconf 90' lang='lat' dir='ltr'><strong><em>et</em></strong></span> <span class='ocrx_word' id='word_1_622' title='bbox 1779 4435 1824 4488; x_wconf 93' lang='lat' dir='ltr'><strong><em>si</em></strong></span> <span class='ocrx_word' id='word_1_623' title='bbox 1882 4435 2116 4489; x_wconf 86' lang='lat' dir='ltr'><strong><em>inventa</em></strong></span> 
     </span>
    </p>
   </div>
   <div class='ocr_carea' id='block_1_90' title="bbox 417 4518 1433 4590">
    <p class='ocr_par' dir='ltr' id='par_1_90' title="bbox 417 4518 1433 4590">
     <span class='ocr_line' id='line_1_91' title="bbox 417 4518 1433 4590; baseline 0.002 -18"><span class='ocrx_word' id='word_1_624' title='bbox 417 4518 816 4590; x_wconf 88' lang='lat' dir='ltr'><strong><em>propinquitas</em></strong></span> <span class='ocrx_word' id='word_1_625' title='bbox 848 4518 1042 4584; x_wconf 88' lang='lat' dir='ltr'><strong><em>fuerit,</em></strong></span> <span class='ocrx_word' id='word_1_626' title='bbox 1075 4525 1433 4588; x_wconf 90' lang='lat' dir='ltr'><strong><em>separentur.</em></strong></span> 
     </span>
    </p>
   </div>
   <div class='ocr_carea' id='block_1_91' title="bbox 841 4625 1682 4680">
    <p class='ocr_par' dir='ltr' id='par_1_91' title="bbox 841 4625 1682 4680">
     <span class='ocr_line' id='line_1_92' title="bbox 841 4625 1682 4680; baseline 0.001 -1"><span class='ocrx_word' id='word_1_627' title='bbox 841 4625 970 4679; x_wconf 80' lang='lat' dir='ltr'><strong><em>CAP.</em></strong></span> <span class='ocrx_word' id='word_1_628' title='bbox 1005 4625 1159 4678; x_wconf 85' lang='lat' dir='ltr'><strong>XXII.</strong></span> <span class='ocrx_word' id='word_1_629' title='bbox 1197 4655 1266 4664; x_wconf 89' lang='lat'><em>—</em></span> <span class='ocrx_word' id='word_1_630' title='bbox 1298 4625 1378 4679; x_wconf 88' lang='lat' dir='ltr'><strong><em>De</em></strong></span> <span class='ocrx_word' id='word_1_631' title='bbox 1403 4625 1588 4680; x_wconf 89' lang='lat' dir='ltr'><strong><em>eadem</em></strong></span> <span class='ocrx_word' id='word_1_632' title='bbox 1609 4642 1682 4680; x_wconf 91' lang='lat' dir='ltr'><strong><em>re.</em></strong></span> 
     </span>
    </p>
   </div>
   <div class='ocr_carea' id='block_1_92' title="bbox 485 4731 2110 4804">
    <p class='ocr_par' dir='ltr' id='par_1_92' title="bbox 485 4731 2110 4804">
     <span class='ocr_line' id='line_1_93' title="bbox 485 4731 2110 4804; baseline 0.001 -19"><span class='ocrx_word' id='word_1_633' title='bbox 485 4732 593 4802; x_wconf 71' lang='lat' dir='ltr'><strong><em>(Ex</em></strong></span> <span class='ocrx_word' id='word_1_634' title='bbox 617 4731 836 4784; x_wconf 84' lang='lat' dir='ltr'><strong><em>concilio</em></strong></span> <span class='ocrx_word' id='word_1_635' title='bbox 866 4731 1110 4784; x_wconf 87' lang='lat' dir='ltr'><strong><em>Romano</em></strong></span> <span class='ocrx_word' id='word_1_636' title='bbox 1140 4731 1391 4801; x_wconf 86' lang='lat' dir='ltr'><strong><em>Gregor.)</em></strong></span> <span class='ocrx_word' id='word_1_637' title='bbox 1422 4731 1477 4786; x_wconf 93' lang='lat' dir='ltr'><strong><em>Si</em></strong></span> <span class='ocrx_word' id='word_1_638' title='bbox 1515 4731 1644 4803; x_wconf 88' lang='lat' dir='ltr'><strong><em>quis</em></strong></span> <span class='ocrx_word' id='word_1_639' title='bbox 1684 4738 1918 4804; x_wconf 90' lang='lat' dir='ltr'><strong><em>neptem</em></strong></span> <span class='ocrx_word' id='word_1_640' title='bbox 1950 4750 2110 4788; x_wconf 84' lang='lat' dir='ltr'><strong><em>suam</em></strong></span> 
     </span>
    </p>
   </div>
   <div class='ocr_carea' id='block_1_93' title="bbox 411 4819 1580 4890">
    <p class='ocr_par' dir='ltr' id='par_1_93' title="bbox 411 4819 1580 4890">
     <span class='ocr_line' id='line_1_94' title="bbox 411 4819 1580 4890; baseline 0 -14"><span class='ocrx_word' id='word_1_641' title='bbox 411 4821 474 4876; x_wconf 89' lang='lat' dir='ltr'><strong><em>in</em></strong></span> <span class='ocrx_word' id='word_1_642' title='bbox 504 4819 834 4890; x_wconf 83' lang='lat' dir='ltr'><strong><em>conjugium</em></strong></span> <span class='ocrx_word' id='word_1_643' title='bbox 871 4819 1115 4884; x_wconf 86' lang='lat' dir='ltr'><strong><em>duxerit,</em></strong></span> <span class='ocrx_word' id='word_1_644' title='bbox 1149 4822 1458 4876; x_wconf 88' lang='lat' dir='ltr'><strong><em>anathema</em></strong></span> <span class='ocrx_word' id='word_1_645' title='bbox 1487 4823 1580 4876; x_wconf 89' lang='lat' dir='ltr'><strong><em>sit.</em></strong></span> 
     </span>
    </p>
   </div>
   <div class='ocr_carea' id='block_1_94' title="bbox 839 4927 1682 4984">
    <p class='ocr_par' dir='ltr' id='par_1_94' title="bbox 839 4927 1682 4984">
     <span class='ocr_line' id='line_1_95' title="bbox 839 4927 1682 4984; baseline 0.001 -3"><span class='ocrx_word' id='word_1_646' title='bbox 839 4927 967 4981; x_wconf 73' lang='lat' dir='ltr'><strong><em>CAP.</em></strong></span> <span class='ocrx_word' id='word_1_647' title='bbox 987 4928 1168 4981; x_wconf 85' lang='lat' dir='ltr'><strong>XXIII.</strong></span> <span class='ocrx_word' id='word_1_648' title='bbox 1199 4958 1266 4968; x_wconf 91' lang='grc'><strong><em>--</em></strong></span> <span class='ocrx_word' id='word_1_649' title='bbox 1293 4932 1367 4984; x_wconf 89' lang='lat' dir='ltr'><strong><em>De</em></strong></span> <span class='ocrx_word' id='word_1_650' title='bbox 1395 4930 1579 4984; x_wconf 84' lang='lat' dir='ltr'><strong><em>eadem</em></strong></span> <span class='ocrx_word' id='word_1_651' title='bbox 1605 4945 1682 4984; x_wconf 91' lang='lat' dir='ltr'><strong><em>re.</em></strong></span> 
     </span>
    </p>
   </div>
   <div class='ocr_carea' id='block_1_95' title="bbox 481 5033 2108 5104">
    <p class='ocr_par' dir='ltr' id='par_1_95' title="bbox 481 5033 2108 5104">
     <span class='ocr_line' id='line_1_96' title="bbox 481 5033 2108 5104; baseline 0.002 -15"><span class='ocrx_word' id='word_1_652' title='bbox 481 5034 765 5104; x_wconf 85' lang='lat' dir='ltr'><strong><em>(Ejusdem</em></strong></span> <span class='ocrx_word' id='word_1_653' title='bbox 811 5033 1064 5104; x_wconf 87' lang='lat' dir='ltr'><strong><em>Gregor.)</em></strong></span> <span class='ocrx_word' id='word_1_654' title='bbox 1095 5034 1149 5087; x_wconf 88' lang='lat' dir='ltr'><strong><em>Si</em></strong></span> <span class='ocrx_word' id='word_1_655' title='bbox 1200 5035 1326 5104; x_wconf 89' lang='lat' dir='ltr'><strong><em>quis</em></strong></span> <span class='ocrx_word' id='word_1_656' title='bbox 1385 5035 1789 5091; x_wconf 88' lang='lat' dir='ltr'><strong><em>consobrinam</em></strong></span> <span class='ocrx_word' id='word_1_657' title='bbox 1855 5038 1910 5091; x_wconf 92' lang='lat' dir='ltr'><strong><em>in</em></strong></span> <span class='ocrx_word' id='word_1_658' title='bbox 1969 5052 2108 5092; x_wconf 89' lang='lat' dir='ltr'><strong><em>con-</em></strong></span> 
     </span>
    </p>
   </div>
   <div class='ocr_carea' id='block_1_96' title="bbox 402 5122 1363 5193">
    <p class='ocr_par' dir='ltr' id='par_1_96' title="bbox 402 5122 1363 5193">
     <span class='ocr_line' id='line_1_97' title="bbox 402 5122 1363 5193; baseline -0.002 -17"><span class='ocrx_word' id='word_1_659' title='bbox 402 5123 628 5193; x_wconf 90' lang='lat' dir='ltr'><strong><em>jugium</em></strong></span> <span class='ocrx_word' id='word_1_660' title='bbox 657 5122 899 5189; x_wconf 87' lang='lat' dir='ltr'><strong><em>duxerit,</em></strong></span> <span class='ocrx_word' id='word_1_661' title='bbox 934 5122 1238 5176; x_wconf 87' lang='lat' dir='ltr'><strong><em>anathema</em></strong></span> <span class='ocrx_word' id='word_1_662' title='bbox 1272 5122 1363 5176; x_wconf 93' lang='lat' dir='ltr'><strong><em>sit.</em></strong></span> 
     </span>
    </p>
   </div>
   <div class='ocr_carea' id='block_1_97' title="bbox 835 5229 1680 5285">
    <p class='ocr_par' dir='ltr' id='par_1_97' title="bbox 835 5229 1680 5285">
     <span class='ocr_line' id='line_1_98' title="bbox 835 5229 1680 5285; baseline 0.002 -2"><span class='ocrx_word' id='word_1_663' title='bbox 835 5229 962 5283; x_wconf 74' lang='lat' dir='ltr'><strong><em>CAP.</em></strong></span> <span class='ocrx_word' id='word_1_664' title='bbox 996 5229 1152 5282; x_wconf 88' lang='lat' dir='ltr'><strong>XXIV</strong></span> <span class='ocrx_word' id='word_1_665' title='bbox 1201 5260 1265 5269; x_wconf 90' lang='lat'><strong><em>-—</em></strong></span> <span class='ocrx_word' id='word_1_666' title='bbox 1298 5232 1370 5282; x_wconf 88' lang='lat' dir='ltr'><strong><em>De</em></strong></span> <span class='ocrx_word' id='word_1_667' title='bbox 1397 5229 1579 5284; x_wconf 85' lang='lat' dir='ltr'><strong><em>eadem</em></strong></span> <span class='ocrx_word' id='word_1_668' title='bbox 1602 5247 1680 5285; x_wconf 90' lang='lat' dir='ltr'><strong><em>re.</em></strong></span> 
     </span>
    </p>
   </div>
   <div class='ocr_carea' id='block_1_98' title="bbox 479 5335 2106 5410">
    <p class='ocr_par' dir='ltr' id='par_1_98' title="bbox 479 5335 2106 5410">
     <span class='ocr_line' id='line_1_99' title="bbox 479 5335 2106 5410; baseline 0.004 -23"><span class='ocrx_word' id='word_1_669' title='bbox 479 5335 630 5398; x_wconf 86' lang='lat' dir='ltr'><strong><em>(Item</em></strong></span> <span class='ocrx_word' id='word_1_670' title='bbox 663 5335 902 5403; x_wconf 87' lang='lat' dir='ltr'><strong><em>ejusdem</em></strong></span> <span class='ocrx_word' id='word_1_671' title='bbox 937 5335 1190 5405; x_wconf 83' lang='lat' dir='ltr'><strong><em>Gregor.)</em></strong></span> <span class='ocrx_word' id='word_1_672' title='bbox 1217 5335 1274 5390; x_wconf 89' lang='lat' dir='ltr'><strong><em>Si</em></strong></span> <span class='ocrx_word' id='word_1_673' title='bbox 1329 5335 1460 5405; x_wconf 90' lang='lat' dir='ltr'><strong><em>quis</em></strong></span> <span class='ocrx_word' id='word_1_674' title='bbox 1507 5337 1574 5390; x_wconf 91' lang='lat' dir='ltr'><strong><em>de</em></strong></span> <span class='ocrx_word' id='word_1_675' title='bbox 1617 5339 1854 5409; x_wconf 89' lang='lat' dir='ltr'><strong><em>propria</em></strong></span> <span class='ocrx_word' id='word_1_676' title='bbox 1890 5355 2106 5410; x_wconf 88' lang='lat' dir='ltr'><strong><em>cogna-</em></strong></span> 
     </span>
    </p>
   </div>
   <div class='ocr_carea' id='block_1_99' title="bbox 406 5421 2106 5499">
    <p class='ocr_par' dir='ltr' id='par_1_99' title="bbox 406 5421 2106 5499">
     <span class='ocr_line' id='line_1_100' title="bbox 406 5421 2106 5499; baseline 0.005 -25"><span class='ocrx_word' id='word_1_677' title='bbox 406 5421 583 5488; x_wconf 88' lang='lat' dir='ltr'><strong><em>tione,</em></strong></span> <span class='ocrx_word' id='word_1_678' title='bbox 615 5425 704 5477; x_wconf 89' lang='lat' dir='ltr'><strong><em>vel</em></strong></span> <span class='ocrx_word' id='word_1_679' title='bbox 739 5440 912 5494; x_wconf 89' lang='lat' dir='ltr'><strong><em>quam</em></strong></span> <span class='ocrx_word' id='word_1_680' title='bbox 965 5431 1240 5496; x_wconf 89' lang='lat' dir='ltr'><strong><em>cognatus</em></strong></span> <span class='ocrx_word' id='word_1_681' title='bbox 1273 5425 1490 5492; x_wconf 88' lang='lat' dir='ltr'><strong><em>habuit,</em></strong></span> <span class='ocrx_word' id='word_1_682' title='bbox 1530 5426 1588 5480; x_wconf 91' lang='lat' dir='ltr'><strong><em>in</em></strong></span> <span class='ocrx_word' id='word_1_683' title='bbox 1629 5428 1966 5499; x_wconf 88' lang='lat' dir='ltr'><strong><em>conjugium</em></strong></span> <span class='ocrx_word' id='word_1_684' title='bbox 1999 5429 2106 5483; x_wconf 86' lang='lat' dir='ltr'><strong><em>du-</em></strong></span> 
     </span>
    </p>
   </div>
   <div class='ocr_carea' id='block_1_100' title="bbox 406 5511 1029 5576">
    <p class='ocr_par' dir='ltr' id='par_1_100' title="bbox 406 5511 1029 5576">
     <span class='ocr_line' id='line_1_101' title="bbox 406 5511 1029 5576; baseline 0 -9"><span class='ocrx_word' id='word_1_685' title='bbox 406 5511 573 5576; x_wconf 84' lang='lat' dir='ltr'><strong><em>xerit,</em></strong></span> <span class='ocrx_word' id='word_1_686' title='bbox 605 5513 910 5567; x_wconf 88' lang='lat' dir='ltr'><strong><em>anathema</em></strong></span> <span class='ocrx_word' id='word_1_687' title='bbox 941 5513 1029 5567; x_wconf 90' lang='lat' dir='ltr'><strong><em>sit.</em></strong></span> 
     </span>
    </p>
   </div>
   <div class='ocr_carea' id='block_1_101' title="bbox 2225 4325 3880 4401">
    <p class='ocr_par' dir='ltr' id='par_1_101' title="bbox 2225 4325 3880 4401">
     <span class='ocr_line' id='line_1_102' title="bbox 2225 4325 3880 4401; baseline -0.005 -15"><span class='ocrx_word' id='word_1_688' title='bbox 2225 4337 2344 4386; x_wconf 84' lang='lat' dir='ltr'><strong><em>tam</em></strong></span> <span class='ocrx_word' id='word_1_689' title='bbox 2393 4347 2460 4385; x_wconf 83' lang='lat' dir='ltr'><strong><em>ex</em></strong></span> <span class='ocrx_word' id='word_1_690' title='bbox 2518 4335 2702 4401; x_wconf 90' lang='lat' dir='ltr'><strong><em>patre,</em></strong></span> <span class='ocrx_word' id='word_1_691' title='bbox 2761 4347 2932 4401; x_wconf 87' lang='lat' dir='ltr'><strong><em>quam</em></strong></span> <span class='ocrx_word' id='word_1_692' title='bbox 2993 4346 3056 4382; x_wconf 86' lang='lat' dir='ltr'><strong><em>ex</em></strong></span> <span class='ocrx_word' id='word_1_693' title='bbox 3108 4334 3288 4382; x_wconf 91' lang='lat' dir='ltr'><strong><em>matre</em></strong></span> <span class='ocrx_word' id='word_1_694' title='bbox 3339 4330 3723 4400; x_wconf 84' lang='lat' dir='ltr'><strong><em>accipiuntur.</em></strong></span> <span class='ocrx_word' id='word_1_695' title='bbox 3780 4325 3880 4388; x_wconf 68' lang='lat' dir='ltr'><strong><em>Qua?</em></strong></span> 
     </span>
    </p>
   </div>
   <div class='ocr_carea' id='block_1_102' title="bbox 2226 4417 3881 4491">
    <p class='ocr_par' dir='ltr' id='par_1_102' title="bbox 2226 4417 3881 4491">
     <span class='ocr_line' id='line_1_103' title="bbox 2226 4417 3881 4491; baseline -0.005 -16"><span class='ocrx_word' id='word_1_696' title='bbox 2226 4436 2489 4491; x_wconf 68' lang='lat' dir='ltr'><strong><em>personae.</em></strong></span> <span class='ocrx_word' id='word_1_697' title='bbox 2521 4420 2892 4490; x_wconf 85' lang='lat' dir='ltr'><strong><em>sequentibus</em></strong></span> <span class='ocrx_word' id='word_1_698' title='bbox 2938 4434 3168 4488; x_wconf 90' lang='lat' dir='ltr'><strong><em>quoque</em></strong></span> <span class='ocrx_word' id='word_1_699' title='bbox 3198 4417 3470 4488; x_wconf 83' lang='lat' dir='ltr'><strong><em>gradibus</em></strong></span> <span class='ocrx_word' id='word_1_700' title='bbox 3505 4419 3763 4471; x_wconf 87' lang='lat' dir='ltr'><strong><em>similiter</em></strong></span> <span class='ocrx_word' id='word_1_701' title='bbox 3805 4427 3881 4481; x_wconf 81' lang='lat' dir='ltr'><strong><em>pro</em></strong></span> 
     </span>
    </p>
   </div>
   <div class='ocr_carea' id='block_1_103' title="bbox 2225 4502 3879 4575">
    <p class='ocr_par' dir='ltr' id='par_1_103' title="bbox 2225 4502 3879 4575">
     <span class='ocr_line' id='line_1_104' title="bbox 2225 4502 3879 4575; baseline -0.005 -15"><span class='ocrx_word' id='word_1_702' title='bbox 2225 4507 2542 4562; x_wconf 90' lang='lat' dir='ltr'><strong><em>substantia</em></strong></span> <span class='ocrx_word' id='word_1_703' title='bbox 2573 4522 2792 4571; x_wconf 88' lang='lat' dir='ltr'><strong><em>earum,</em></strong></span> <span class='ocrx_word' id='word_1_704' title='bbox 2827 4521 2954 4575; x_wconf 73' lang='lat' dir='ltr'><strong><em>qua:</em></strong></span> <span class='ocrx_word' id='word_1_705' title='bbox 2989 4505 3048 4558; x_wconf 90' lang='lat' dir='ltr'><strong><em>in</em></strong></span> <span class='ocrx_word' id='word_1_706' title='bbox 3078 4521 3193 4575; x_wconf 90' lang='lat' dir='ltr'><strong><em>quo</em></strong></span> <span class='ocrx_word' id='word_1_707' title='bbox 3226 4505 3407 4574; x_wconf 90' lang='lat' dir='ltr'><strong><em>gradu</em></strong></span> <span class='ocrx_word' id='word_1_708' title='bbox 3436 4506 3767 4571; x_wconf 83' lang='lat' dir='ltr'><strong><em>subsistunt,</em></strong></span> <span class='ocrx_word' id='word_1_709' title='bbox 3790 4502 3879 4570; x_wconf 75' lang='lat' dir='ltr'><strong><em>ipso</em></strong></span> 
     </span>
    </p>
   </div>
   <div class='ocr_carea' id='block_1_104' title="bbox 2225 4589 3880 4666">
    <p class='ocr_par' dir='ltr' id='par_1_104' title="bbox 2225 4589 3880 4666">
     <span class='ocr_line' id='line_1_105' title="bbox 2225 4589 3880 4666; baseline -0.006 -18"><span class='ocrx_word' id='word_1_710' title='bbox 2225 4596 2424 4651; x_wconf 89' lang='lat' dir='ltr'><strong><em>ordine</em></strong></span> <span class='ocrx_word' id='word_1_711' title='bbox 2456 4595 2841 4666; x_wconf 90' lang='lat' dir='ltr'><strong><em>duplicantur.</em></strong></span> <span class='ocrx_word' id='word_1_712' title='bbox 2877 4595 3001 4646; x_wconf 71' lang='grc' dir='ltr'><strong><em>ἰδίω</em></strong></span> <span class='ocrx_word' id='word_1_713' title='bbox 3042 4609 3301 4663; x_wconf 73' lang='lat' dir='ltr'><strong><em>personae.</em></strong></span> <span class='ocrx_word' id='word_1_714' title='bbox 3332 4594 3394 4646; x_wconf 91' lang='lat' dir='ltr'><strong><em>in</em></strong></span> <span class='ocrx_word' id='word_1_715' title='bbox 3450 4594 3700 4648; x_wconf 90' lang='lat' dir='ltr'><strong><em>secundo</em></strong></span> <span class='ocrx_word' id='word_1_716' title='bbox 3738 4589 3880 4661; x_wconf 84' lang='lat' dir='ltr'><strong><em>gradu</em></strong></span> 
     </span>
    </p>
   </div>
   <div class='ocr_carea' id='block_1_105' title="bbox 2223 4682 3879 4755">
    <p class='ocr_par' dir='ltr' id='par_1_105' title="bbox 2223 4682 3879 4755">
     <span class='ocr_line' id='line_1_106' title="bbox 2223 4682 3879 4755; baseline -0.008 -17"><span class='ocrx_word' id='word_1_717' title='bbox 2223 4684 2351 4738; x_wconf 89' lang='lat' dir='ltr'><strong><em>ideo</em></strong></span> <span class='ocrx_word' id='word_1_718' title='bbox 2371 4685 2627 4755; x_wconf 90' lang='lat' dir='ltr'><strong><em>duplices</em></strong></span> <span class='ocrx_word' id='word_1_719' title='bbox 2649 4683 3029 4755; x_wconf 89' lang='lat' dir='ltr'><strong><em>appellantur,</em></strong></span> <span class='ocrx_word' id='word_1_720' title='bbox 3059 4683 3194 4752; x_wconf 90' lang='lat' dir='ltr'><strong><em>quia</em></strong></span> <span class='ocrx_word' id='word_1_721' title='bbox 3227 4683 3340 4735; x_wconf 85' lang='lat' dir='ltr'><strong><em>duo</em></strong></span> <span class='ocrx_word' id='word_1_722' title='bbox 3395 4682 3510 4746; x_wconf 89' lang='lat' dir='ltr'><strong><em>avi,</em></strong></span> <span class='ocrx_word' id='word_1_723' title='bbox 3543 4689 3602 4736; x_wconf 91' lang='lat' dir='ltr'><strong><em>et</em></strong></span> <span class='ocrx_word' id='word_1_724' title='bbox 3652 4689 3879 4751; x_wconf 84' lang='lat' dir='ltr'><strong><em>paternus</em></strong></span> 
     </span>
    </p>
   </div>
   <div class='ocr_carea' id='block_1_106' title="bbox 2221 4770 3878 4842">
    <p class='ocr_par' dir='ltr' id='par_1_106' title="bbox 2221 4770 3878 4842">
     <span class='ocr_line' id='line_1_107' title="bbox 2221 4770 3878 4842; baseline -0.004 -16"><span class='ocrx_word' id='word_1_725' title='bbox 2221 4779 2324 4840; x_wconf 89' lang='lat' dir='ltr'><strong><em>est,</em></strong></span> <span class='ocrx_word' id='word_1_726' title='bbox 2359 4778 2414 4827; x_wconf 90' lang='lat' dir='ltr'><strong><em>et</em></strong></span> <span class='ocrx_word' id='word_1_727' title='bbox 2448 4777 2758 4827; x_wconf 89' lang='lat' dir='ltr'><strong><em>maternus.</em></strong></span> <span class='ocrx_word' id='word_1_728' title='bbox 2806 4772 2945 4825; x_wconf 88' lang='lat' dir='ltr'><strong><em>Item</em></strong></span> <span class='ocrx_word' id='word_1_729' title='bbox 2995 4770 3107 4824; x_wconf 92' lang='lat' dir='ltr'><strong><em>duo</em></strong></span> <span class='ocrx_word' id='word_1_730' title='bbox 3152 4786 3365 4840; x_wconf 87' lang='lat' dir='ltr'><strong><em>genera</em></strong></span> <span class='ocrx_word' id='word_1_731' title='bbox 3424 4776 3700 4842; x_wconf 87' lang='lat' dir='ltr'><strong><em>nepotum</em></strong></span> <span class='ocrx_word' id='word_1_732' title='bbox 3755 4770 3878 4820; x_wconf 80' lang='lat' dir='ltr'><strong><em>sunt.</em></strong></span> 
     </span>
    </p>
   </div>
   <div class='ocr_carea' id='block_1_107' title="bbox 2222 4859 3880 4928">
    <p class='ocr_par' dir='ltr' id='par_1_107' title="bbox 2222 4859 3880 4928">
     <span class='ocr_line' id='line_1_108' title="bbox 2222 4859 3880 4928; baseline -0.008 -15"><span class='ocrx_word' id='word_1_733' title='bbox 2222 4861 2337 4914; x_wconf 89' lang='lat' dir='ltr'><strong><em>sive</em></strong></span> <span class='ocrx_word' id='word_1_734' title='bbox 2371 4877 2436 4914; x_wconf 87' lang='lat' dir='ltr'><strong><em>ex</em></strong></span> <span class='ocrx_word' id='word_1_735' title='bbox 2468 4860 2610 4927; x_wconf 81' lang='lat' dir='ltr'><strong><em>filio,</em></strong></span> <span class='ocrx_word' id='word_1_736' title='bbox 2651 4860 2766 4914; x_wconf 90' lang='lat' dir='ltr'><strong><em>sive</em></strong></span> <span class='ocrx_word' id='word_1_737' title='bbox 2797 4875 2861 4912; x_wconf 81' lang='lat' dir='ltr'><strong><em>ex</em></strong></span> <span class='ocrx_word' id='word_1_738' title='bbox 2911 4859 3024 4912; x_wconf 82' lang='lat' dir='ltr'><strong><em>tilia</em></strong></span> <span class='ocrx_word' id='word_1_739' title='bbox 3056 4859 3356 4928; x_wconf 88' lang='lat' dir='ltr'><strong><em>procreati.</em></strong></span> <span class='ocrx_word' id='word_1_740' title='bbox 3409 4859 3606 4913; x_wconf 82' lang='lat' dir='ltr'><strong><em>Frater</em></strong></span> <span class='ocrx_word' id='word_1_741' title='bbox 3658 4862 3712 4910; x_wconf 93' lang='lat' dir='ltr'><strong><em>et</em></strong></span> <span class='ocrx_word' id='word_1_742' title='bbox 3753 4865 3880 4906; x_wconf 84' lang='lat' dir='ltr'><strong><em>soror</em></strong></span> 
     </span>
    </p>
   </div>
   <div class='ocr_carea' id='block_1_108' title="bbox 2221 4942 3879 5017">
    <p class='ocr_par' dir='ltr' id='par_1_108' title="bbox 2221 4942 3879 5017">
     <span class='ocr_line' id='line_1_109' title="bbox 2221 4942 3879 5017; baseline -0.007 -14"><span class='ocrx_word' id='word_1_743' title='bbox 2221 4965 2285 5003; x_wconf 89' lang='lat' dir='ltr'><strong><em>ex</em></strong></span> <span class='ocrx_word' id='word_1_744' title='bbox 2315 4953 2638 5003; x_wconf 88' lang='lat' dir='ltr'><strong><em>transverso</em></strong></span> <span class='ocrx_word' id='word_1_745' title='bbox 2672 4949 2927 5012; x_wconf 90' lang='lat' dir='ltr'><strong><em>veniunt,</em></strong></span> <span class='ocrx_word' id='word_1_746' title='bbox 2959 4947 3014 5000; x_wconf 85' lang='lat' dir='ltr'><strong><em>id</em></strong></span> <span class='ocrx_word' id='word_1_747' title='bbox 3046 4952 3153 5011; x_wconf 89' lang='lat' dir='ltr'><strong><em>est,</em></strong></span> <span class='ocrx_word' id='word_1_748' title='bbox 3209 4951 3308 5000; x_wconf 90' lang='lat' dir='ltr'><strong><em>aut</em></strong></span> <span class='ocrx_word' id='word_1_749' title='bbox 3355 4947 3531 5000; x_wconf 89' lang='lat' dir='ltr'><strong><em>frater</em></strong></span> <span class='ocrx_word' id='word_1_750' title='bbox 3585 4943 3769 5017; x_wconf 88' lang='lat' dir='ltr'><strong><em>patris,</em></strong></span> <span class='ocrx_word' id='word_1_751' title='bbox 3805 4942 3879 4993; x_wconf 83' lang='lat' dir='ltr'><strong><em>aut</em></strong></span> 
     </span>
    </p>
   </div>
   <div class='ocr_carea' id='block_1_109' title="bbox 2219 5026 3873 5107">
    <p class='ocr_par' dir='ltr' id='par_1_109' title="bbox 2219 5026 3873 5107">
     <span class='ocr_line' id='line_1_110' title="bbox 2219 5026 3873 5107; baseline -0.006 -16"><span class='ocrx_word' id='word_1_752' title='bbox 2219 5037 2394 5091; x_wconf 90' lang='lat' dir='ltr'><strong><em>frater</em></strong></span> <span class='ocrx_word' id='word_1_753' title='bbox 2421 5037 2650 5104; x_wconf 85' lang='lat' dir='ltr'><strong><em>matris;</em></strong></span> <span class='ocrx_word' id='word_1_754' title='bbox 2683 5037 2814 5107; x_wconf 86' lang='lat' dir='ltr'><strong><em>quia</em></strong></span> <span class='ocrx_word' id='word_1_755' title='bbox 2849 5041 2948 5089; x_wconf 91' lang='lat' dir='ltr'><strong><em>aut</em></strong></span> <span class='ocrx_word' id='word_1_756' title='bbox 2972 5041 3234 5105; x_wconf 89' lang='lat' dir='ltr'><strong><em>patruus,</em></strong></span> <span class='ocrx_word' id='word_1_757' title='bbox 3269 5041 3363 5088; x_wconf 89' lang='lat' dir='ltr'><strong><em>aut</em></strong></span> <span class='ocrx_word' id='word_1_758' title='bbox 3389 5035 3699 5088; x_wconf 85' lang='lat' dir='ltr'><strong><em>avunculus</em></strong></span> <span class='ocrx_word' id='word_1_759' title='bbox 3727 5026 3873 5085; x_wconf 81' lang='lat' dir='ltr'><strong><em>nomi-</em></strong></span> 
     </span>
    </p>
   </div>
   <div class='ocr_carea' id='block_1_110' title="bbox 2218 5123 3552 5196">
    <p class='ocr_par' dir='ltr' id='par_1_110' title="bbox 2218 5123 3552 5196">
     <span class='ocr_line' id='line_1_111' title="bbox 2218 5123 3552 5196; baseline -0.004 -16"><span class='ocrx_word' id='word_1_760' title='bbox 2218 5129 2407 5180; x_wconf 87' lang='lat' dir='ltr'><strong><em>natur.</em></strong></span> <span class='ocrx_word' id='word_1_761' title='bbox 2444 5126 2552 5189; x_wconf 89' lang='lat' dir='ltr'><strong><em>Qui</em></strong></span> <span class='ocrx_word' id='word_1_762' title='bbox 2581 5131 2637 5181; x_wconf 90' lang='lat' dir='ltr'><strong><em>et</em></strong></span> <span class='ocrx_word' id='word_1_763' title='bbox 2665 5125 2776 5196; x_wconf 89' lang='lat' dir='ltr'><strong><em>ipsi</em></strong></span> <span class='ocrx_word' id='word_1_764' title='bbox 2806 5126 2913 5179; x_wconf 90' lang='lat' dir='ltr'><strong><em>hoc</em></strong></span> <span class='ocrx_word' id='word_1_765' title='bbox 2931 5124 3130 5178; x_wconf 88' lang='lat' dir='ltr'><strong><em>ordine</em></strong></span> <span class='ocrx_word' id='word_1_766' title='bbox 3166 5123 3552 5195; x_wconf 87' lang='lat' dir='ltr'><strong><em>duplicantur.</em></strong></span> 
     </span>
    </p>
   </div>
   <div class='ocr_carea' id='block_1_111' title="bbox 2869 5233 3268 5287">
    <p class='ocr_par' dir='ltr' id='par_1_111' title="bbox 2869 5233 3268 5287">
     <span class='ocr_line' id='line_1_112' title="bbox 2869 5233 3268 5287; baseline -0.005 0"><span class='ocrx_word' id='word_1_767' title='bbox 2869 5233 3184 5287; x_wconf 64' lang='lat' dir='ltr'><strong><em>Csprrunnu</em></strong></span> <span class='ocrx_word' id='word_1_768' title='bbox 3217 5235 3268 5286; x_wconf 87' lang='lat'><strong><em>3.</em></strong></span> 
     </span>
    </p>
   </div>
   <div class='ocr_carea' id='block_1_112' title="bbox 2286 5329 3866 5410">
    <p class='ocr_par' dir='ltr' id='par_1_112' title="bbox 2286 5329 3866 5410">
     <span class='ocr_line' id='line_1_113' title="bbox 2286 5329 3866 5410; baseline -0.005 -16"><span class='ocrx_word' id='word_1_769' title='bbox 2286 5339 2476 5394; x_wconf 87' lang='lat' dir='ltr'><strong><em>Tertio</em></strong></span> <span class='ocrx_word' id='word_1_770' title='bbox 2532 5340 2714 5410; x_wconf 89' lang='lat' dir='ltr'><strong><em>gradu</em></strong></span> <span class='ocrx_word' id='word_1_771' title='bbox 2770 5339 3010 5393; x_wconf 90' lang='lat' dir='ltr'><strong><em>veniunt</em></strong></span> <span class='ocrx_word' id='word_1_772' title='bbox 3066 5355 3258 5410; x_wconf 90' lang='lat' dir='ltr'><strong><em>supra,</em></strong></span> <span class='ocrx_word' id='word_1_773' title='bbox 3309 5352 3574 5408; x_wconf 89' lang='lat' dir='ltr'><strong><em>proavus,</em></strong></span> <span class='ocrx_word' id='word_1_774' title='bbox 3631 5329 3866 5405; x_wconf 72' lang='lat' dir='ltr'><strong><em>proaviai</em></strong></span> 
     </span>
    </p>
   </div>
   <div class='ocr_carea' id='block_1_113' title="bbox 2216 5424 3865 5501">
    <p class='ocr_par' dir='ltr' id='par_1_113' title="bbox 2216 5424 3865 5501">
     <span class='ocr_line' id='line_1_114' title="bbox 2216 5424 3865 5501; baseline -0.005 -18"><span class='ocrx_word' id='word_1_775' title='bbox 2216 5428 2365 5484; x_wconf 84' lang='lat' dir='ltr'><strong><em>infra</em></strong></span> <span class='ocrx_word' id='word_1_776' title='bbox 2411 5446 2714 5501; x_wconf 88' lang='lat' dir='ltr'><strong><em>pronepos,</em></strong></span> <span class='ocrx_word' id='word_1_777' title='bbox 2766 5428 3106 5501; x_wconf 87' lang='lat' dir='ltr'><strong><em>proneptis:</em></strong></span> <span class='ocrx_word' id='word_1_778' title='bbox 3167 5446 3233 5483; x_wconf 92' lang='lat' dir='ltr'><strong><em>ex</em></strong></span> <span class='ocrx_word' id='word_1_779' title='bbox 3279 5428 3528 5500; x_wconf 86' lang='lat' dir='ltr'><strong><em>obliquo,</em></strong></span> <span class='ocrx_word' id='word_1_780' title='bbox 3576 5424 3769 5482; x_wconf 83' lang='lat' dir='ltr'><strong><em>fratris,</em></strong></span> <span class='ocrx_word' id='word_1_781' title='bbox 3796 5435 3865 5471; x_wconf 89' lang='lat' dir='ltr'><strong><em>so-</em></strong></span> 
     </span>
    </p>
   </div>
   <div class='ocr_carea' id='block_1_114' title="bbox 2215 5510 3859 5590">
    <p class='ocr_par' dir='ltr' id='par_1_114' title="bbox 2215 5510 3859 5590">
     <span class='ocr_line' id='line_1_115' title="bbox 2215 5510 3859 5590; baseline -0.002 -18"><span class='ocrx_word' id='word_1_782' title='bbox 2215 5519 2476 5590; x_wconf 90' lang='lat' dir='ltr'><strong><em>rorisque</em></strong></span> <span class='ocrx_word' id='word_1_783' title='bbox 2533 5520 2708 5585; x_wconf 86' lang='lat' dir='ltr'><strong><em>filius,</em></strong></span> <span class='ocrx_word' id='word_1_784' title='bbox 2765 5521 2850 5574; x_wconf 88' lang='lat' dir='ltr'><strong><em>vel</em></strong></span> <span class='ocrx_word' id='word_1_785' title='bbox 2914 5519 3052 5574; x_wconf 84' lang='lat' dir='ltr'><strong><em>ﬁlia.</em></strong></span> <span class='ocrx_word' id='word_1_786' title='bbox 3112 5521 3374 5588; x_wconf 82' lang='lat' dir='ltr'><strong><em>Patruus,</em></strong></span> <span class='ocrx_word' id='word_1_787' title='bbox 3427 5516 3624 5582; x_wconf 87' lang='lat' dir='ltr'><strong><em>amita,</em></strong></span> <span class='ocrx_word' id='word_1_788' title='bbox 3683 5512 3732 5566; x_wconf 91' lang='lat' dir='ltr'><strong><em>id</em></strong></span> <span class='ocrx_word' id='word_1_789' title='bbox 3779 5510 3859 5568; x_wconf 44' lang='lat' dir='ltr'><strong><em>est,</em></strong></span> 
     </span>
    </p>
   </div>
  </div>
