3972 6192
134 298 224 349 785

133 508 223 560 tris
253 507 449 575 frater,
482 514 538 563 et
568 524 753 563 soror.

769 652 1077 707 CAPITULUM
1119 653 1171 707 4.

192 794 406 858 Quarto
464 795 646 865 gradu
702 794 945 849 veniunt
1006 811 1198 865 supra,
1261 796 1491 862 abavus,
1552 797 1752 851 abavia
1803 815 1814 851 :

132 883 269 936 infra
316 884 590 953 abnepos,
646 883 907 953 abneptis
938 899 951 936 :
988 900 1053 936 ex
1107 884 1340 954 obliquo
1384 885 1573 939 fratris
1625 891 1681 939 et
1728 904 1818 939 so-

132 971 286 1037 roris,
333 987 535 1040 nepos.
593 972 801 1040 neptis,
860 972 1156 1042 patruelis,
1208 989 1370 1025 soror
1417 974 1712 1044 patruelis,
1763 974 1818 1029 id

133 1064 227 1123 est,
280 1060 468 1129 patrui
500 1060 673 1125 ﬁlius,
710 1061 796 1112 vel
829 1060 965 1113 tilia.
1015 1060 1422 1125 Consobrinus,
1458 1064 1815 1128 consobrina,

134 1148 182 1201 id
215 1154 318 1213 est,
367 1149 629 1201 avunculi
663 1153 718 1201 et
768 1154 1090 1202 matertera:
1138 1150 1310 1217 ﬁlius,
1346 1152 1428 1204 vel
1476 1152 1610 1204 ﬁlia.
1663 1153 1817 1206 Ami-

133 1237 296 1301 tinus,
326 1236 586 1300 amitina,
620 1237 675 1290 id
706 1242 813 1303 est,
847 1238 1038 1290 amitae
1071 1238 1241 1302 filius,
1276 1240 1360 1291 vel
1392 1240 1527 1293 ﬁlia.
1564 1242 1817 1309 Itemque

132 1324 452 1377 consobrini
496 1339 509 1377 :
562 1324 697 1393 quia
751 1340 817 1377 ex
868 1324 1088 1378 duabus
1138 1326 1430 1379 sororibus
1482 1333 1813 1381 nascuntur.

132 1411 338 1474 Quibus
379 1412 650 1465 accrescit
698 1417 938 1481 patruus
970 1429 1233 1483 magnus,
1269 1414 1443 1468 amita
1484 1431 1712 1484 magna,
1758 1416 1816 1468 id

133 1506 225 1565 est,
260 1500 348 1553 avi
379 1499 605 1569 paterni
652 1500 826 1553 frater
862 1507 920 1554 et
962 1516 1143 1554 soror.
1179 1503 1505 1555 Avunculus
1554 1518 1814 1571 magnus,

131 1591 427 1638 matertera
460 1602 687 1656 magna,
721 1586 779 1640 id
825 1592 929 1654 est,
977 1588 1118 1642 avia:
1149 1595 1267 1643 tam
1309 1595 1584 1659 paternae,
1640 1607 1815 1661 quam

133 1680 419 1741 maternae,
455 1675 629 1729 frater
659 1680 716 1729 et
744 1691 923 1730 soror.

771 1834 1081 1889 CAPITULO!

194 1975 407 2039 Quinto
440 1975 621 2045 gradu
660 1975 896 2030 veniunt
940 1993 1115 2047 supra
1158 1978 1392 2049 quidem
1425 1983 1637 2049 atavus,
1689 1986 1818 2035 ata-

134 2064 213 2117 via
246 2080 267 2125 ε,
296 2064 444 2117 infra
492 2064 764 2135 adnepos,
812 2065 1075 2136 adneptis
1108 2082 1121 2120 :
1157 2084 1223 2121 ex
1258 2068 1492 2138 obliquo
1541 2070 1729 2123 fratris
1761 2077 1817 2125 et

134 2153 353 2219 sororis,
422 2168 724 2222 pronepos,
786 2155 1082 2225 proneptis
1151 2171 1163 2209 :
1232 2156 1437 2210 fratres
1502 2159 1816 2227 patrueles,

134 2258 350 2293 sorores
406 2244 690 2309 patrueles
742 2257 755 2294 :
813 2241 1059 2304 amitini,
1117 2244 1372 2298 amitinaz
1415 2261 1427 2299 :
1466 2246 1814 2311 consobrini,

132 2328 482 2382 consobrina:
536 2329 711 2392 filius,
770 2330 856 2382 vel
912 2329 1049 2396 ﬁlia,
1107 2332 1375 2400 proprius
1422 2334 1813 2402 consobrinus,

131 2417 481 2484 consobrina,
533 2417 587 2471 id
645 2421 749 2482 est,
812 2418 999 2487 patrui
1052 2420 1265 2489 magni,
1327 2422 1517 2476 amitae
1571 2439 1815 2493 magnae,

131 2506 390 2559 avunculi
439 2505 650 2574 magni,
703 2511 1023 2561 matertera
1074 2524 1298 2578 magnae
1332 2508 1503 2576 ﬁlius,
1554 2512 1641 2564 vel
1674 2511 1815 2566 ﬁlia.

130 2593 340 2656 Quibus
399 2598 745 2653 accrescunt,
781 2598 1148 2664 propatruus,
1206 2597 1505 2667 proamita.
1567 2599 1638 2651 Hi
1687 2606 1821 2654 sunt

132 2681 323 2751 proavi
375 2682 617 2735 materni
660 2682 835 2736 frater
863 2688 921 2736 et
964 2700 1143 2749 soror,
1192 2687 1634 2755 proavunculus,
1683 2705 1817 2758 pro-

134 2776 451 2824 matertera.
504 2770 571 2824 l-li
624 2777 757 2825 sunt
813 2771 1061 2841 proaviae
1108 2778 1380 2843 paternas,
1434 2781 1818 2846 maternaque

133 2860 305 2913 frater
332 2863 388 2913 et
415 2875 592 2924 soror,
623 2860 935 2931 proavique
984 2862 1248 2915 materni.
1283 2864 1415 2918 Haec
1444 2864 1682 2933 species,
1715 2882 1819 2918 nec

133 2948 254 3000 aliis
288 2947 557 3015 gradibus
610 2964 779 3018 quam
837 2949 1047 3019 scripta
1086 2961 1191 3019 est,
1226 2967 1330 3004 nec
1375 2952 1501 3005 aliis
1529 2954 1819 3007 vocabulis

134 3036 404 3090 declarari
437 3040 639 3107 potest.

775 3196 1087 3251 CAPITULUM
1127 3201 1178 3250 6.

196 3334 362 3389 Sexto
394 3334 577 3405 gradu
626 3334 864 3389 veniunt
904 3352 1076 3407 supra
1118 3336 1376 3403 tritavus,
1426 3338 1654 3392 tritavia
1687 3356 1700 3393 :
1729 3340 1815 3393 in-

132 3422 211 3475 fra
257 3425 532 3493 trinepos,
566 3424 829 3494 trineptis
864 3441 875 3477 :
910 3440 974 3477 ex
1009 3424 1241 3495 obliquo
1284 3426 1471 3478 fratris
1501 3429 1558 3479 et
1587 3427 1816 3494 sororis,

130 3511 379 3581 abnepos
421 3511 701 3580 abneptis,
736 3510 941 3565 fratres
984 3514 1279 3582 patruelis,
1316 3530 1540 3567 sorores
1585 3522 1821 3584 patrue-

132 3597 215 3650 lis.
248 3597 484 3650 Amitini
535 3598 810 3664 amitinae,
862 3599 1184 3653 consobrini
1211 3600 1592 3655 consobrina.
1625 3602 1820 3656 Patrui

133 3685 348 3754 magni,
399 3685 588 3738 amitae
638 3702 883 3755 magnas,
930 3688 1195 3741 avunculi
1231 3688 1443 3758 magni,
1497 3694 1821 3745 matertera:

130 3789 372 3844 magnae.
429 3775 615 3844 Nepos
666 3775 853 3844 neptis
918 3776 1237 3846 proprioris
1292 3778 1620 3832 consobrini
1668 3779 1821 3833 ﬁlius

130 3864 214 3915 vel
242 3862 383 3926 ﬁlia,
418 3862 519 3931 qui
541 3862 869 3916 consobrini
898 3864 1281 3932 appellantur.
1306 3864 1522 3928 Quibus
1552 3883 1617 3919 ex
1644 3868 1821 3921 latere

132 3953 455 4003 accrescunt
500 3951 823 4018 propatrui,
871 3952 1172 4019 proamitaa
1208 3968 1221 4005 :
1253 3951 1651 4020 proavunculi,
1691 3968 1823 4023 pro-

133 4042 447 4090 matertera:
495 4037 668 4100 ﬁlius.
735 4038 821 4090 vel
871 4038 1010 4103 ﬁlia,
1060 4040 1390 4109 adpatruus,
1440 4039 1709 4093 adamita.
1754 4040 1822 4096 Ili

134 4130 263 4178 sunt
287 4124 454 4178 abavi
496 4125 719 4195 paterni
750 4125 924 4179 frater
955 4132 1009 4180 et
1052 4143 1235 4192 soror,
1272 4128 1680 4193 abavunculus,
1716 4128 1818 4181 ab-

134 4218 456 4267 matertera.
529 4213 594 4267 Hi
659 4218 791 4268 sunt
852 4213 1063 4267 abaviaa
1131 4221 1385 4285 paternae
1433 4222 1821 4286 maternusque

130 4301 300 4354 frater
365 4306 421 4355 et
486 4318 668 4367 soror,
736 4296 1017 4373 abavique
1083 4303 1345 4357 materni.
1400 4306 1527 4359 Haec
1593 4321 1823 4375 quoque

133 4389 421 4460 explanari
472 4390 721 4460 amplius
766 4407 883 4445 non
939 4397 1198 4461 possunt,
1256 4409 1427 4464 quam
1462 4400 1656 4447 auctor
1707 4394 1829 4464 ipse

136 4479 421 4533 disseruit.

1080 298 1552 355 DECRETORUM
1597 302 1778 357 LIBRI
1816 303 1923 358 XX.
1959 332 2028 341 -—-
2071 304 2280 359 LIBER
2320 304 2683 360 SEPTIMUS.

127 418 295 489 patris
343 419 539 483 frater,
594 422 651 473 ct
679 435 862 475 soror.
915 422 1267 488 Avunculus,
1322 428 1651 490 matertera,
1697 440 1820 477 ma-
1860 428 1903 480 A

3526 312 3628 362 786

2578 427 2887 481 CAPireLuu
2925 431 2981 480 7.

1998 548 2250 619 Septimo
2297 549 2501 619 gradu,
2547 550 2646 619 qui
2680 555 2811 603 sunt
2854 550 3085 619 cognati
3118 556 3270 605 recta
3317 551 3491 617 linea,
3525 569 3628 606 su-

1928 652 2033 707 pra
2062 636 2324 708 infraque
2355 654 2459 708 pro
2506 638 2749 708 propriis
2790 639 3121 692 nominibus
3167 655 3282 693 non
3325 641 3628 711 appellan-

1929 731 2042 791 tur,
2098 742 2195 779 sex
2248 743 2314 780 ex
2394 733 2713 779 transversa
2777 727 2929 780 linea
3002 727 3372 782 continentur
3435 730 3627 783 fratris

1928 812 2142 866 sororis
2190 813 2441 883 adnepos
2488 814 2772 883 adneptis,
2823 815 3148 872 consobrini
3202 817 3327 880 ﬁlii,
3375 817 3626 887 ﬁliasque

1928 902 2317 956 successionis.
2354 903 2568 956 Idcirco
2599 908 2809 972 gradus
2852 908 3069 972 septem
3106 904 3402 957 constituti
3444 913 3577 959 sunt
3608 924 3621 960 :

1928 990 2029 1060 qui
2078 992 2316 1044 ulterius
2351 1006 2452 1061 per
2499 1007 2694 1044 rerum
2726 996 3012 1051 naturam,
3047 1007 3151 1044 nec
3202 992 3431 1046 nomina
3474 994 3626 1049 iuve-

1926 1078 2061 1144 niri,
2122 1095 2227 1133 nec
2282 1079 2395 1132 vita
2447 1080 2881 1133 succedentibus
2936 1079 3235 1150 prorogari
3301 1086 3503 1150 potest.
3559 1083 3623 1137 In

1927 1168 2015 1221 his
2047 1175 2267 1238 septem
2300 1168 2573 1239 gradibus
2624 1169 2819 1221 omnia
2854 1168 3350 1239 propinquitatum
3386 1171 3623 1224 nomina

1926 1256 2313 1321 continentur,
2337 1256 2487 1309 ultra
2506 1272 2647 1325 quos
2666 1256 2913 1310 afﬁnitas
2929 1256 3195 1323 inveniri,
3217 1273 3319 1311 nec
3341 1260 3620 1312 successio

1928 1348 2110 1414 potest
2135 1345 2383 1415 amplius
2413 1345 2742 1414 propagari.

1925 1484 2055 1539 CAP.
2092 1486 2258 1538 XXIX.
2282 1513 2353 1524 —
2381 1486 2453 1537 De
2480 1484 2793 1537 incestuosis
2831 1484 2927 1550 qui
2982 1483 3374 1538 admonitiones
3432 1500 3616 1538 sacer-

2468 1555 2649 1607 dotum
2683 1559 3038 1607 contemnunt.

1998 1678 2119 1747 (Ea:
2166 1678 2387 1733 concilio
2441 1680 2659 1741 Turon.,
2711 1679 2888 1745 capite
2930 1676 3004 1745 1.)
3056 1676 3384 1741 lncestuosi,
3435 1678 3618 1747 parri-

1927 1765 2089 1833 cidze,
2125 1765 2449 1830 homicidas,
2503 1764 2666 1817 multi
2696 1766 2847 1833 apud
2881 1780 3003 1829 nos,
3040 1764 3183 1832 proh
3226 1764 3417 1819 dolor!
3449 1781 3620 1834 repe-
3700 1754 3713 1767 ’

1926 1854 2156 1907 riuntur
2213 1870 2225 1908 :
2282 1854 2377 1907 sed
2436 1853 2615 1923 aliqui
2685 1868 2753 1905 ex
2822 1851 2935 1904 illis
2991 1852 3349 1905 sacerdotum
3418 1855 3622 1906 nolunt

1927 1941 2414 1996 admonitionibus
2466 1956 2660 1994 aurem
2720 1940 3190 2005 accommodare,
3249 1942 3500 1994 volentes
3558 1941 3619 1995 in

1926 2030 2186 2101 pristinis
2246 2029 2558 2100 perdurare
2618 2028 3000 2081 criminibus:
3039 2044 3184 2098 quos
3234 2034 3461 2098 oportet
3518 2046 3622 2099 per

1928 2118 2213 2173 saecularis
2257 2118 2529 2187 potentias
2578 2117 2937 2186 disciplinam
2972 2134 3002 2170 a
3031 2123 3147 2170 tam
3178 2134 3353 2187 prava
3382 2134 3619 2171 consue-

1928 2207 2125 2260 tudine
2170 2206 2439 2271 coerceri,
2477 2206 2576 2276 qui
2615 2222 2718 2275 per
2766 2205 3057 2259 salutifera
3100 2207 3459 2260 sacerdotum
3490 2224 3617 2260 mo-

1931 2296 2050 2348 nita
2080 2296 2392 2349 noluerunt
2425 2294 2696 2347 revocari.

1930 2441 2055 2495 Car.
2087 2440 2232 2494 XXX.
2263 2466 2336 2478 —
2389 2437 2541 2508 Quod
2594 2438 2746 2500 infra
2798 2443 3009 2489 sextam
3060 2438 3452 2504 generationem
3505 2452 3623 2491 con-

2524 2509 2688 2576 jugia
2724 2522 2829 2561 non
2862 2511 3019 2574 ﬁunt.

2002 2634 2113 2702 (Ea:
2142 2633 2362 2687 concilio
2416 2632 2565 2701 apud
2614 2632 3008 2699 Conﬂuentiam
3061 2633 3149 2684 oui
3175 2630 3431 2695 interfuit
3481 2633 3623 2684 Hen-

1930 2724 2097 2782 ricus.
2147 2726 2196 2775 et
2254 2721 2496 2784 Carolus,
2544 2734 2715 2786 reges,
2767 2721 2943 2787 capite
2989 2723 3059 2784 l.)
3091 2723 3256 2771 Anno
3314 2718 3623 2772 Dominica:

1931 2808 2335 2863 incarnationis
2385 2808 2757 2873 DCCCCXXII,
2810 2807 2959 2875 apud
3002 2807 3420 2861 Confluentiam
3459 2806 3623 2874 jussu

1931 2897 2344 2953 venerabilium
2392 2896 2718 2965 principum
2759 2894 2947 2949 Caroli
2986 2894 3261 2960 videlicet,
3308 2900 3364 2947 et
3395 2894 3625 2949 Henrici

1859 2983 1898 3037 C
1930 3002 2132 3057 regum
2162 2983 2787 3048 reverendissimorum,
2837 2983 3168 3053 congregati
3213 2987 3345 3036 sunt
3374 2982 3625 3053 episcopi

1929 3090 2169 3130 numero
2197 3073 2315 3127 VIII
2349 3089 2363 3126 :
2399 3074 2755 3127 Hermannus
2782 3071 3219 3142 Agrippinensis
3247 3071 3624 3140 archiepisco-

1930 3180 2057 3233 pus,
2090 3162 2395 3231 Herigerus
2438 3158 2844 3229 Moguntiensis
2892 3158 3371 3228 archiepiscopus,
3412 3158 3626 3213 Thiedo

1929 3248 2417 3318 Wirceburgensis
2468 3248 2790 3317 episcopus,
2848 3247 3196 3301 Luittharius
3248 3247 3627 3301 Mindanensis

1929 3339 2249 3408 episcopus,
2303 3338 2444 3391 Doto
2477 3335 2933 3405 Osneburgensis
2964 3335 3283 3405 episcopus,
3337 3335 3627 3404 Hichgou—

1928 3442 2010 3479 wo
2063 3424 2501 3478 Wormaciensis
2553 3423 2885 3493 episcopus,
2945 3423 3270 3477 Richwinus
3326 3424 3629 3477 Strazbur—

1928 3513 2119 3583 gensis
2184 3513 2504 3582 episcopus,
2571 3512 2818 3565 Unwano
2889 3509 3339 3563 Padebrunensis
3411 3510 3627 3580 episco-

1928 3618 2052 3672 pus,
2113 3617 2243 3655 cum
2306 3600 2606 3654 abbatibus
2678 3599 2918 3668 aliisque
2984 3598 3127 3651 sacri
3197 3596 3414 3650 ordinis
3492 3597 3629 3651 viris

1929 3688 2387 3760 quamplurimis.
2446 3690 2578 3757 Cap.
2616 3690 2663 3740 l.
2698 3686 2825 3751 Qui,
2878 3686 3002 3755 ipso
3033 3690 3379 3753 cooperante
3417 3689 3473 3738 et
3500 3701 3627 3738 sen-

1928 3777 2137 3831 tentias
2201 3793 2402 3831 eorum
2478 3774 2856 3828 conﬁrmante
2924 3772 3165 3827 Domino
3236 3776 3433 3826 nostro
3497 3773 3631 3826 Jesu

1930 3865 2174 3931 Christo,
2218 3865 2278 3918 in
2310 3862 2569 3934 synodali
2618 3862 2935 3915 residentes
2979 3866 3261 3914 conventu
3309 3860 3491 3914 multa
3520 3860 3630 3914 uti-

1931 3954 2007 4007 lia
2055 3970 2120 4008 ac
2172 3957 2383 4007 sanctae
2433 3952 2536 4006 Dei
2583 3950 2843 4004 Ecclesiae
2904 3949 3207 4019 profutura
3258 3948 3631 4002 saluberrimo

1929 4046 2235 4096 tractantes
2284 4038 2518 4093 consilio
2549 4038 2701 4092 inter
2730 4044 2937 4091 cetera
2981 4051 3111 4106 quas
3150 4040 3490 4100 statuerunt,
3526 4036 3632 4089 hoc

1932 4130 2179 4185 maxime
2230 4128 2636 4194 necessarium,
2669 4130 2724 4180 et
2766 4124 3027 4190 instanti,
3069 4124 3218 4193 proh
3251 4124 3449 4179 dolori
3484 4128 3631 4177 tem-

1936 4236 2076 4290 pore
2128 4234 2231 4288 per
2286 4217 2619 4271 abusionem
2687 4212 3220 4284 frequentissimum
3280 4212 3633 4282 cognationis

1936 4308 2236 4372 incestum,
2286 4320 2511 4358 summa
2567 4303 2789 4357 cautela
2843 4302 3143 4355 vitandum
3191 4302 3567 4355 ﬁrmaverunt
3619 4317 3633 4355 :

1937 4395 2045 4448 hoc
2092 4398 2197 4460 est,
2228 4409 2299 4446 ne
2332 4393 2481 4446 ullus
2534 4390 2891 4447 Christianus
2940 4390 3090 4443 infra
3123 4394 3343 4444 sextam
3391 4404 3633 4459 genera-

1938 4482 2152 4535 tionem
2185 4481 2414 4552 nuptias
2444 4481 2711 4550 copulare
2745 4483 3076 4550 praesumat.

1510 4658 1684 4697 FINIS
1740 4658 1915 4698 LIBRI
1963 4657 2255 4697 SEPTIMI.
