4028 6190
102 316 188 363 7:51!
1059 309 1546 366 DECRETORUM
1592 308 1783 363 LIBRI
1824 308 1932 365 XX.
1974 338 2042 347 --
2085 306 2298 363 LIBER
2336 306 2685 366 OCTAVUS.
2766 360 2771 365 .

3553 334 3656 383 790

104 440 175 488 l2.
223 436 308 489 De
362 433 678 505 virginibus
734 433 972 488 necdum
1027 431 1250 498 velatis,
1299 447 1429 501 quae
1488 436 1697 484 tamen
1749 427 1809 480 in
1848 430 1894 482 A
1924 429 2011 483 46.
2056 429 2126 482 Ut
2159 427 2348 480 vidua:
2380 424 2586 479 velatae
2620 431 2694 484 ad
2730 436 2961 505 nuptias
2990 438 3073 492 ire
3106 455 3223 494 non
3256 441 3519 499 debeam.

157 523 466 594 proposito
497 522 758 594 virginali
783 538 840 575 se
872 522 1274 576 simulaverant
1308 532 1682 589 permanere.

102 617 171 666 t3.
222 614 307 665 De
356 611 884 665 sanctimonialibus
927 610 1034 663 sia
1066 609 1359 681 proposito
1410 623 1579 661 sacro
1614 604 1809 659 devia-

163 701 381 754 verint.

103 791 173 843 14.
227 791 311 844 De
345 790 547 843 eadem
581 804 662 843 re.

100 882 174 931 15.
224 879 358 941 Quo
390 883 644 946 tempore
690 891 912 929 sacrum
962 876 1219 929 velamen
1250 871 1426 927 sacris
1476 868 1807 941 virginibus

156 966 399 1034 imponi
430 965 645 1019 debeat.

96 1058 174 1107 16.
228 1056 309 1108 De
344 1054 541 1107 eadem
572 1068 652 1105 re.

94 1148 175 1196 l7.
227 1145 313 1197 De
366 1139 912 1205 sanctimonialibus,
969 1156 1095 1211 qua:
1150 1138 1287 1192 alias
1336 1137 1531 1190 velare
1586 1151 1803 1205 praesu-

162 1236 365 1285 munt.

100 1323 181 1374 18.
234 1320 319 1372 De
353 1317 686 1388 virginibus,
721 1332 833 1386 qua
865 1320 1028 1369 aetate
1061 1314 1230 1368 velari
1262 1313 1527 1367 debeant.

99 1412 173 1459 19.
230 1405 401 1468 Quod
453 1406 848 1473 desponsatam
896 1402 1144 1471 puellam
1178 1401 1273 1454 alii
1321 1400 1441 1453 viro
1490 1415 1606 1452 non
1636 1398 1707 1453 sit
1738 1400 1803 1453 li-

161 1494 361 1547 citum
414 1492 567 1557 dare,
618 1491 1031 1545 monasterium
1080 1495 1270 1542 autem
1303 1488 1435 1542 licet
1482 1488 1719 1556 eligere,
1758 1488 1805 1541 si

165 1583 316 1634 vult.

1918 518 2007 571 47.
2052 519 2131 571 De
2161 517 2336 570 vidua
2383 530 2518 583 qum
2571 520 2685 574 sub
2716 524 2961 587 obtentu.
3003 527 3303 598 religionis
3356 532 3547 588 velum
3580 537 3649 590 ad

1992 612 2219 677 tempus
2251 602 2363 657 sibi
2394 602 2771 671 imposuerit.

1914 696 2002 750 48.
2048 697 2122 750 De
2172 691 2363 747 viduis
2395 696 2449 742 et
2476 695 2691 757 puellis
2724 717 2852 771 quae
2884 703 2942 755 in
2977 705 3238 759 domibus
3269 710 3519 779 propriis
3542 712 3645 765 ha-

1990 786 2175 839 bitum
2210 780 2515 850 religionis
2543 800 2944 861 susceperunt.

1917 874 2006 929 49.
2049 874 2210 939 Quod
2283 872 2517 923 sanctus
2600 878 2911 951 Gregorius
2979 884 3287 952 quamdam
3365 886 3641 943 feminam

1988 964 2235 1016 velatam
2292 972 2427 1027 quas
2468 975 2699 1020 sacrum
2748 971 3106 1038 propositum
3156 976 3509 1043 transgressa
3557 982 3642 1030 est

1990 1045 2415 1121 comprehendi
2450 1048 2713 1117 jusserit.

1919 1141 2005 1194 50.
2050 1141 2126 1193 De
2161 1136 2358 1193 viduis
2383 1136 2605 1207 velatis,
2642 1143 2689 1196 si
2723 1146 3109 1215 voluptatibus
3136 1149 3322 1202 carnis
3356 1149 3636 1205 inservire

1992 1232 2352 1282 accusantur.

1924 1319 2009 1372 51.
2057 1318 2124 1371 Ut
2170 1314 2438 1385 sacrilegi
2488 1317 2878 1388 dijudicentur
2917 1322 3017 1391 qui
3066 1340 3125 1375 se
3178 1326 3410 1378 sacratis
3457 1328 3634 1381 femi~

1993 1406 2079 1459 uis
2111 1406 2494 1459 miscuerunt.

1920 1499 2005 1549 52.
2054 1496 2128 1548 De
2158 1494 2247 1546 lllS
2283 1493 2381 1562 qui
2414 1496 2879 1550 sanctimoniales
2912 1498 3156 1570 virgines
3191 1502 3271 1553 vel
3305 1502 3501 1555 viduas
3534 1521 3627 1557 ve-

1992 1585 2129 1636 latas
2161 1582 2418 1651 rapiunt.

92 1674 183 1725 20.
236 1671 307 1724 Ut
368 1668 575 1738 aliquis
630 1666 958 1737 incognitus
1020 1683 1137 1721 non
1186 1666 1296 1720 cito
1344 1665 1403 1719 in
1455 1664 1801 1719 monasterio
1845 1713 1883 1765 Β
1919 1676 2005 1727 53.
2052 1673 2121 1725 Ut
2173 1670 2367 1724 clerici
2417 1688 2517 1725 seu
2572 1672 2699 1726 laici
2732 1689 2862 1726 cum
2908 1674 3059 1727 bono
3118 1676 3446 1730 testimonio
3498 1696 3625 1733 cum

162 1758 588 1811 monachorum
614 1756 944 1826 recipiatur.

93 1850 179 1899 2t.
232 1847 312 1899 De
345 1844 561 1899 clericis
609 1845 709 1914 qui
758 1844 1174 1898 monachorum
1213 1843 1573 1914 propositum
1621 1858 1800 1913 appe-

167 1940 329 1989 tunt.

96 2028 181 2078 ‘22.
232 2026 315 2077 De
366 2022 681 2093 virginibus
719 2022 911 2088 sacris,
946 2036 1073 2091 qua:
1118 2024 1353 2091 propter
1399 2019 1801 2074 districtiorem

165 2111 353 2163 vitam
386 2111 455 2163 ad
484 2110 635 2163 aliud
656 2110 1070 2163 monasterium
1101 2108 1184 2161 ire
1218 2109 1621 2177 disposuerint.

99 2203 186 2253 ‘23.
233 2198 365 2262 Quo
397 2198 597 2252 vestitu
647 2198 897 2268 virgines
950 2197 1019 2250 ad
1069 2198 1553 2250 consecrationem
1608 2196 1802 2249 venire

172 2288 451 2341 debeant.

98 2379 189 2431 24.
237 2376 313 2430 Ut
342 2382 551 2445 praeter
592 2374 889 2428 scientiam
932 2372 1157 2427 domini
1186 2372 1276 2426 sui
1314 2388 1508 2427 servus
1536 2387 1655 2426 non
1688 2372 1805 2425 effi-

167 2465 362 2517 ciatur
389 2462 714 2515 monachus.

94 2558 184 2607 ‘25.
232 2554 316 2606 De
346 2550 445 2605 illo
475 2549 572 2621 qui
594 2565 820 2604 servum
846 2549 1097 2603 alienum
1129 2564 1299 2602 causa
1320 2548 1612 2619 religionis
1641 2548 1804 2603 docet

170 2646 546 2693 contemnere
573 2638 872 2692 dominum
903 2654 1092 2692 suum.

96 2735 191 2783 ‘26.
241 2730 321 2783 De
349 2727 600 2799 fugitivis
629 2726 867 2781 clericis.

96 2824 186 2871 27.
233 2820 313 2873 De
346 2817 731 2884 saecularibus,
786 2816 831 2868 si
862 2831 921 2869 se
955 2815 1133 2870 semel
1180 2830 1283 2885 per
1328 2814 1669 2885 religionem
1714 2817 1801 2868 to-

171 2906 493 2973 tonderiut,
512 2910 567 2959 et
593 2910 723 2975 post
748 2903 873 2958 laici
905 2904 1250 2960 efﬁciuntur.

1988 1760 2163 1814 sacris
2195 1760 2401 1829 puellis
2427 1760 2590 1830 loqui
2622 1761 2885 1815 debeant.

1916 1850 2000 1902 54.
2045 1850 2208 1913 Quod
2269 1848 2540 1902 mulieres
2573 1850 2795 1917 velatae,
2856 1850 3044 1903 autin
3098 1851 3481 1917 monasteriis,
3524 1860 3621 1906 aut

1985 1938 2044 1991 in
2075 1937 2339 1991 domibus
2370 1936 2489 1990 suis
2519 1937 2779 1991 habitum
2813 1939 3137 1991 observent.

1915 2028 2001 2081 55.
2052 2026 2118 2079 Ut
2173 2024 2651 2079 adolescentiores
2713 2024 2918 2087 vidum,
2982 2026 3070 2079 vel
3131 2026 3616 2097 sanctimoniales,

1985 2115 2055 2168 ab
2086 2114 2354 2185 episc0po
2385 2128 2504 2166 non
2533 2113 2927 2183 negligantur.

1914 2207 2000 2258 56.
2048 2203 2115 2257 Ut
2144 2202 2539 2271 unusquisque
2574 2200 2878 2269 episcopus
2909 2201 3149 2253 clericos
3176 2200 3234 2254 in
3265 2218 3367 2254 suo
3396 2203 3615 2272 episco-

1983 2291 2077 2361 pio
2104 2295 2373 2360 vagantes
2400 2289 2468 2342 ad
2499 2304 2668 2341 suum
2700 2288 3036 2358 episcopum
3068 2288 3254 2342 redire
3282 2289 3469 2345 faciat.

1914 2382 1997 2432 57.
2046 2380 2121 2432 De
2153 2377 2371 2431 clericis
2404 2376 2581 2447 vagis.
2950 2370 2953 2375 λ

1914 2471 2000 2521 58.
2048 2468 2115 2521 Ut
2177 2466 2471 2520 monachae
2555 2464 2869 2518 monastice
2933 2464 3152 2530 vivant,
3226 2469 3280 2519 et
3345 2465 3615 2519 canonice

1984 2556 2295 2609 secundum
2326 2552 2662 2608 canonicam
2694 2552 2869 2605 vitam
2906 2553 3112 2605 vivant.

1913 2648 1999 2698 59.
2048 2646 2115 2698 Ut
2144 2641 2611 2697 sanctimoniales
2640 2640 2943 2695 abbatissae
2976 2658 3092 2694 sua).
3122 2641 3236 2695 sint
3263 2642 3611 2698 obedientes.

1913 2736 1999 2787 60.
2047 2734 2120 2785 De
2173 2732 2426 2797 feminis,
2477 2746 2606 2799 qua:
2666 2735 2903 2799 propter
2935 2730 3354 2784 continentiam
3405 2732 3613 2785 mulie-

1982 2822 2142 2875 brem
2175 2823 2400 2873 mutant
2426 2818 2706 2871 habitum.

1914 2913 2000 2963 61.
2046 2910 2124 2963 De
2183 2908 2283 2961 illo
2332 2905 2433 2977 qui
2498 2905 2889 2975 virginitatem
2955 2905 3317 2976 custodierit,
3383 2908 3614 2978 nuptias

95 2998 190 3047 ‘28.
240 2994 313 3048 Ut
359 3008 553 3046 servus
599 2992 661 3045 in
710 2993 1122 3047 monasterium
1169 3007 1286 3045 non
1335 2990 1647 3061 recipiatur
1697 3007 1797 3044 ne-
1839 2990 1878 3044 C
1980 3002 2171 3050 autem
2199 2993 2595 3049 exsecraverit.

167 3082 385 3136 sciente
416 3082 649 3135 domino
680 3098 804 3136 suo.

87 3174 183 3225 29.
234 3172 314 3225 De
364 3170 661 3224 monachis
716 3187 779 3224 ac
827 3169 1215 3224 monachabus
1265 3167 1366 3239 qui
1409 3184 1467 3222 se
1526 3167 1799 3238 sacrilega

169 3258 517 3329 contagione
552 3258 928 3313 miscuerunt.

99 3352 193 3403 30.
239 3349 310 3403 Ut
356 3364 471 3401 nou
526 3348 693 3402 liceat
745 3348 857 3401 Deo
898 3345 1133 3401 sacratis
1181 3344 1463 3416 nuptialia
1503 3346 1636 3416 jura
1666 3361 1798 3400 con-

173 3437 419 3490 trahere.

93 3530 190 3581 3l.
238 3526 315 3578 De
347 3524 434 3578 his
464 3523 564 3594 qui
595 3523 1057 3578 sanctimoniales
1088 3522 1148 3577 in
1179 3522 1612 3577 matrimonium
1642 3538 1819 3576 accew

172 3614 387 3684 perint,
420 3618 480 3667 ut
509 3612 755 3682 separati
785 3611 906 3666 sine
938 3629 1036 3683 spe
1059 3611 1316 3683 conjugii
1349 3616 1637 3665 maneant.

92 3706 189 3757 3‘2.
239 3703 315 3755 De
349 3701 662 3770 virginibus
694 3716 823 3771 quas
851 3701 1237 3771 praevaricatio
1276 3704 1426 3754 sunt.

96 3794 193 3845 33.
242 3791 306 3844 Ut
340 3789 523 3843 viduae
571 3790 762 3843 velum
795 3789 903 3843 sibi
934 3790 1229 3859 imponere
1261 3806 1378 3843 non
1418 3788 1681 3855 debeant,
1711 3787 1798 3841 in-

171 3878 432 3931 consulto
472 3876 739 3947 episcopo
780 3893 903 3943 suo,
937 3882 993 3929 et
1026 3892 1095 3929 ne
1134 3875 1451 3947 presbyteri
1497 3875 1579 3928 eis
1626 3874 1803 3945 impo-

174 3982 311 4020 nere
342 3970 713 4035 prmsumant,
742 3965 895 4035 quod
930 3969 986 4019 et
1014 3964 1294 4035 episcopis
1326 3981 1440 4017 non
1471 3964 1621 4017 licet.

97 4056 189 4109 34.
236 4054 391 4117 Quod
418 4053 605 4107 vidua:
632 4053 735 4107 sub
765 4054 920 4107 nulla
949 4052 1354 4107 benedictione
1384 4052 1497 4105 sint
1522 4051 1798 4105 velandae.

237 4142 312 4195 De
344 4140 528 4195 viduis
576 4157 706 4212 quas
762 4142 939 4195 semel
987 4157 1160 4195 sacra:
1212 4140 1660 4195 conversationis
1704 4156 1799 4194 ve-

170 4231 363 4283 lamen
394 4230 735 4300 suscipiunt.

94 4321 187 4373 36.
234 4319 313 4372 De
346 4318 549 4385 viduis,
585 4323 645 4373 ut
674 4318 866 4371 nullus
896 4333 991 4372 eas
1022 4318 1210 4371 velare
1240 4320 1501 4371 attentet.

100 4409 191 4459 37.
240 4406 321 4459 De
379 4405 671 4459 nobilibus
729 4404 977 4469 feminis,
1039 4421 1190 4475 quae,
1254 4409 1559 4474 postquam
1604 4404 1804 4459 velatae.

171 4492 410 4558 fuerint,
444 4493 599 4547 domi
634 4493 693 4546 in
726 4493 945 4547 deliciis
976 4493 1224 4547 residere
1255 4493 1626 4546 delectantur.

101 4584 189 4635 38.
237 4582 317 4634 De
354 4580 443 4634 his
494 4581 593 4651 qui
640 4582 854 4635 velatas
883 4586 942 4635 et
972 4582 1086 4635 Deo
1118 4585 1474 4635 consecratas
1505 4580 1567 4634 in
1608 4580 1803 4650 conju-

176 4670 338 4738 gium
368 4670 652 4724 duxerint.

107 4762 195 4813 39.
243 4759 321 4811 De
362 4757 549 4811 viduis
577 4775 704 4829 quae
753 4758 1067 4829 professam
1116 4756 1531 4812 continentiam
1585 4773 1802 4828 prmva-

174 4845 369 4900 ricatae
404 4851 554 4899 sunt.

99 4938 189 4989 40.
241 4936 318 4988 De
347 4934 547 4987 eadem
574 4950 654 4989 re.

101 5026 191 5078 41.
242 5025 321 5077 De
354 5022 555 5076 eadem
585 5038 667 5076 re.

97 5114 188 5165 42.
238 5113 318 5165 De
370 5110 603 5164 feminis
670 5125 915 5179 quarum
982 5107 1173 5163 mariti
1231 5109 1498 5178 obierint,
1568 5114 1630 5164 ut
1686 5125 1803 5163 non

171 5200 286 5253 cito
318 5216 378 5253 se
411 5200 624 5253 velent.

96 5291 190 5345 43.
236 5289 307 5342 Ut
335 5287 630 5342 viduitatis
659 5287 938 5358 professio
969 5304 1163 5342 coram
1192 5286 1458 5358 episcopo
1487 5287 1605 5341 fiat.

96 5380 191 5432 44.
237 5378 309 5433 Ut
353 5377 546 5431 nullus
589 5378 755 5445 velet,
806 5377 893 5431 vel
928 5376 1147 5447 jubeat,
1192 5376 1390 5430 viduas
1419 5377 1507 5430 vel
1552 5374 1802 5445 virgines

172 5467 416 5521 nubere.

94 5558 193 5611 45.
241 5557 321 5610 De
350 5555 537 5609 viduis
567 5554 926 5625 propositum
958 5554 1434 5626 relinquentibus.

1909 3090 1996 3139 62.
2041 3086 2117 3138 De
2160 3082 2392 3137 feminis
2423 3098 2553 3152 quae
2601 3084 2837 3152 propter
2888 3081 3233 3151 religionem
3288 3082 3473 3137 crines
3521 3088 3612 3137 to-

1979 3171 2289 3226 tonderiut.

1912 3264 1997 3316 63.
2042 3262 2118 3314 De
2149 3258 2261 3313 illis
2290 3256 2390 3329 qui
2423 3261 2658 3328 propter
2700 3257 3115 3311 continentiam
3145 3256 3336 3327 palliis
3367 3256 3612 3311 vestiun-

1980 3355 2092 3405 tur.

1912 3438 1998 3491 64.
2045 3438 2121 3490 De
2152 3436 2265 3490 illis
2294 3433 2394 3506 qui
2436 3434 2825 3505 virginitatem
2860 3435 3187 3498 observant,
3230 3438 3287 3488 et
3315 3434 3394 3488 sic
3424 3434 3612 3489 extol-

1982 3525 2201 3579 luntur.

1912 3617 1997 3668 65.
2042 3613 2201 3676 Quod
2234 3627 2351 3666 non
2380 3610 2453 3665 sit
2497 3610 2952 3681 permittendum
2986 3610 3294 3663 monachos
3324 3612 3379 3663 et
3408 3625 3608 3664 mona-

1982 3703 2115 3756 chas
2143 3702 2202 3754 in
2235 3716 2351 3755 uno
2383 3699 2730 3753 monasterio
2760 3686 2932 3752 simul
2957 3697 3236 3751 habitare.

1911 3793 1996 3844 66.
2044 3790 2108 3843 Ut
2160 3789 2463 3859 episcopus
2513 3788 2860 3840 monasteria
2913 3787 3327 3840 monachorum
3375 3790 3432 3841 et
3478 3802 3606 3839 san—

1980 3876 2397 3932 ctimonialium
2434 3875 2765 3945 frequenter
2790 3874 2997 3929 visitet.

1910 3972 1999 4021 67.
2043 3967 2111 4020 Ut
2138 3966 2370 4019 abbates
2416 3963 2477 4017 in
2510 3968 2792 4034 potestate
2834 3963 3235 4033 episcoporum
3271 3963 3602 4018 consistant.

1912 4059 1998 4111 68.
2042 4056 2120 4109 De
2150 4053 2447 4108 monachis
2478 4052 2577 4123 qui
2610 4052 2756 4107 filios
2788 4053 3231 4123 procreaverint.

1912 4149 1999 4200 69.
2044 4146 2120 4198 De
2161 4142 2696 4197 sanctimonialibus
2742 4157 2871 4214 qua:
2918 4141 3033 4195 vim
3081 4141 3438 4196 barbaricam
3481 4156 3608 4211 per-

1982 4233 2256 4287 tulerunt.

1915 4324 2002 4377 70.
2047 4323 2123 4376 De
2154 4320 2398 4392 quadam
2424 4318 2707 4374 abbatissa
2729 4334 2857 4389 qua:
2881 4333 2938 4371 se
2962 4318 3418 4387 proclamaverat
3437 4332 3608 4388 super

1985 4410 2265 4465 militibus
2289 4410 2350 4464 in
2380 4410 2623 4464 claustro
2654 4424 2756 4462 suo
2786 4407 3222 4477 hospitantibus.

1916 4505 2001 4555 7|.
2045 4500 2208 4564 Quod
2240 4516 2330 4554 res
2368 4498 2761 4553 ecclesiastica:
2791 4498 2860 4552 ad
2887 4496 3059 4551 laicos
3090 4496 3460 4568 disponenda:
3490 4513 3607 4551 non

1983 4585 2306 4655 respiciant.

1912 4675 2000 4725 72.
2046 4673 2122 4726 De
2149 4672 2348 4726 eadem
2380 4687 2462 4725 re.

1912 4764 2002 4816 73.
2046 4762 2116 4815 Ut
2160 4760 2389 4814 abbates
2434 4758 2504 4812 ad
2538 4758 2817 4829 synodum
2867 4757 2950 4811 ira
2982 4774 3101 4812 non
3148 4762 3443 4828 cogantur,
3497 4756 3606 4810 nis.

1986 4864 2089 4917 pro
2116 4846 2441 4901 rationabili
2472 4862 2553 4900 re.

1915 4936 2002 4991 74.
2046 4937 2117 4991 Ut
2131 4934 2598 5005 congregationes
2616 4933 3030 4988 monachorum
3051 4933 3171 4987 siue
3187 4932 3605 4987 collaudatione

1984 5024 2235 5095 episcOpi
2269 5022 2391 5075 ﬁeri
2422 5039 2537 5076 non
2565 5023 2750 5076 liceat.

1917 5118 2002 5168 75.
2046 5115 2123 5167 De
2170 5110 2487 5180 virginibus
2530 5112 2703 5165 sacris
2749 5127 2878 5181 quas
2921 5108 3254 5181 parentibus
3287 5106 3600 5179 privantur.

1915 5206 2001 5256 76.
2042 5200 2149 5265 Qui
2173 5200 2456 5270 religiosis
2486 5199 2715 5253 feminis
2743 5198 3168 5270 praeponendus
3195 5197 3283 5250 sit.

1911 5298 2000 5347 77.
2045 5293 2121 5345 De
2153 5290 2703 5355 sanctimonialibus,
2752 5288 2890 5359 quid
2921 5288 2981 5340 in
3012 5287 3259 5341 claustro
3286 5285 3470 5340 facere
3514 5286 3607 5340 de-

1984 5375 2173 5429 beant.

1912 5464 2000 5514 78.
2045 5458 2246 5514 Nullus
2302 5456 2480 5511 laicus
2537 5457 2783 5510 claustra
2834 5454 3352 5511 sanctimonialium
3409 5455 3603 5526 ingre-

1986 5548 2197 5612 diatur,
2228 5545 2340 5600 nisi
2372 5546 2443 5600 ad
2473 5562 2648 5617 opera
2676 5544 3008 5598 exercenda.
