3972 6192
311 217 403 268 791
1392 208 1800 264 BUBCHARDI
1843 205 2372 264 WORMACIENSIS
2409 205 2739 262 EPISCOPI.
3715 213 3815 260 792

311 341 397 392 79.
438 335 677 391 ianitrix
707 333 938 388 claustri
985 349 1104 388 non
1134 332 1400 404 eligatur,
1457 332 1570 387 nisi
1605 332 2002 387 testimonium
2042 337 2087 388 A
2117 333 2206 386 92.
2250 333 2320 386 Ut
2363 329 2620 402 episcopi
2650 330 2767 386 sive
2798 330 3032 386 abbates
3061 336 3196 386 ante
3224 348 3283 387 se
3304 333 3437 404 joca
3467 333 3669 404 turpia
3699 333 3822 387 ﬁeri

383 425 590 479 habeat
621 425 859 478 bonum.
1776 429 1781 434 '
2189 435 2305 474 non
2335 418 2697 490 permittant.

313 517 401 568 80.
447 514 515 567 Ut
542 511 846 576 abbatissa,
895 509 1004 564 nisi
1050 525 1153 581 per
1182 508 1473 564 licentiam
1517 507 1606 562 sui
1655 508 1934 580 episcopi,
1979 526 2011 563 a
2116 509 2206 562 93.
2251 508 2329 562 De
2377 507 2490 561 illis
2540 507 2642 579 qui
2689 509 2761 564 ab
2809 508 3078 580 episcopo
3123 526 3221 564 seu
3272 511 3342 565 ab
3394 511 3518 566 aliis
3573 511 3822 566 avaritia:

383 599 731 653 monasterio
763 615 879 652 non
910 598 1259 669 egrediatur.
2193 613 2363 650 causa
2392 597 2609 651 seducti
2641 614 2700 651 se
2729 598 3121 654 totonderunt.

316 690 405 740 81.
448 689 518 741 Ut
548 703 696 740 unus
735 686 907 739 abbas
953 685 1176 740 duobus
1209 682 1574 737 monasteriis
1617 699 1866 754 praeesse
1897 699 2013 738 non
2121 685 2208 739 94.
2255 686 2324 739 Ut
2381 685 2664 740 abbatissa
2725 703 2991 757 magnam
3051 703 3246 742 curam
3301 688 3507 744 habeat
3561 689 3635 743 de
3691 706 3820 743 con-

391 775 614 829 debeat.
2193 773 2529 844 gregatione
2563 790 2684 828 sua.

319 865 407 918 82.
451 864 520 918 Ut
551 861 818 916 monachi
855 865 1172 929 compatres
1205 876 1318 913 non
1348 858 1618 913 habeant.
2123 864 2208 916 95.
2256 863 2324 916 Ut
2387 861 2850 916 sanctimoniales
2907 863 2967 916 in
3025 863 3292 918 domibus
3354 864 3471 918 suis
3539 881 3680 918 cum
3719 864 3822 918 ali-

319 955 406 1006 83.
451 951 608 1015 Quod
640 949 869 1003 feminae
916 948 975 1001 in
1017 956 1302 1001 conventu
1349 947 1555 1001 docere
1586 962 1705 1000 non
1747 947 2011 1001 debeant.
2195 950 2406 1021 quibus
2455 951 2724 1004 masculis
2757 952 3102 1006 manducare
3149 953 3236 1008 vel
3282 954 3477 1008 bibere
3521 969 3645 1007 non
3676 969 3821 1020 prae-

320 1043 404 1093 84.
450 1040 520 1093 Ut
569 1037 784 1092 femina
836 1035 1235 1105 paenitentiam
1285 1035 1422 1088 dare
1469 1051 1588 1088 non
1642 1035 1867 1102 debeat,
1912 1051 2017 1089 nec
2196 1043 2445 1092 sumant.

393 1128 586 1181 sedere
618 1127 770 1179 inter
800 1124 1120 1178 sacerdotes
1150 1124 1209 1176 in
1239 1123 1518 1178 convivio.
2127 1129 2212 1181 96.
2257 1127 2514 1191 Qualiter
2557 1128 2827 1198 indignus
2880 1129 3054 1183 abbas
3084 1147 3115 1183 a
3145 1146 3249 1184 suo
3280 1135 3583 1200 separetur
3627 1131 3824 1184 olﬁcio.

323 1219 409 1270 85.
454 1217 530 1270 De
559 1213 896 1268 mulieribus
930 1212 1184 1265 virorum
1214 1228 1410 1265 causas
1441 1211 1894 1266 discutientibus.
2128 1218 2214 1270 97.
2259 1217 2337 1268 De
2387 1215 2606 1270 clericis
2659 1217 2759 1287 qui
2806 1223 3068 1272 tonsuras
3116 1217 3454 1283 dimiserint,
3507 1207 3578 1272 ἐι
3628 1234 3825 1272 uxores

323 1307 408 1359 86.
453 1303 615 1367 Quod
664 1301 833 1356 abbas
864 1317 968 1371 pro
1016 1300 1420 1354 humiliatione
1474 1301 1664 1354 locum
1711 1317 1880 1354 suum
1925 1315 2018 1355 re-
2204 1303 2546 1373 acceperint.

395 1393 660 1462 linquere
692 1390 890 1460 possit.
2132 1393 2221 1446 98.
2266 1391 2344 1444 De
2365 1391 2572 1460 puellis
2594 1408 2722 1462 quae
2743 1407 2801 1445 se
2827 1396 2956 1446 ante
2979 1393 3268 1464 legitimos
3292 1409 3474 1448 annos
3499 1410 3609 1448 sua
3633 1399 3828 1464 sponte

327 1482 412 1534 87.
455 1480 617 1544 Quod
652 1479 826 1532 laicus
866 1477 928 1531 in
970 1476 1208 1531 ecclesia
1253 1476 1560 1532 lectionem
1608 1477 1849 1532 recitare
1905 1494 2021 1532 non
2204 1495 2376 1533 sacras
2408 1479 2676 1548 religioni
2701 1481 3062 1537 tradiderint.

398 1568 621 1622 debeat.
2062 1615 2100 1640 ο
2131 1569 2219 1621 99.
2265 1569 2343 1620 De
2393 1567 2492 1621 illo
2528 1569 2630 1638 qui
2677 1569 2878 1636 tiliam,
2909 1575 3031 1623 ‘aut
3079 1575 3333 1640 neptem,
3393 1570 3479 1624 vel
3532 1574 3826 1640 parentem

329 1659 415 1711 88.
459 1656 614 1720 Quod
645 1671 762 1709 non
792 1654 960 1708 liceat
990 1654 1258 1725 episcopo
1292 1653 1616 1706 abstrahere
1664 1669 1784 1707 rem
1818 1669 2021 1707 mona-
2062 1615 2101 1668 Β
2203 1671 2362 1708 suam
2396 1657 2511 1708 Deo
2532 1615 2924 1727 bmnipoten’ti
2953 1615 3453 1712 otferrervoluerit.

400 1744 580 1810 sterii,
617 1743 877 1814 quamvis
913 1759 1046 1811 erga
1080 1757 1137 1796 se
1169 1742 1481 1812 peccaverit
1509 1742 1702 1796 abbas.
2139 1743 2256 1795 100.
2301 1743 2379 1796 De
2410 1745 2608 1797 eadem
2637 1759 2720 1798 re.

334 1834 418 1886 89.
467 1833 546 1885 Ne
574 1831 837 1885 monachi
863 1831 1070 1902 placita
1103 1830 1396 1884 smeularia
1421 1830 1646 1884 adeant.
2139 1833 2261 1885 lOl.
2305 1831 2384 1884 De
2436 1831 2641 1886 abbate
2691 1830 2792 1902 qui
2837 1831 3081 1886 feminas
3110 1832 3171 1887 in
3220 1833 3578 1888 monasterio
3612 1850 3717 1888 suo
3757 1834 3826 1888 fe-

334 1922 420 1973 90.
464 1921 540 1973 De
568 1920 799 1989 negotio
828 1918 1105 1973 saeculari.
2209 1917 2483 1973 stivitates
2513 1920 2802 1974 celebrare
2829 1921 3171 1991 permiserit.

335 2010 421 2061 91.
466 2008 544 2060 De
574 2007 795 2062 clericis
825 2007 1033 2077 injuste
1069 2005 1396 2058 tonsuratis.
2599 2008 2802 2062 Indicis
2829 2010 3193 2078 capitulorum
3218 2013 3366 2079 finis.

1661 2272 2503 2377 BURCHARDI

1331 2437 1955 2493 WORMACIENSIS
2015 2438 2421 2495 ECCLESIIE
2479 2441 2851 2498 EPISCOPI

581 2622 1932 2772 DECRETORUM
2016 2623 2605 2768 LIBER
2700 2626 3602 2775 OCTAVUS

1356 2849 1457 2912 DE
1506 2849 1720 2913 VIRlS
1769 2846 1874 2913 AC
1925 2847 2252 2912 FEMINIS
2302 2847 2453 2913 DEO
2505 2849 2822 2915 DICATIS

825 3118 1311 3174 ARGUMENTUM
1349 3115 1558 3170 LIBRI.
2081 3114 2121 3168 C
2149 3113 2555 3169 duodecimum
2604 3117 2785 3171 aetatis
2832 3133 3036 3171 eorum
3079 3134 3296 3172 annum
3349 3118 3584 3172 licentia
3638 3118 3833 3190 poterit

2158 3219 2298 3257 esse.
2349 3205 2552 3259 Postea
2597 3221 2728 3258 vero
2777 3222 2848 3259 an
2896 3207 3190 3260 voluntate
3235 3211 3564 3277 parentum,
3615 3223 3685 3260 an
3729 3220 3832 3258 sua:

2159 3291 2475 3346 devotionis
2529 3292 2600 3346 sit
2653 3293 2975 3349 solitarium
3022 3300 3240 3362 votum,
3285 3295 3394 3348 erit
3444 3294 3582 3348 ﬁliis
3633 3294 3830 3348 licitum

2156 3379 2455 3451 religionis
2512 3382 2813 3436 adsumere
2870 3384 3107 3437 cultum.
3165 3383 3431 3453 Quisquis
3489 3389 3702 3450 autem,
3756 3381 3830 3434 vel

2159 3467 2468 3522 abolitione
2511 3473 2788 3537 tonsurae,
2820 3471 2906 3524 vel
2939 3470 3226 3524 saacularis
3258 3471 3428 3524 vestis
3459 3469 3831 3539 assumptione

358 3585 487 3640 CAP.
517 3585 560 3641 Ι.
594 3613 668 3626 _
715 3585 794 3638 De
835 3585 947 3637 illis
977 3597 1108 3653 quos
1136 3597 1276 3636 unus
1305 3586 1403 3636 aut
1444 3581 1599 3636 ambo
1623 3586 1875 3652 parentes
1920 3597 2051 3637 εαη,
2160 3556 2414 3610 detectus
2444 3555 2617 3611 fuerit
2647 3557 2899 3628 attigisse
2946 3563 3479 3629 transgressionem,
3527 3573 3832 3613 excommu-

825 3660 922 3709 ciae
939 3644 1193 3721 réh'gioni
1220 3653 1574 3708 tradiderint.
1623 3644 1644 3652 ’
2161 3644 2464 3699 nicationis
2525 3661 2826 3700 censuram
2884 3646 3128 3717 accipiat
3184 3649 3240 3699 et
3297 3646 3571 3718 religioni
3627 3658 3832 3714 semper

2159 3733 2458 3788 inhaereat.

425 3264 591 3321 Libro
643 3263 749 3317 hoc
783 3263 852 3316 de
881 3261 1018 3316 viris
1049 3267 1107 3316 et
1135 3260 1384 3328 feminis,
1433 3259 1551 3330 qui,
1585 3261 1699 3314 Deo
1729 3259 1920 3329 dicati,
1955 3277 2047 3315 sa-

354 3368 514 3407 crum
547 3351 907 3422 propositum
937 3349 1314 3421 reliquerunt,
1350 3348 1537 3420 deque
1566 3349 1904 3404 eorumdem
1934 3367 2050 3421 pos-

357 3439 599 3496 nitentia
630 3439 892 3495 tractatio
921 3439 1264 3493 instituitur.

430 3781 540 3849 (Ea:
570 3781 755 3834 concil.
794 3780 962 3834 Tolet.
996 3794 1071 3844 xi,
1104 3780 1279 3847 capite
1318 3776 1394 3849 6.)
1425 3777 1705 3842 Quoniam
1755 3777 2050 3848 hucusque

356 3870 644 3924 dissolutas
685 3867 1040 3939 operationis
1083 3868 1315 3922 effectus
1345 3867 1638 3922 interdum
1686 3872 1889 3921 nutare
1919 3868 2054 3922 fecit
2162 3873 2287 3928 CAP.
2321 3873 2389 3926 II.
2423 3903 2492 3912 —
2525 3874 2605 3927 De
2643 3874 2950 3942 virginibus
2979 3890 3099 3944 qua:
3136 3880 3344 3944 sponte,
3384 3890 3490 3929 non
3534 3879 3724 3930 coacta
3747 3888 3827 3941 pa-

355 3959 663 4012 honestum
696 3955 1122 4010 constitutionis
1167 3956 1440 4021 edictum,
1472 3955 1608 4008 dum
1645 3955 1933 4024 incognite
1962 3972 2052 4010 re-
2267 3948 2478 3999 νεηίιιῖη
2513 3946 2760 4014 imperio.
2792 3945 3038 3999 habitum
3066 3944 3346 4012 religionis
3375 3949 3736 4016 ευδοθρενυηε.

357 4046 494 4101 solvi
524 4051 759 4140 putatur
783 4045 936 4140 quod
961 4043 1350 4140 indissolubili
1380 4042 1688 4140 sanctionis
1719 4043 2050 4098 auctoritate
2235 4069 2355 4137 (Em
2381 4069 2526 4125 decr.
2558 4071 2752 4124 Leonis
2774 4084 2952 4139 papa,
2982 4072 3159 4138 capue
3190 4070 3301 4140 η.)
3331 4069 3544 4124 puella
3578 4084 3701 4140 qua
3728 4079 3826 4120 non

355 4139 625 4228 tenetur:
660 4134 791 4188 ideo
821 4132 1125 4228 quidquid
1160 4131 1394 4228 obvium
1425 4148 1494 4185 ex
1525 4131 1744 4228 incerto
1768 4147 2052 4228 “occurre'
2161 4131 2468 4228 parentum
2524 4164 2730 4212 coactas
2774 4131 3062 4228 imperio,-
3111 4158 3210 4212 sed
3266 4131 3610 4227 spontaneo.
3637 4151 3824 4226 judicio

461 4223 753 4318 θνίάίῖηίῗτ
768 4221 954 4318 Pili-id
985 4223 1164 4318 decei’
1191 4220 1376 4318 μυί-(ξε
1407 4225 1627 4318 (δελετο,
1660 4220 1803 4318 Ῑξὼίι
1850 4237 2048 4318 sui???
2161 4220 2508 4316 virginitatis
2553 4220 2914 4318 propositum
2934 4220 3129 4316 auiae
3167 4220 3430 4300 habitum
3459 4220 3822 4315 susceperunt,

357 4312 436 4405 ait,
479 4311 633 4405 quf’d
661 4309 990 4405 indum?!“
1023 4313 1226 4405 Plit“:
1284 4309 1530 4405 meoque
1583 4308 1632 4362 Si
1684 4308 1748 4405 in.
1796 4309 2052 4405 (19.3mm?
2092 4393 2130 4405 _
2162 4335 2210 4388 si
2240 4308 2439 4405 postea
2478 4308 2708 4405 nuptias
2762 4335 3004 4405 eligunt.
3033 4308 3528 4404 -praevaricantur,
3589 4308 3747 4386 etiam
3787 4327 3823 4380 si

358 4398 571 4453 minori
603 4403 790 4464 aetate,
824 4399 910 4452 vel
958 4397 1254 4467 religionis
1303 4402 1618 4465 tonsuram,
1665 4399 1750 4452 vel
1780 4398 1926 4470 relig

2255 4423 2418 4478 idum
2455 4423 2536 4477 eis
2567 4423 2751 4493 gratia
2781 4423 3224 4478 consecrationis
3267 4423 3518 4477 accessit.
3551 4421 3714 4491 Cujus
3741 4416 3823 4470 uti-

360 4485 611 4586 deb‘imm
642 4490 854 4586 νθδίξδω
902 4485 1238 4586 ξηΡῃξθῗΙυθ
1283 4500 1416 4586 δέω
1448 4485 1581 4586 θινίίδ
1627 4491 1728 4586 δξη
1761 4502 1925 4586 ﬁnus
1954 4491 2056 4586 aut“
2163 4530 2275 4586 que
2323 4529 2440 4567 non
2471 4485 2872 4566 fraudarentur
2915 4527 3173 4578 munere,
3217 4510 3265 4564 si
3289 4511 3350 4565 in
3379 4485 3672 4582 proposito
3711 4521 3817 4577 per-

361 4574 530 4629 ambo
577 4579 844 4645 parentes
893 4573 1175 4640 dederint,
1235 4579 1384 4628 certe
1432 4577 1520 4627 vel
1580 4575 1908 4628 nolentibus
1952 4580 2055 4628 aut
2163 4573 2484 4658 iungent.

361 4663 748 4718 nescientibus
775 4679 834 4717 se
874 4669 1195 4733 susceptam
1226 4667 1282 4717 et
1311 4679 1425 4717 non
1457 4678 1589 4718 mox
1617 4663 1798 4717 visam
1828 4663 1888 4717 in
1919 4663 2054 4717 filiis

359 4751 767 4820 abdicaverint,
819 4752 918 4806 sed
965 4752 1055 4805 vel
1105 4767 1298 4806 coram
1342 4769 1400 4806 se
1439 4753 1528 4806 vel
1570 4768 1762 4806 coram
1812 4751 2056 4806 Ecclesia

358 4843 669 4915 palamque
720 4840 782 4895 in
843 4845 1120 4894 conventu
1189 4841 1392 4895 eodem
1445 4840 1597 4895 ﬁlios
1652 4841 1790 4895 talia
1841 4841 2053 4896 habere
2245 4872 2247 4875 -

359 4929 748 5002 permiserint,
807 4928 879 4983 ad
935 4929 1267 4982 saecularem
1328 4929 1535 4983 reverti
1593 4929 1855 4984 habitum
1915 4930 1927 4984 i

2248 4922 2353 4990 ΪΕα)
2381 4921 2603 4975 concilio
2652 4921 2892 4987 Mogunt.
2925 4919 3015 4972 cui
3044 4920 3301 4985 interfuit
3352 4918 3574 4974 Carolus
3619 4919 3816 5002 impera-

360 5000 493 5075 ﬁliis
547 5018 890 5090 quandoque
945 5017 1174 5088 penitus
1228 5033 1347 5071 non
1398 5017 1606 5080 licebit,
1664 5017 1759 5072 sed
1813 5017 2054 5073 convicti
2164 5015 2340 5076 tonet
2369 5005 2667 5078 Ricolphus
2722 5008 3180 5077 archiepiswpus,
3225 5008 3284 5061 in
3316 5008 3552 5061 claustro
3597 5007 3649 5062 S.
3677 5000 3815 5056 Alba-

363 5108 514 5179 quod
572 5114 868 5162 tonsuram
928 5114 1027 5160 aut
1077 5105 1405 5176 religiosam
1463 5111 1679 5160 vestem
1742 5107 2052 5178 aliquando
2161 5101 2240 5165 ni,
2268 5100 2444 5168 capite
2471 5098 2582 5165 20.)
2613 5095 2670 5151 Si
2713 5095 2841 5167 quis
2870 5101 3001 5150 ante
3047 5110 3230 5148 annos
3260 5094 3548 5165 legitimos
3590 5099 3812 5179 tonsuras

363 5175 686 5260 habuerint,
717 5210 846 5248 mox
877 5194 949 5248 ad
993 5175 1288 5263 religionis
1330 5198 1386 5247 et
1415 5195 1629 5247 cultum
1680 5175 2053 5264 habitumque
2162 5195 2254 5242 tus
2284 5190 2370 5241 est
2412 5187 2535 5240 sine
2584 5200 2862 5239 consensu
2909 5188 3213 5255 parentum
3255 5199 3513 5249 suorum,
3561 5187 3614 5236 et
3638 5180 3675 5234 si
3720 5175 3808 5247 ipsi

363 5287 720 5351 revocentur,
764 5288 821 5336 et
864 5282 968 5337 sub
1003 5287 1232 5336 strenua
1259 5281 1610 5336 districtione
1659 5281 1898 5352 hujusce
1945 5281 2054 5335 ob—
2161 5281 2426 5347 parentes
2454 5274 2602 5328 infra
2629 5289 2848 5327 annum
2874 5289 2992 5328 non
3017 5289 3076 5326 se
3105 5273 3558 5327 reclamaverunt
3585 5269 3646 5325 ad
3675 5266 3808 5338 priu-

364 5371 662 5426 servantia:
707 5369 982 5425 inservire
1011 5374 1307 5440 cogantur.
1356 5367 1691 5422 Parentibus
1722 5367 1873 5421 sanis
1902 5367 2053 5422 ﬁlios
2163 5364 2370 5435 cipem,
2400 5367 2500 5417 aut
2524 5363 2593 5418 ad
2624 5362 2924 5434 proprium
2979 5362 3334 5433 episcopum,
3375 5365 3474 5416 aut
3502 5360 3567 5415 ad
3613 5357 3806 5413 missum

361 5459 634 5532 religioni
680 5459 1015 5515 contrudere
1066 5474 1178 5514 non
1233 5456 1479 5529 amplius
1524 5471 1694 5529 quam
1747 5471 1928 5526 usque
1983 5454 2054 5510 ad
2163 5452 2538 5520 dominicum,
2587 5451 2649 5506 in
2702 5451 2828 5522 ipso
2879 5451 3145 5507 clericatu
3201 5455 3556 5522 permaneat.
3602 5447 3654 5502 Si
3702 5453 3806 5494 vero

2165 4727 2291 4782 CAP.
2314 4727 2406 4780 Ill.
2440 4755 2508 4764 —
2531 4724 2614 4777 De
2641 4725 2755 4778 illis
2787 4725 2884 4793 qui
2919 4738 2975 4778 se
3013 4729 3137 4776 ante
3182 4723 3448 4789 legitimos
3489 4736 3653 4778 annos
3688 4723 3822 4774 toton-

2692 4795 2889 4849 derunt
2913 4799 2964 4848 et
2992 4795 3323 4848 velaverunt.
