4028 6190
132 288 262 338 ’793

1150 284 1625 343 DECRETORUM
1670 290 1850 344 LIBRI
1890 289 2000 344 XX.
2046 318 2112 326 —
2156 289 2364 344 LIBER
2404 289 2735 345 OCTAVUS.
3594 296 3697 349 ’794

134 415 288 481 post
322 406 626 479 legitimos
659 421 845 459 annos
876 422 981 476 per
1009 406 1125 461 vim
1173 409 1411 463 clericus
1456 412 1635 466 factus
1683 417 1786 478 est,
1818 418 1875 466 et
1912 413 1958 465 Α
1993 411 2292 465 devolutus
2370 416 2473 479 est,
2546 412 2796 481 publica:
2878 411 3237 482 pcenitentiaa
3313 415 3699 471 satisfactione

138 500 316 555 infra
344 513 573 552 annum
608 496 681 550 ad
722 511 898 565 super
929 505 1272 551 memoratas
1322 515 1593 569 personas
1642 502 1882 555 minime
1997 501 2332 571 purgandus
2365 506 2451 555 est
2483 517 2495 555 :
2551 500 2688 571 quia
2718 506 2775 555 et
2821 500 2866 555 si
2898 501 3173 555 innocens
3206 502 3436 571 militia,
3496 510 3553 557 et
3590 506 3700 558 ho—

139 607 213 644 se
266 585 638 652 reclamavit,
690 585 770 637 ita
828 585 891 638 in
946 585 1214 639 clericalu
1261 595 1593 658 permaneat
1639 590 1785 645 sicut
1841 590 1887 643 is
1999 594 2225 642 nestum
2252 594 2435 659 potest
2464 605 2583 642 esse
2614 589 2969 660 conjugium,
3022 591 3363 645 electionem
3400 593 3699 646 meliorem

138 682 228 734 de
263 695 384 750 quo
413 675 689 746 superius
725 673 945 727 dictum
987 679 1091 728 est.
1146 675 1204 729 Si
1236 692 1367 730 vero
1408 678 1660 747 prasfatas
1700 695 1887 748 perso-
1999 676 2317 732 deseruisse
2348 677 2735 747 transgressio
2763 685 2865 732 est.

144 785 253 823 nas
286 766 444 820 infra
474 780 701 819 annum
731 762 1205 817 reclamationem
1235 764 1513 830 fecerunt,
1548 766 1607 820 hi
1651 767 1751 836 qui
1792 784 1889 819 eos
2001 766 2125 820 CAP.
2166 769 2245 821 IX.
2270 798 2336 809 —-
2365 770 2430 822 Ut
2473 767 2734 821 monacho
2792 771 2906 821 sine
2961 771 3284 822 conscientia
3341 771 3428 823 sui
3482 770 3700 825 abbatis

140 856 405 910 clericos
460 854 745 914 fecerunt,
792 849 931 921 ipsis
994 850 1112 903 sive
1158 853 1489 921 parentibus
1538 870 1739 908 eorum
1785 856 1891 908 hoc

2493 844 2671 890 votum
2696 854 2880 892 vovere
2901 855 3005 893 non
3023 840 3197 893 liceat.

143 962 268 1013 per
294 946 491 1014 legem
522 941 818 996 exsolvant
861 939 1019 1009 quod
1075 945 1276 993 contra
1307 958 1404 995 eos
1456 946 1887 997 contraxerunt.

2082 926 2183 994 [Eas
2213 925 2374 979 dictis
2405 927 2651 992 Basilii.)
2698 926 2972 979 Monaclio
3005 942 3118 980 non
3147 926 3317 981 liceat
3346 932 3539 981 votum
3595 945 3697 983 vo-

147 1036 265 1088 Ille
301 1013 438 1086 vero
483 1030 585 1102 qui
631 1034 765 1082 ante
814 1028 1111 1097 legitimos
1168 1045 1349 1083 annos
1402 1036 1732 1085 tonsuratus
1784 1037 1888 1098 est,
1998 1028 2130 1066 νθνθ
2178 1014 2301 1066 Sine
2351 1028 2635 1102 €005,905“
2684 1013 2904 1067 abbatis
2952 1013 3059 1067 δαί·
3120 1014 3177 1068 Si
3219 1020 3413 1068 autem
3460 1015 3698 1083 νονοτίῖν

149 1131 370 1177 utrum
422 1120 483 1173 in
518 1119 723 1174 eadem
780 1121 1017 1169 tonsura
1066 1133 1408 1187 permanere
1449 1120 1653 1173 debeat
1686 1136 1885 1187 necne,
2000 1102 2385 1170 frangendum
2417 1101 2546 1154 ετίῐ-

149 1212 223 1265 in
256 1214 545 1282 potestate
591 1208 668 1260 sit
706 1211 1033 1276 parentum.
1077 1206 1133 1257 Si
1166 1222 1300 1259 vero
1349 1206 1399 1259 is
1428 1208 1527 1277 qui
1559 1213 1891 1261 tonsuratus

2082 1190 2488 1282 ἕκηΧᾉ-Ιρθ
2530 1190 2842 1282 "uirginibus
2866 1206 2987 1282 ’quae
3043 1196 3168 1282 ante
3205 1191 3332 1272 XII
3370 1206 3560 1282 annos,
3612 1192 3702 1245 in-

152 1307 254 1355 est
285 1299 534 1368 alicujus
585 1311 782 1349 servus
829 1295 956 1362 fuit,
1015 1294 1253 1347 domino
1304 1312 1414 1365 per
1460 1294 1646 1365 legem
1693 1312 1892 1349 emen-
2073 1260 3566 1368 ,τῖδυξῖῖἶθίέζῗῗξέξυῖῗζῗίῖίίῗηῗληηδτίίζἠερ

156 1348 527 1368 --ηπ-ηπ-
626 1348 633 1349 7
944 1348 956 1362 ,
1306 1348 1325 1365 ι
1364 1348 1401 1349 77
1461 1348 1473 1349 κ
1517 1348 1550 1365 υ
1616 1348 1643 1349 ρ
2348 1351 2400 1360 ..
2552 1350 2561 1358 .
2850 1352 2857 1360 ,
3149 1350 3157 1357 .
3241 1351 3249 1358 .

153 1391 341 1445 detur
376 1385 656 1458 quidquid
690 1386 757 1437 dc
790 1384 915 1453 ejus
940 1399 1108 1436 servo
1139 1388 1349 1437 contra
1371 1400 1504 1437 eum
1536 1389 1892 1438 contractum
2004 1348 2445 1458 νπξδέίῗξῗῗωξῖο-
2459 1348 3532 1458 fffbflcfflf‘i19')_X{rglffs:_$183
3551 1353 3703 1458 gite

156 1437 330 1445 νη--
381 1437 591 1458 Tw],
648 1437 652 1438 κ
818 1437 838 1453 ,,
1780 1437 1786 1438 κ
2363 1437 2371 1444 .
2430 1454 2445 1463 η
2490 1437 2520 1445 ..
2794 1438 2801 1445 .
2966 1438 2973 1445 .
3130 1437 3139 1445 .

155 1488 275 1535 est.
334 1480 437 1531 Ille
478 1492 612 1530 vero
658 1473 757 1543 qui
794 1478 1132 1527 tonsuratus
1169 1478 1279 1538 est,
1329 1478 1527 1526 utrum
1578 1474 1637 1526 in
1691 1474 1892 1527 eadem
2002 1437 2555 1543 ξῐὶδηξῃῖδζηωῗῗηδ
2606 1437 3008 1543 TuAnd‘bf'fdﬁs
3057 1437 3701 1543 5215:,faéliuglrjél:

157 1577 414 1623 tonsura
438 1523 793 1636 permanjeat,
834 1564 893 1616 in
945 1566 1231 1632 potestate
1262 1523 1358 1614 Isit
1404 1561 1623 1615 domini
1670 1562 1779 1616 sui.
1835 1562 1892 1616 Si
2004 1524 2365 1636 Eejmfapjfl
2606 1525 3028 1636 iTpfmuﬁrff’J
3068 1534 3122 1577 εί
3152 1523 3705 1636 ,ξ11ίῆξηυξ1ΕἷωΠῗ

163 1613 414 1623 -υ--κη
439 1613 793 1636 τν---τ-νηι
947 1613 968 1632 τ
996 1613 1042 1615 -7
1126 1613 1130 1614 7
1347 1613 1351 1614 7
1414 1613 1621 1615 7
1850 1613 1891 1616 ν-
2454 1613 2464 1622 .
3463 1613 3471 1621 .
3648 1613 3657 1621 .

159 1675 309 1713 vero
342 1657 403 1710 hi
433 1655 532 1726 qui
567 1653 727 1709 liberi
760 1656 915 1719 sunt,
949 1656 1086 1705 ante
1112 1649 1409 1719 legitimos
1443 1655 1539 1703 aut
1586 1657 1718 1721 post
1764 1652 1895 1722 legi-
1936 1688 1973 1726 η
2003 1613 3702 1726 {1:133:11ﬁ:I'Miiffnhmlﬁimiaffngf’ﬁffnffgi‘iiftinf

164 1748 350 1802 timos
382 1761 581 1810 annos,
615 1744 719 1796 hoc
752 1741 947 1806 modo,
980 1740 1132 1793 sicut
1162 1739 1431 1808 superius
1477 1746 1731 1794 taxatum
1787 1747 1891 1808 est,

168 1834 463 1891 tonsurati
502 1839 636 1887 sunt
674 1837 730 1886 et
773 1830 844 1884 ad
886 1829 1105 1899 gradus
1154 1827 1562 1881 ecclesiasticos
1615 1845 1895 1898 pervene-

171 1929 321 1995 rint,
376 1925 436 1978 in
472 1924 687 1977 eisdem
737 1920 1015 1993 gradibus
1063 1934 1433 1988 perseverare
1481 1926 1775 1989 cogantur.
1835 1919 1894 1973 Si

172 2032 321 2070 vero
354 2029 570 2071 servus.
623 2010 723 2081 qui
771 2009 1041 2079 superius
1097 2010 1290 2059 taxato
1336 2006 1507 2059 modo
1564 2014 1895 2062 tonsuratus

177 2109 291 2169 est,
327 2108 385 2155 et
413 2102 484 2154 ad
529 2099 742 2171 gradus
791 2094 1204 2151 ecclesiasticos
1256 2094 1606 2164 pervenerit,
1656 2096 1895 2151 domino

180 2209 293 2247 suo
328 2205 433 2260 per
464 2189 651 2257 legem
684 2186 1047 2248 emendetur,
1084 2187 1140 2235 et
1168 2181 1222 2235 ei
1251 2182 1507 2236 redditus
1538 2182 1595 2236 in
1629 2200 1730 2237 suo
1774 2201 1897 2253 gra-

181 2283 266 2334 du
300 2280 654 2349 permaneat.
693 2276 809 2328 Hoc
839 2278 895 2327 et
919 2273 991 2327 de
1023 2270 1279 2325 velandis
1331 2271 1537 2340 puellis
1588 2272 1895 2325 observan-

182 2371 332 2424 dum
368 2372 471 2420 est.

184 2457 327 2511 Car.
368 2455 551 2507 IV.—
582 2454 653 2505 De
678 2451 789 2504 illis
813 2452 908 2517 qui
952 2450 1120 2503 semel
1174 2450 1233 2501 in
1253 2448 1391 2501 clero
1438 2446 1690 2516 deputati
1747 2454 1896 2515 sunt,

482 2528 580 2576 aut
598 2522 982 2575 monachorum
1012 2522 1185 2573 vitam
1218 2521 1611 2587 expetiverunt.

264 2612 379 2682 (Ea:
406 2611 630 2665 concilio
658 2608 905 2665 Chalced.
935 2610 1113 2677 capite
1143 2607 1224 2675 7.)
1279 2606 1386 2671 Qui
1434 2608 1611 2660 semel
1652 2607 1713 2660 in
1743 2608 1897 2661 clero

188 2698 457 2769 deputati
489 2701 640 2761 sunt,
666 2702 766 2749 aut
796 2697 1215 2749 monachorum
1249 2695 1423 2748 vitam
1473 2695 1895 2764 expetiverunt,

190 2785 509 2840 statuimus
538 2800 729 2855 neque
757 2784 827 2838 ad
861 2784 1149 2849 militiam,
1192 2799 1380 2854 neque
1433 2784 1505 2837 ad
1562 2784 1898 2854 dignitatem

193 2876 457 2946 aliquam
487 2873 679 2926 venire
730 2872 1130 2926 mundanam:
1188 2874 1286 2925 sed
1344 2873 1454 2925 hoc
1505 2877 1788 2928 tentantes
1846 2878 1901 2926 et

196 2979 319 3018 non
349 2966 583 3031 agentes
615 2960 1038 3030 paenitentiam,
1073 2977 1188 3032 quo
1220 2960 1411 3015 minus
1432 2961 1670 3016 redeant
1698 2962 1767 3016 ad
1796 2962 1901 3016 hoc
1934 2964 1974 3017 C

197 3051 361 3123 quod
398 3055 635 3121 propter
668 3051 847 3104 Deum
881 3050 1149 3120 primitus
1179 3050 1496 3120 elegerunt,
1528 3050 1901 3107 anathemati-

198 3157 341 3194 zari.

199 3228 422 3284 ϐων.
456 3257 525 3265 -
572 3229 638 3282 Ut
667 3228 914 3281 canonici
960 3228 1058 3297 qui
1121 3229 1178 3280 in
1232 3230 1557 3281 monasterio
1616 3231 1901 3283 monacho-

273 3315 395 3352 rum
457 3304 862 3356 conversantur.
909 3304 1006 3352 aut
1051 3299 1358 3352 monachice
1403 3301 1612 3365 vivant,
1666 3306 1762 3355 aut
1804 3302 1903 3356 sub

277 3371 533 3423 canonica
564 3370 755 3435 regula
772 3372 1235 3435 constringuntur.

280 3458 392 3523 (Ea:
438 3458 659 3510 concilio
689 3456 968 3521 Mogunt.,
1022 3460 1201 3524 capite
1253 3458 1361 3521 17.)
1414 3456 1790 3527 Praecipimus
1839 3463 1904 3512 ut

200 3544 603 3615 unusquisque
635 3543 936 3613 episcopus
966 3543 1109 3597 sciat
1137 3559 1241 3613 per
1279 3543 1509 3613 singula
1557 3546 1905 3600 monasteria

201 3637 422 3704 quanto
452 3632 699 3703 quisque
753 3630 928 3685 abbas
978 3632 1283 3685 canonicos
1316 3632 1373 3685 in
1416 3633 1758 3686 monasterio
1800 3651 1904 3689 suo

203 3722 436 3785 habeat,
470 3726 525 3774 et
562 3721 670 3774 hoc
700 3721 939 3774 omnino
971 3720 1140 3774 ambo
1172 3721 1384 3791 pariter
1434 3721 1794 3791 provideant,
1858 3724 1905 3778 si

202 3808 477 3864 monachi
508 3808 631 3863 ﬁeri
663 3808 967 3876 voluerint,
1002 3808 1343 3879 regulariter
1398 3810 1609 3879 vivant,
1662 3809 1750 3864 sin
1805 3828 1905 3867 au-

207 3904 348 3959 tem,
382 3898 653 3951 canonice
676 3896 868 3950 vivant
899 3897 1156 3951 omnino.

209 3987 342 4041 CAP.
385 3987 473 4040 Vl.
514 4017 583 4026 --
644 3986 802 4052 Quod
864 3988 1184 4041 monachum
1246 3992 1478 4055 paterna
1534 3987 1762 4057 devotio,
1824 3991 1908 4043 vel

686 4059 917 4128 propria
950 4060 1216 4126 professio
1239 4060 1431 4123 faciat.

284 4146 396 4213 (Ea:
427 4146 649 4199 concilio
678 4146 900 4199 Toletan
949 4148 1126 4214 capite
1154 4145 1270 4215 49.)
1322 4146 1657 4200 Monachum
1713 4152 1905 4202 autem

206 4240 452 4304 paterna
505 4232 752 4297 devotio,
805 4238 903 4287 aut
954 4234 1187 4304 propria
1236 4234 1510 4304 professio
1551 4234 1701 4289 facit.
1740 4235 1903 4299 Quid-
1939 4244 1982 4297 Ι)

206 4322 351 4387 quid
383 4323 589 4375 horum
645 4320 841 4386 fuerit,
896 4321 1195 4391 alligatum
1236 4322 1468 4376 tenebit.
1527 4322 1770 4376 Proinde
1816 4324 1903 4378 his

204 4409 281 4463 ad
328 4408 611 4461 mundum
672 4407 878 4461 reverti
933 4409 1287 4462 recludimns
1336 4409 1578 4475 aditum,
1616 4418 1672 4462 et
1701 4426 1902 4465 omnes

204 4498 281 4551 ad
311 4498 587 4551 saeculum
614 4496 1010 4550 interdicimus
1045 4513 1357 4567 regressus.

243 4589 376 4641 CAP.
414 4586 526 4639 Vll.
558 4616 624 4625 —
647 4588 725 4641 De
755 4587 962 4641 clericis
992 4589 1089 4654 qui
1111 4601 1166 4641 se
1192 4590 1406 4655 fingunt
1434 4588 1720 4641 monachos
1736 4604 1864 4643 esse.

281 4677 391 4741 (Ea:
443 4674 627 4728 eodem
685 4673 952 4744 concilio.)
1016 4675 1087 4728 Ut
1152 4675 1364 4741 clerici,
1398 4676 1499 4746 qui
1557 4693 1617 4730 se
1674 4676 1905 4748 tingunt

204 4764 410 4819 habitu
475 4768 529 4817 et
595 4763 827 4818 nomine
893 4764 1209 4817 monachos
1262 4780 1405 4832 esse,
1463 4770 1520 4819 et
1572 4782 1691 4819 non
1748 4771 1901 4829 sunt.

204 4852 560 4907 omnimodis
608 4852 970 4923 corrigantur
1024 4858 1197 4923 atque
1256 4855 1658 4924 emendentur,
1706 4860 1771 4909 ut
1815 4856 1902 4909 vel

207 4941 327 4994 veri
360 4940 623 4995 monachi
650 4942 764 4994 sint
792 4943 878 4996 vel
902 4940 1021 4994 veri
1052 4940 1329 4995 canonici.

207 5032 342 5085 Car.
370 5030 512 5083 Vlll.
553 5058 622 5070 -—-
677 5030 828 5096 Quod
865 5036 1219 5099 spontaneum
1278 5034 1617 5100 propositum
1656 5033 1906 5086 monachi

776 5104 982 5155 mutari
1008 5116 1114 5155 non
1145 5102 1321 5155 liceat.

282 5190 393 5257 (Ea:
459 5189 605 5245 decr.
664 5189 858 5244 Leonis
902 5204 1081 5259 papa,
1148 5191 1327 5257 capite
1367 5190 1479 5259 26.)
1538 5190 1901 5260 Propositum

210 5277 501 5342 monachi,
528 5276 766 5348 proprio
805 5277 1042 5331 arbitrio
1082 5280 1181 5331 aut
1210 5277 1500 5331 voluntate
1546 5284 1899 5349 susceptum,

209 5366 397 5421 deseri
432 5382 547 5420 non
577 5370 762 5437 potest
786 5366 1001 5436 absque
1052 5370 1297 5437 peccato.
1348 5365 1509 5430 Quod
1559 5366 1714 5421 enim
1772 5368 1902 5439 quis

210 5455 366 5509 vovit
399 5456 535 5522 Deo,
563 5455 730 5510 debet
760 5460 818 5508 et
857 5454 1115 5509 reddere.
1179 5454 1336 5509 Unde
1384 5454 1485 5526 qui
1533 5456 1728 5510 relicta
1786 5456 1903 5510 sin-

210 5543 533 5614 gularitatis
563 5544 913 5615 professione
946 5545 1018 5600 ad
1064 5544 1354 5611 militiam,
1413 5544 1502 5599 vel
1534 5543 1605 5599 ad
1670 5545 1901 5616 nuptias

2005 1706 2198 1753 sancto
2233 1701 2527 1772 proposito
2562 1708 2957 1771 permaneant.
2989 1702 3051 1754 Et
3081 1700 3127 1753 si
3156 1701 3215 1753 in
3247 1702 3522 1769 praedicto
3554 1716 3703 1753 anno

2006 1794 2062 1841 et
2092 1789 2183 1843 die
2220 1806 2322 1858 pro
2367 1790 2480 1842 illis
2530 1806 2588 1843 se
2637 1790 3138 1859 proclamaverint,
3186 1788 3453 1857 petitioni
3501 1804 3704 1841 eorum

2004 1892 2267 1930 assensus
2320 1878 2663 1947 praebeatur,
2712 1877 2839 1945 nisi,
2901 1878 3045 1931 forte
3108 1877 3206 1930 Dei
3261 1877 3469 1930 timore
3516 1876 3703 1944 tactis,

2007 1982 2135 2019 cum
2187 1982 2385 2021 eorum
2436 1966 2662 2020 licentia
2717 1967 2777 2020 in
2834 1966 3129 2037 religionis
3182 1966 3383 2020 habitu
3440 1980 3703 2036 perseve-

2006 2059 2152 2107 rent.

2008 2145 2135 2198 Car.
2168 2143 2250 2196 ΧΙ.
2283 2173 2351 2181 --
2397 2145 2463 2198 Ut
2509 2143 2691 2196 clerici
2737 2159 2804 2197 ex
2844 2159 2907 2196 ea
2954 2143 3225 2208 Ecclesia,
3274 2145 3331 2195 in
3380 2158 3489 2211 qua
3548 2144 3707 2195 semel

2336 2215 2585 2282 legerint,
2625 2215 2693 2266 ab
2727 2216 2843 2267 alia
2870 2229 2975 2266 non
3005 2216 3362 2281 recipiantur,

2078 2307 2187 2373 (Eae
2209 2304 2431 2358 concilio
2450 2304 2736 2368 Africano,
2790 2304 2967 2372 capite
3010 2304 3124 2369 57.)
3185 2302 3327 2354 ltem
3387 2300 3599 2370 placuit
3642 2304 3708 2355 ut

2010 2394 2339 2465 quicunque
2396 2391 2457 2443 in
2510 2390 2757 2444 Ecclesia
2808 2392 2892 2443 vel
2952 2390 3129 2443 semel
3189 2389 3411 2459 legerit,
3466 2387 3537 2443 ab
3596 2388 3706 2441 alia

2010 2482 2252 2537 Ecclesia
2283 2480 2353 2534 ad
2384 2478 2713 2532 clericatum
2747 2495 2859 2532 non
2892 2484 3171 2532 teneatur.

2011 2572 2139 2625 CAP.
2171 2570 2283 2623 XII.
2320 2596 2380 2607 —
2406 2569 2479 2621 De
2515 2568 2820 2631 virginibus
2851 2566 3083 2619 necdum
3116 2566 3326 2629 velatis,
3380 2581 3498 2634 qua
3530 2568 3708 2618 tamen

2080 2645 2136 2695 in
2160 2641 2436 2709 proposito
2471 2640 2736 2703 virginali
2768 2654 2822 2692 se
2851 2639 3244 2691 simulaverant
3267 2651 3597 2705 permanere.

2082 2730 2189 2800 (Em
2241 2728 2385 2781 decr.
2444 2729 2739 2781 Innocentii
2781 2742 2962 2796 papa,
3017 2727 3195 2793 capite
3252 2727 3368 2792 20.)
3423 2726 3517 2777 Ha:
3572 2740 3707 2777 vero

2010 2835 2160 2889 que,
2192 2818 2437 2871 necdum
2476 2831 2634 2868 sacro
2665 2815 2948 2869 velamine
2998 2819 3180 2879 tectm,
3234 2819 3428 2867 tamen
3460 2812 3521 2864 in
3575 2827 3709 2882 pro-

2010 2906 2194 2977 posito
2228 2903 2491 2975 virginali
2521 2918 2748 2973 semper
2791 2918 2849 2956 se
2896 2902 3302 2955 simulaverant
3348 2915 3705 2970 permanere,

2012 2996 2149 3049 licet
2191 2994 2389 3048 velatas
2429 3008 2543 3046 non
2597 2991 2833 3059 fuerint,
2878 2991 2925 3044 si
2967 2990 3112 3043 forte
3163 2988 3486 3060 nupserint,
3545 3004 3709 3042 revo-

2015 3084 2214 3138 candae
2265 3087 2420 3150 sunt,
2476 3086 2532 3134 et
2577 3081 2798 3150 agenda
2845 3078 3187 3150 paenitentia
3235 3078 3349 3132 illis
3379 3082 3463 3132 est
3505 3094 3518 3131 :
3573 3077 3711 3147 quia

2014 3172 2246 3244 sponsio
2276 3186 2473 3225 earum
2507 3185 2540 3222 a
2570 3169 2811 3223 Domino
2834 3168 3154 3223 tenebatur.
3186 3168 3327 3221 Nam
3358 3167 3406 3221 si
3469 3171 3707 3236 Aposto-

2014 3261 2102 3315 lus
2148 3261 2273 3315 illas
2338 3274 2467 3330 quae
2535 3274 2568 3311 a
2620 3257 2913 3327 proposito
2982 3255 3273 3309 viduitatis
3327 3255 3713 3309 discesserunt

2015 3350 2234 3403 dixerat
2282 3348 2491 3401 habere
2550 3344 2999 3411 damnationem,
3056 3342 3190 3413 quia
3237 3345 3485 3413 primam
3533 3341 3708 3396 ﬁdem

2014 3438 2234 3490 irritam
2278 3436 2559 3498 fecerunt,
2608 3439 2822 3502 quanto
2872 3432 3054 3501 magis
3092 3431 3339 3502 virgines
3382 3447 3512 3502 quas
3562 3431 3711 3501 prio-

2015 3526 2093 3578 ris
2119 3522 2517 3595 promissionis
2547 3521 2720 3575 iidem
2752 3522 3015 3590 frangere
3046 3525 3267 3573 conata":
3300 3519 3472 3573 sunt?

2016 3614 2144 3668 CAP.
2182 3612 2321 3667 Xlll.
2382 3638 2454 3651 —
2499 3612 2572 3663 De
2622 3609 3145 3675 sanctimonialibus,
3218 3611 3270 3663 si
3336 3625 3369 3663 a
3433 3611 3711 3677 proposito

2586 3695 2744 3735 sacro
2774 3681 3132 3735 deviavermt.

2086 3768 2193 3828 (Ea:
2214 3767 2355 3821 decr.
2393 3768 2655 3837 ejusdem,
2691 3771 2869 3838 capite
2930 3769 3039 3835 19.)
3085 3768 3223 3831 Quae
3274 3767 3496 3821 Christo
3536 3767 3710 3837 spiri-

2013 3856 2203 3911 taliter
2233 3858 2478 3923 nubunt,
2527 3856 2574 3910 si
2617 3862 2814 3927 postea
2862 3856 3090 3929 publice
3138 3856 3459 3926 nupserint,
3524 3856 3612 3909 vel
3650 3872 3709 3909 se

2016 3942 2282 4005 clanculo
2322 3944 2704 4016 corruperint,
2750 3961 2866 3999 non
2917 3961 3011 3998 eas
3053 3943 3440 3997 admittendas
3479 3959 3600 3998 esse
3641 3944 3710 3998 ad

2016 4042 2299 4109 agendam
2348 4033 2764 4108 paenitentiam,
2818 4034 2929 4088 nisi
2969 4034 3017 4087 is
3055 4033 3146 4087 cui
3193 4049 3251 4085 se
3286 4032 3597 4102 junxerunt
3641 4033 3710 4086 de

2016 4129 2232 4183 mundo
2264 4123 2579 4182 recesserit.
2619 4122 2677 4177 Si
2716 4122 2871 4176 enim
2918 4122 2987 4177 de
3039 4120 3368 4175 hominibus
3414 4121 3537 4175 haec
3564 4122 3710 4174 ratio

2015 4218 2350 4279 custoditur,
2388 4220 2449 4267 ut.
2479 4228 2844 4283 quascunque
2887 4213 3115 4266 vivente
3154 4210 3274 4263 viro
3308 4209 3470 4263 alteri
3501 4225 3709 4280 nupse-

2014 4305 2089 4359 rit
2138 4305 2395 4359 adultera
2454 4302 2754 4366 habeatur,
2806 4316 2911 4354 nec
2968 4300 3021 4353 ei
3074 4298 3308 4369 agenda
3360 4298 3709 4367 poenitentiae

2015 4392 2244 4448 licentia
2288 4390 2655 4457 concedatur,
2698 4389 2811 4443 nisi
2857 4405 3008 4443 unus
3056 4404 3120 4441 ex
3178 4386 3267 4440 his
3307 4386 3478 4441 fuerit
3506 4386 3709 4440 defun-

2018 4487 2141 4536 ctus
2174 4498 2187 4537 :
2219 4487 2435 4553 quanto
2468 4478 2650 4550 magis
2680 4478 2748 4533 de
2796 4478 2893 4532 illa
2925 4476 3172 4531 tenenda
3230 4480 3335 4543 est,
3392 4491 3522 4546 quas
3580 4481 3709 4529 ante

2014 4570 2333 4625 immortali
2371 4586 2428 4623 se
2477 4584 2687 4639 sponso
2727 4567 3101 4636 conjunxerat
3150 4570 3203 4618 et
3251 4568 3451 4634 postea
3501 4564 3573 4618 ad
3602 4564 3709 4619 hu-

2014 4676 2212 4714 manas
2242 4658 2472 4730 nuptias
2495 4656 2966 4727 transmigravit?

2454 4746 2582 4801 CAP.
2617 4744 2749 4799 XIV.
2783 4773 2846 4783 —
2878 4747 2952 4797 De
2976 4743 3160 4797 eadem
3186 4757 3262 4797 re.

2084 4837 2200 4906 (Ea:
2238 4837 2459 4892 amcitia
2504 4834 2774 4901 Toletan.)
2837 4833 2914 4885 De
2964 4830 3099 4885 viris
3148 4847 3212 4884 ac
3259 4829 3489 4884 feminis
3536 4830 3710 4884 sacris

2012 4926 2375 4995 propositum
2455 4920 3008 4993 transgredientibus
3122 4934 3347 4973 sacrum
3431 4918 3701 4988 proclivis

2015 5030 2214 5068 cursus
2244 5018 2329 5067 est
2357 5030 2391 5067 a
2420 5012 2735 5077 voluntate,
2772 5015 2830 5064 et
2859 5008 3139 5064 imitatrix
3161 5012 3367 5062 natura
3414 5007 3704 5061 vitiorum.

2014 5102 2397 5167 Quamobrem
2429 5098 2691 5171 quisquis
2718 5098 2973 5152 virorum
3004 5098 3093 5151 vel
3116 5096 3426 5151 mulierum
3448 5094 3709 5149 habitum

2014 5191 2190 5244 semel
2220 5189 2536 5257 induerint,
2567 5189 2654 5243 vel
2677 5188 2991 5242 induerunt
3011 5192 3322 5257 spontanee
3349 5184 3707 5256 religiosum,

2014 5283 2107 5333 aut;
2153 5277 2201 5332 si
2231 5277 2316 5331 vir
2366 5276 2590 5331 deditus
2646 5275 2909 5331 Ecclesiae
2965 5274 3153 5341 thoro,
3177 5276 3264 5330 vel
3319 5274 3535 5329 femina
3574 5274 3707 5327 fue-

2012 5367 2108 5434 rit,
2168 5371 2269 5420 aut
2323 5366 2433 5420 fuit
2500 5365 2761 5435 delegata
2829 5363 3156 5435 puellarum
3212 5362 3584 5430 monasterio,
3646 5361 3706 5415 in

2014 5462 2263 5527 utroque
2318 5470 2458 5510 sexu
2507 5454 2911 5525 praevaricator
2957 5452 3024 5507 ad
3082 5452 3443 5524 propositum
3491 5449 3708 5504 invitus

2012 5544 2217 5600 reverti
2249 5536 2509 5615 cogatur,
2542 5548 2606 5598 ut
2635 5544 2719 5597 vir
2749 5542 3147 5610 detondeatur,
3174 5548 3230 5596 et
3279 5541 3471 5612 puella
3512 5554 3715 5594 mona-
