4028 6190
305 282 406 330 795

1370 273 1778 328 BURCHARDI
1821 270 2351 328 WORMACIENSIS
2389 269 2726 327 EPISCOPI.
3705 273 3784 322 τεοῦ

302 400 540 454 sterium
601 398 983 469 ingrediatur.
1032 397 1090 452 Si
1120 399 1311 450 autem
1365 394 1622 466 quolibet
1681 396 1997 466 patrocinio
2035 399 2080 451 Α
2111 412 2234 462 nos,
2268 400 2368 450 aut
2395 411 2613 460 servus,
2669 398 2765 448 aut
2812 393 3065 457 libertus,
3116 392 3200 448 vel
3235 393 3481 447 colonus
3522 397 3788 462 quaeratur

301 490 621 544 desertores
651 503 988 559 permanere
1035 484 1336 550 voluerint,
1385 483 1722 538 sacerdotali
1775 490 2000 538 senten-

297 577 380 631 tia
439 594 472 631 a
527 576 982 630 Christianorum
1041 578 1185 628 reatu
1234 573 1556 626 habeantur
1601 578 1877 640 extorres,
1933 579 2000 626 ut

302 681 407 718 nec
453 666 612 719 locus
653 665 733 719 eis
783 664 934 717 ullus
984 663 1059 716 sit
1105 661 1449 715 communis.
1501 661 1711 714 Viduas
1769 676 1998 732 quoque

300 753 640 808 universalis
662 754 783 823 jam
813 752 1029 806 dudum
1062 750 1258 804 statuit
1296 750 1566 820 synodus,
1625 749 2000 820 professionis

303 843 383 896 vel
425 841 658 895 habitus
698 841 785 894 sui
844 839 1201 904 descrtrices,
1259 843 1320 893 ut
1373 837 1658 910 superiori
1709 837 1996 891 sententia

302 930 780 984 condemnentur.

306 1038 434 1092 CAP.
467 1037 574 1091 XV.
607 1065 676 1075 —
705 1036 820 1100 Quo
871 1039 1103 1102 tempore
1152 1049 1369 1088 sacrum
1411 1035 1650 1088 velamen
1679 1035 1852 1088 sacris
1889 1034 2000 1086 vir-

802 1106 1020 1174 ginibus
1041 1108 1250 1174 imponi
1279 1105 1494 1160 debeat.

376 1196 494 1265 (Ea:
518 1195 661 1248 decr.
697 1195 907 1248 Gelasii
931 1210 1110 1264 papae,
1163 1198 1338 1263 capite
1372 1193 1479 1263 12.)
1515 1191 1742 1247 Devotis
1767 1208 2000 1263 quoque

305 1283 644 1353 virginibus,
706 1283 815 1337 nisi
862 1289 962 1337 aut
1001 1283 1062 1336 in
1086 1281 1422 1352 Epiphania,
1475 1281 1661 1335 autin
1712 1279 1854 1334 albis
1889 1281 2000 1334 Pa-

306 1373 613 1438 schalibus,
640 1378 737 1425 aut
780 1374 838 1425 in
871 1372 1261 1442 apostolorum
1302 1369 1596 1437 natalitiis,
1637 1385 1860 1422 sacrum
1900 1368 2002 1422 mi-

306 1460 463 1514 nime
492 1460 756 1513 velamen
784 1459 1136 1529 imponatur,
1170 1464 1227 1511 et
1256 1475 1371 1511 non
1426 1464 1559 1510 ante
1601 1458 1732 1511 XXV
1781 1473 1998 1525 annos;

307 1549 416 1602 nisi
447 1549 615 1616 forte,
648 1549 794 1602 sicut
823 1548 892 1602 de
925 1547 1264 1618 baptismate
1295 1547 1510 1601 dictum
1541 1552 1646 1614 est,
1680 1546 1840 1616 gravi
1888 1547 2002 1601 lan-

308 1653 487 1705 guore
513 1635 809 1706 correptis,
843 1651 914 1689 ne
939 1636 984 1688 si
1015 1635 1122 1688 hoc
1151 1650 1391 1689 munere
1420 1635 1489 1689 de
1543 1635 1750 1688 saeculo
1777 1640 2000 1701 exeant,

308 1723 752 1795 implorantibus
783 1739 899 1776 non
931 1728 1189 1792 negetur.

766 1813 894 1866 CAP.
926 1813 1059 1866 XVI.
1084 1841 1152 1850 —
1177 1814 1252 1864 De
1279 1811 1460 1864 eadem
1486 1826 1563 1865 re.

377 1903 487 1974 (Ea:
537 1903 756 1956 concilio
803 1902 1052 1967 Milevit.,
1105 1903 1284 1969 capite
1326 1899 1439 1970 26.)
1485 1901 1626 1953 Item
1669 1898 1889 1970 placuit
1941 1903 2006 1952 ut

307 1991 636 2060 quicunque
676 1989 1072 2060 episcoporum
1106 1987 1439 2042 necessitate
1483 1987 1859 2058 periclitantis
1905 2004 2005 2058 pu-

307 2079 519 2133 dicitiae
551 2078 863 2148 virginalis,
895 2093 1024 2131 cum
1053 2079 1141 2131 vel
1190 2077 1405 2146 petitor
1440 2082 1642 2146 potens
1684 2077 1771 2129 vel
1813 2081 2007 2147 raptor

309 2167 514 2237 aliquis
571 2166 934 2234 formidatur,
979 2165 1062 2218 vel
1113 2164 1161 2218 si
1219 2164 1394 2218 etiam
1435 2164 1748 2235 aliquando
1803 2166 2006 2219 mortis

308 2255 628 2326 periculoso
657 2254 925 2324 scrupulo
958 2259 1297 2324 compuncta
1328 2252 1520 2322 fuerit,
1553 2270 1623 2306 ne
1659 2270 1775 2307 non
1822 2255 2006 2307 velata

308 2344 611 2409 moriatur,
669 2348 762 2396 aut
824 2341 1187 2412 exigentibus
1236 2341 1590 2412 parentibus,
1646 2346 1746 2395 aut
1797 2341 1888 2396 his
1935 2341 2007 2396 ad

307 2447 553 2502 quorum
583 2447 778 2484 curam
807 2431 1080 2500 pertinet,
1113 2429 1386 2483 velaverit
1423 2429 1732 2499 virginem,
1782 2446 1882 2484 seu
1913 2447 2004 2482 ve-

306 2520 444 2573 lavit
472 2519 625 2573 intra
651 2519 991 2588 vigesimum
1023 2517 1288 2589 quintum
1318 2533 1536 2572 annum
1559 2517 1764 2581 aetatis,
1810 2535 1924 2572 non
1956 2519 2009 2572 ei

309 2607 457 2661 obsit
484 2607 809 2674 consilium,
843 2606 1000 2677 quod
1041 2606 1110 2660 de
1153 2606 1260 2660 isto
1291 2621 1534 2662 numero
1565 2621 1848 2661 annorum
1879 2623 2010 2662 con-

310 2695 574 2750 stitutum
605 2700 707 2749 est.

311 2803 438 2858 CAP.
473 2804 635 2859 XVII.
659 2806 736 2858 De
755 2802 1265 2927 sanctimonialibu:
1297 2817 1415 2870 qua
1452 2802 1596 2857 alias
1633 2800 1822 2856 velare
1862 2817 2007 2872 pra:-

1033 2888 1227 2927 sumun
1259 2913 1272 2927 .

1033 2888 1272 2928 sumunt.

379 2964 488 3027 (Ea:
507 2962 650 3017 decr.
677 2961 968 3029 Eutychiae
1003 2977 1186 3030 papae,
1229 2962 1407 3029 capite
1457 2961 1559 3031 l3.)
1619 2960 2006 3015 Nihilominus
2039 2949 2079 3004 C

311 3049 483 3104 etiam
514 3050 574 3104 in
605 3049 950 3119 quibusdam
980 3049 1115 3102 locis
1161 3049 1429 3102 inolitum
1466 3049 1790 3104 invenimus
1837 3066 2003 3104 usum

310 3137 569 3190 stultitiae
618 3136 876 3206 plenum.
932 3141 988 3190 et
1047 3135 1442 3190 ecclesiasticae
1501 3137 1830 3191 auctoritati
1875 3156 2006 3193 con-

313 3224 578 3291 trarium,
629 3239 696 3277 eo
737 3223 890 3294 quod
938 3223 1202 3278 videlicet
1254 3224 1549 3279 nonnullze
1601 3225 1897 3280 abbatissae
1952 3234 2009 3284 et

311 3311 518 3382 aliqum
576 3327 644 3365 ex
684 3310 1214 3365 sanctimonialibus
1262 3311 1449 3366 viduis
1491 3318 1548 3366 et
1580 3313 1784 3383 puellis
1833 3315 2006 3385 virgi-

313 3400 480 3455 nibus
535 3404 734 3454 contra
794 3400 878 3454 fas
925 3401 1116 3454 velum
1164 3400 1462 3470 imponere
1505 3407 1878 3471 praesumant.
1942 3405 2008 3458 Et

313 3488 444 3542 ideo
483 3488 775 3543 nonnullae
803 3489 1013 3559 injuste
1042 3489 1243 3543 velata:
1263 3494 1469 3559 putant
1499 3505 1557 3542 se
1605 3490 1840 3544 liberius
1887 3493 2006 3546 suis

313 3577 636 3635 carnalibus
675 3577 972 3633 desideriis
1011 3595 1171 3650 posse
1202 3578 1501 3647 inservire,
1537 3584 1594 3633 et
1636 3595 1766 3633 suas
1805 3581 2005 3636 volun-

311 3671 456 3721 tates
497 3666 746 3737 explere.
789 3667 1150 3739 Quapropter
1179 3667 1485 3722 statuimus
1538 3671 1600 3722 ut
1640 3667 1688 3721 si
1720 3669 2006 3724 abbatissa

310 3760 412 3809 aut
440 3756 710 3826 quaelibet
737 3756 1189 3810 sanctimonialis
1235 3762 1363 3826 post
1409 3757 1557 3810 lianc
1607 3757 2005 3813 deﬁnitionem

312 3843 374 3897 in
410 3848 630 3897 tantam
675 3845 972 3898 audaciam
1015 3845 1344 3915 proruperit
1381 3849 1446 3898 ut
1487 3849 1584 3898 aut
1625 3845 1856 3899 viduam
1907 3855 2006 3903 aut

310 3933 564 4002 puellam
598 3932 876 4003 virginem
920 3933 1109 3987 velare
1151 3933 1603 4004 praesumpserit,
1645 3933 1864 4005 judicio
1911 3953 2002 3990 ca-

313 4020 520 4074 nonico
552 4036 734 4090 usque
763 4021 834 4075 ad
860 4021 1310 4075 satisfactionem
1341 4022 1637 4076 subdatur.

316 4109 444 4162 CAP.
486 4109 674 4162 XVIII.
708 4139 773 4147 —
805 4112 878 4162 De
895 4109 1226 4175 virginibus,
1251 4125 1361 4178 qua
1380 4114 1537 4163 aetate
1565 4111 1739 4164 velari
1755 4111 2000 4166 debeant.

387 4201 496 4265 (Ea:
555 4199 697 4252 decr.
755 4199 844 4252 Pii
887 4198 1092 4268 papae.)
1162 4199 1234 4252 Ut
1277 4198 1530 4268 virgines
1583 4215 1696 4253 non
1746 4201 2006 4256 velentur
2040 4231 2083 4283 Β

315 4293 445 4340 ante
470 4285 598 4341 XXV
653 4301 832 4339 annos
877 4287 1078 4353 aetatis,
1135 4285 1242 4339 nisi
1282 4287 1428 4342 forte
1475 4289 1808 4344 necessitate
1854 4292 2004 4360 peri-

313 4372 561 4426 clitantis
607 4373 895 4443 pudicitia:
967 4374 1285 4444 virginalis.
1346 4376 1407 4430 Et
1461 4392 1576 4431 non
1625 4382 1756 4432 sunt
1801 4394 2010 4434 conse-

317 4461 540 4515 cranda:
597 4462 708 4516 alio
785 4468 1042 4536 tempore
1102 4462 1211 4515 nisi
1269 4464 1328 4516 in
1386 4465 1724 4534 Epiphania,
1755 4471 1810 4521 et
1863 4470 2010 4522 albis

319 4549 700 4615 Paschalibus,
734 4555 788 4604 et
821 4555 881 4604 in
929 4551 1322 4621 apostolorum
1373 4553 1666 4620 natalitiis,
1701 4554 1811 4609 nisi
1839 4572 2009 4610 causa

317 4640 518 4694 mortis
541 4644 798 4710 urgente.

317 4745 444 4800 CAP.
480 4747 608 4800 XIX.
637 4775 703 4786 ——-
739 4745 896 4810 Quod
919 4745 1299 4814 desponsatam
1340 4746 1580 4816 puellam
1636 4747 1740 4800 alii
1779 4751 1896 4803 viro
1937 4749 2010 4803 sit

386 4818 590 4872 licitum
621 4818 776 4880 dare.
798 4819 1184 4872 monasterium
1232 4824 1410 4872 autem
1440 4818 1561 4873 licet
1591 4819 1785 4886 eligere
1819 4821 1869 4872 si
1894 4822 2011 4874 vult

386 4909 493 4970 (Ea:
534 4907 678 4961 decr.
741 4906 966 4960 Eusebii
1003 4921 1186 4975 papae,
1226 4909 1402 4976 capite
1459 4907 1566 4976 10.)
1599 4908 2008 4976 Desponsatam

314 4995 560 5064 puellam
594 5011 709 5049 non
739 4993 869 5048 licet
917 4993 1248 5064 parentibus
1297 4995 1434 5049 dare
1483 4996 1581 5049 alii
1631 4996 1770 5062 viro,
1815 5001 2010 5050 tamen

316 5084 728 5138 monasterium
759 5084 892 5137 licet
922 5082 1155 5154 eligere,
1188 5084 1236 5135 si
1265 5084 1530 5138 voluerit.

318 5188 448 5242 CAP.
480 5191 562 5244 XX
591 5219 664 5232 —-
695 5193 762 5245 Ut
794 5191 999 5258 aliquis
1043 5191 1371 5258 incognitus,
1420 5205 1526 5244 non
1568 5193 1671 5246 cito
1713 5193 1773 5246 in
1819 5209 2010 5248 mona-

695 5264 861 5314 sterio
898 5261 1278 5316 monachorum
1307 5263 1625 5330 recipiatur.

387 5349 494 5412 (Ea:
515 5350 738 5402 concilio
771 5351 1036 5416 Toletan.,
1071 5365 1191 5419 cap.
1235 5350 1312 5418 5.)
1337 5348 1395 5404 Si
1428 5349 1637 5420 aliquis
1683 5349 2011 5422 incognitus

316 5437 730 5490 monasterium
780 5437 1000 5506 ingredi
1049 5437 1313 5503 voluerit,
1349 5441 1480 5492 ante
1532 5437 1845 5493 triennium
1895 5457 2012 5495 mo-

318 5523 484 5580 naChi
520 5523 750 5580 habitus
781 5525 833 5578 ei
863 5540 978 5580 non
1022 5531 1344 5597 praestetur.
1380 5527 1446 5581 Et
1477 5527 1524 5582 si
1552 5511 1726 5582 intra,
1749 5533 1863 5582 tres
1910 5545 2010 5583 an-

2109 501 2142 538 a
2176 484 2412 539 domino
2447 499 2571 549 suo,
2605 483 2876 537 reddatur
2914 483 2967 536 ei
2999 498 3128 535 cum
3177 481 3454 535 omnibus
3513 497 3639 551 quas
3669 488 3793 536 attu-

2107 573 2196 636 lit,
2229 573 2342 626 ﬁda
2371 577 2567 626 tamen
2593 577 2822 641 accepta
2854 570 2921 624 de
2986 571 3356 640 impunitate.
3400 570 3464 624 Si
3495 576 3688 622 autem
3719 571 3798 623 in-

2108 666 2197 714 tra
2248 659 2564 714 triennium
2621 659 2931 730 requisitas
2979 675 3092 712 non
3141 659 3336 724 fuerit,
3379 663 3585 728 postea
3643 659 3798 728 quaeri

2109 766 2227 804 non
2260 754 2473 819 potest,
2495 749 2607 802 nisi
2637 748 2706 802 sit
2733 753 2850 801 tam
2875 749 3040 817 longe
3067 748 3221 818 quod
3249 747 3509 800 inveniri
3545 763 3657 800 non
3686 763 3797 817 pos-

2108 839 2201 907 sit,
2255 839 2353 893 sed
2382 842 2608 892 tantum
2673 853 2739 891 ea
2778 853 2907 906 quae
2966 837 3025 890 iu
3065 836 3500 890 monasterium
3559 836 3800 900 adduxit,

2108 927 2376 981 dominus
2403 927 2551 980 servi
2590 925 2848 995 recipiat.

2109 1015 2236 1070 CAP.
2279 1017 2405 1070 XXI.
2451 1045 2522 1055 —
2554 1017 2636 1070 De
2673 1015 2879 1070 clericis
2905 1016 3000 1137 (ιιῖί
3047 1014 3433 1138 monacho-rum
3481 1015 3803 1082 propositum

2824 1102 2960 1138 anne
2989 1101 3057 1137 un
3091 1125 3102 1137 .

2824 1101 3102 1153 appetunt.

2179 1175 2288 1244 (Ex
2333 1173 2532 1239 eodem,
2595 1189 2714 1242 cap.
2777 1173 2892 1242 50.)
2946 1172 3144 1227 Clerici
3219 1172 3322 1243 qui
3401 1173 3801 1224 monachorum

2109 1261 2469 1333 propositum
2501 1266 2800 1331 appetunt,
2833 1265 2889 1314 et
2930 1261 3229 1314 meliorem
3275 1259 3464 1313 vitam
3514 1259 3680 1330 sequi
3727 1277 3803 1313 cu-

2111 1349 2297 1421 piunt,
2329 1349 2538 1403 liberos
2566 1349 2647 1402 eis
2677 1350 2746 1404 ab
2776 1349 3053 1420 episcopis
3106 1348 3168 1401 in
3218 1348 3599 1401 monasteriis
3628 1348 3803 1417 largiri

2113 1443 2336 1509 oportet
2364 1439 2676 1508 ingressus,
2709 1455 2817 1492 nec
2873 1437 3136 1492 interdici
3189 1436 3569 1506 propositum
3602 1452 3802 1502 eorum,

2114 1528 2215 1600 qui
2275 1529 2344 1582 ad
2421 1527 2927 1598 contemplationis
2987 1525 3341 1580 desiderium
3427 1525 3680 1580 transire
3730 1525 3800 1578 ni-

2114 1622 2334 1672 tuntur.

2115 1726 2244 1778 CAP.
2277 1723 2436 1778 XXII.
2469 1752 2536 1762 —
2573 1723 2650 1776 De
2675 1722 2979 1789 virginibus
3000 1723 3199 1786 sacris,
3231 1736 3353 1790 quae
3378 1726 3619 1791 propter
3639 1721 3804 1773 distri-

2183 1797 2399 1849 ctiorem
2441 1797 2613 1848 vitam
2657 1793 2729 1846 ad
2766 1793 2922 1846 aliud
2970 1796 3357 1846 monasterium
3411 1797 3500 1846 ire
3549 1792 3806 1861 disposue-

2183 1868 2316 1920 rint.

2187 1953 2294 2022 (Ea:
2338 1950 2560 2006 concilio
2620 1949 2868 2016 Tribur.,
2940 1965 3060 2018 cap.
3115 1949 3227 2016 11.)
3288 1949 3571 2020 Virgines
3632 1965 3800 2013 sacrae,

2114 2041 2161 2095 si
2194 2059 2294 2112 pro
2337 2041 2492 2095 lucro
2534 2039 2742 2092 animae
2769 2042 3164 2108 suae,propter
3193 2038 3618 2092 districtiorem
3652 2039 3800 2091 vitam

2115 2131 2186 2183 ad
2218 2129 2372 2183 aliud
2405 2127 2820 2182 monasterium
2846 2141 3083 2195 pergere
3114 2126 3540 2195 disposuerint,
3593 2126 3801 2179 ibidem-

2115 2235 2226 2288 que
2258 2232 2620 2271 commanere
2676 2215 3048 2281 decreverint,
3104 2214 3362 2284 synodus
3411 2214 3699 2268 concedit.
3751 2212 3800 2267 Si

2115 2323 2246 2360 vero
2276 2309 2411 2375 fuga
2437 2303 2753 2374 disciplinae
2779 2303 2958 2357 alium
2988 2304 3176 2357 locum
3205 2303 3586 2373 Lquesierint,
3636 2302 3800 2356 redire

2115 2399 2415 2465 cogantur.

2117 2486 2242 2539 CAP.
2277 2483 2454 2537 XXIII.
2501 2510 2561 2521 —
2603 2481 2717 2546 Quo
2733 2482 2929 2534 vestitu
2975 2482 3221 2547 virgines
3247 2479 3322 2534 ad
3361 2484 3803 2535 consecrationem

2729 2553 2911 2604 venire
2943 2551 3191 2604 debeant.

2185 2639 2307 2705 (Ea:
2364 2641 2584 2694 concilio
2643 2640 2919 2707 Carthag,
2975 2655 3094 2708 cap.
3163 2640 3275 2707 11.)
3352 2639 3810 2695 Sanctimonialis

2116 2726 2298 2797 virgo,
2343 2743 2472 2782 cum
2501 2729 2572 2782 ad
2603 2727 3089 2782 consecrationem
3121 2743 3227 2782 suo
3277 2728 3555 2800 episcopo
3614 2730 3805 2782 otfera~

2117 2820 2230 2881 tur,
2259 2815 2321 2868 in
2351 2816 2560 2870 talibus
2604 2817 2853 2870 vestibus
2899 2817 3240 2887 applicetur,
3272 2817 3549 2888 qualibus
3595 2833 3811 2888 semper

2120 2921 2293 2958 usura
2327 2911 2430 2970 est,
2461 2905 2800 2976 professioni
2829 2910 2886 2959 et
2913 2905 3308 2960 sanctimoniae
3339 2907 3511 2976 aptis.
3759 2899 3770 2911 ’

2119 2995 2246 3050 CAP.
2281 2995 2460 3050 XXIV.
2485 3023 2552 3034 —
2602 2996 2668 3048 Ut
2684 3001 2886 3063 prater
2913 2997 3198 3050 scientiam
3250 2997 3464 3050 domini
3483 2999 3594 3062 sui,
3627 3010 3801 3050 servus

2589 3081 2694 3119 non
2724 3068 3001 3135 efficiatur
3027 3067 3339 3120 monachus.

2186 3154 2295 3224 (Ea:
2321 3154 2542 3208 concilio
2584 3153 2895 3220 Arelatan.,
2926 3156 3101 3222 capite
3145 3154 3226 3224 4.)
3273 3153 3498 3208 Placuit
3536 3155 3598 3208 in
3627 3169 3811 3208 mona-

2115 3241 2300 3296 steriis
2329 3257 2445 3295 non
2477 3255 2596 3294 esse
2627 3241 3051 3311 suscipiendum
3086 3257 3313 3294 servum
3354 3242 3422 3295 ad
3471 3242 3810 3296 monachum

2115 3329 2460 3394 faciendum,
2489 3333 2697 3399 praeter
2735 3328 2953 3399 proprii
3000 3327 3228 3382 Domini
3279 3329 3665 3383 voluntatem.
3713 3327 3811 3392 Qui

2114 3434 2246 3472 vero
2302 3419 2412 3472 hoc
2474 3417 2855 3472 constitutum
2896 3422 3157 3471 nostrum
3213 3418 3544 3484 excesserit,
3604 3434 3733 3472 eum
3779 3434 3809 3470 a

2113 3507 2521 3560 communione
2574 3506 2849 3574 suspendi
2889 3505 3263 3573 decrevimus,
3317 3522 3390 3560 ne
3433 3523 3656 3560 nomen
3708 3507 3808 3559 Do-

2115 3595 2258 3649 mini
2284 3595 2735 3666 blasphematur.

2115 3687 2243 3742 CAP.
2276 3685 2424 3740 XXV.
2452 3713 2522 3723 —-
2564 3685 2645 3736 De
2671 3685 2765 3737 illo
2792 3684 2889 3751 qui
2907 3697 3118 3737 servum
3163 3683 3424 3748 alienum,
3468 3699 3642 3738 causa
3687 3683 3807 3735 reli-

2333 3758 2528 3824 gionis.
2563 3755 2712 3808 docet
2739 3759 3064 3808 contemnere
3093 3753 3370 3808 dominum
3398 3770 3583 3809 suum.

2183 3845 2297 3914 (Ea:
2327 3844 2548 3899 concilio
2585 3845 2879 3914 Braggar.,
2919 3845 3094 3912 capite
3140 3842 3252 3912 47.)
3309 3842 3368 3897 Si
3415 3843 3551 3913 quis
3591 3857 3806 3896 servum

2113 3933 2389 4001 alienum,
2414 3947 2579 3986 causa
2595 3931 2914 4002 religionis,
2939 3930 3103 3984 docet
3121 3935 3493 3984 contemnere
3517 3930 3806 3985 dominum

2114 4038 2303 4087 suum,
2366 4025 2422 4074 et
2478 4019 2744 4074 recedere
2802 4020 2872 4073 ab
2913 4020 3036 4090 ejus
3085 4018 3335 4086 servitio,
3391 4019 3704 4073 durissima
3752 4018 3806 4071 in

2114 4111 2382 4166 omnibus
2423 4115 2721 4180 arguatur,
2761 4114 2815 4164 et
2850 4109 2919 4163 ad
2965 4108 3364 4180 paenitentiam
3409 4109 3802 4181 compellatur.

2408 4199 2538 4253 CAP.
2569 4200 2747 4255 XXVI.
2779 4229 2848 4238 -—-
2880 4199 2960 4252 De
2986 4199 3240 4265 fugitivis
3270 4198 3504 4252 clericis.

2188 4288 2302 4359 (Ea:
2330 4287 2473 4342 decr.
2502 4289 2692 4342 Leonis
2721 4286 2924 4357 papz.)
2959 4285 3284 4356 Fugitivum
3333 4301 3468 4338 vero
3520 4286 3802 4351 clericum,

2118 4384 2218 4432 aut
2254 4377 2601 4432 monachum
2647 4377 3005 4431 deserentem
3049 4374 3434 4445 disciplinam,
3482 4375 3642 4429 velut
3679 4388 3802 4427 con-

2117 4472 2463 4538 temptorem
2494 4466 2711 4535 placuit
2741 4480 3026 4519 revocare.

2121 4574 2250 4628 CAP.
2284 4573 2486 4628 XXVII.
2511 4599 2579 4610 —
2613 4573 2686 4624 De
2713 4570 3082 4636 saecularibus,
3107 4571 3157 4622 si
3176 4583 3230 4621 se
3249 4569 3408 4621 semel
3448 4585 3558 4639 per
3602 4570 3799 4636 religio-

2337 4659 2456 4696 nem
2487 4641 2835 4707 tolonderint,
2865 4645 2915 4695 et
2947 4645 3066 4710 post
3101 4641 3232 4693 laici
3257 4641 3598 4708 efﬁciuntur.

2189 4732 2529 4797 (Ewconcilio
2561 4731 2828 4798 Toletan.,
2860 4746 2916 4798 ν,
2940 4731 3114 4799 capite
3131 4731 3211 4799 5.)
3242 4728 3585 4799 Quicunque
3614 4745 3680 4782 ex
3699 4742 3799 4780 saa-

2119 4818 2406 4873 cularibus
2435 4817 2779 4889 accipientes
2807 4816 3207 4888 paenitentiam
3240 4833 3300 4871 se
3329 4819 3718 4881 totonderunt,
3747 4818 3796 4868 et

2119 4923 2316 4961 rursus
2346 4906 2780 4978 praevaricantes
2821 4906 2950 4960 laici
2989 4905 3175 4960 effecti
3215 4911 3369 4970 sunt,
3411 4900 3795 4976 comprehensi

2117 4998 2188 5051 ab
2218 4996 2486 5067 episcopo
2520 5012 2642 5061 suo,
2679 4996 2748 5050 ad
2778 4994 3175 5065 pmnitentiam
3211 5009 3277 5047 ex
3319 5009 3434 5065 qua
3459 4996 3796 5048 recesserunt

2119 5089 2474 5139 revocentur.
2515 5083 2677 5147 Quod
2717 5083 2764 5137 si
2804 5083 2983 5153 aliqui
3020 5082 3117 5154 qui
3152 5098 3259 5152 per
3304 5077 3620 5153 potentiam
3667 5081 3792 5133 irre-

2120 5173 2401 5229 vocabiles
2451 5177 2602 5238 sunt,
2653 5189 2757 5228 nec
2812 5171 3094 5226 admoniti
3143 5176 3523 5239 revertentur,
3568 5186 3694 5225 vere
3739 5171 3793 5219 ut

2119 5266 2394 5330 apostata:
2471 5278 2666 5315 coram
2731 5261 2975 5315 Ecclesia
3061 5261 3441 5315 anathematis
3528 5255 3790 5314 sententia

2119 5350 2592 5405 condemnentur.
2628 5350 2752 5404 Non
2784 5349 2952 5403 aliter
2981 5353 3038 5404 et
3069 5349 3130 5402 hi
3156 5349 3257 5419 qui
3285 5349 3435 5404 tonsi
3485 5346 3788 5403 collaudan-

2120 5438 2272 5493 tibus
2323 5439 2657 5510 parentibus
2711 5439 2945 5501 fuerint,
2995 5438 3212 5509 seipsos
3255 5437 3521 5508 religioni
3569 5437 3783 5491 devove-

2121 5533 2277 5594 ruut,
2318 5534 2375 5582 et
2409 5533 2608 5598 postea
2645 5529 2908 5583 habitum
2954 5527 3286 5582 saecularem
3326 5530 3698 5598 sumpserunt,
3735 5525 3782 5575 et
