  <div class='ocr_page' id='page_1' title='image "/cluster/home/n/w/nwhite01/storage/ocr_20150623/140/hvd.32044054760004/404.png"; bbox 0 0 4028 6190; ppageno 0'>
   <div class='ocr_carea' id='block_1_1' title="bbox 100 293 209 342">
    <p class='ocr_par' dir='ltr' id='par_1_1' title="bbox 100 293 209 342">
     <span class='ocr_line' id='line_1_1' title="bbox 100 293 209 342; baseline 0 -1"><span class='ocrx_word' id='word_1_1' title='bbox 100 293 209 342; x_wconf 73' lang='lat'><strong>797</strong></span> 
     </span>
    </p>
   </div>
   <div class='ocr_carea' id='block_1_2' title="bbox 1085 289 3654 361">
    <p class='ocr_par' dir='ltr' id='par_1_2' title="bbox 1085 289 3654 361">
     <span class='ocr_line' id='line_1_2' title="bbox 1085 289 3654 361; baseline 0.007 -17"><span class='ocrx_word' id='word_1_2' title='bbox 1085 289 1563 346; x_wconf 79' lang='lat' dir='ltr'><strong>BECRE&#39;I‘ORUM</strong></span> <span class='ocrx_word' id='word_1_3' title='bbox 1612 291 1802 346; x_wconf 81' lang='lat' dir='ltr'><strong>LIBRI</strong></span> <span class='ocrx_word' id='word_1_4' title='bbox 1844 295 1950 349; x_wconf 87' lang='lat' dir='ltr'><strong>XX.</strong></span> <span class='ocrx_word' id='word_1_5' title='bbox 1994 325 2062 331; x_wconf 92' lang='lat'><strong>——</strong></span> <span class='ocrx_word' id='word_1_6' title='bbox 2103 292 2317 348; x_wconf 83' lang='lat' dir='ltr'><strong>LIBER</strong></span> <span class='ocrx_word' id='word_1_7' title='bbox 2356 294 2688 352; x_wconf 85' lang='lat' dir='ltr'><strong>OCTAVUS.</strong></span> <span class='ocrx_word' id='word_1_8' title='bbox 3552 311 3654 361; x_wconf 70' lang='lat'><strong>798</strong></span> 
     </span>
    </p>
   </div>
   <div class='ocr_carea' id='block_1_3' title="bbox 98 409 3650 493">
    <p class='ocr_par' dir='ltr' id='par_1_3' title="bbox 98 409 3650 493">
     <span class='ocr_line' id='line_1_3' title="bbox 98 409 3650 493; baseline 0.005 -30"><span class='ocrx_word' id='word_1_9' title='bbox 98 411 290 466; x_wconf 87' lang='lat' dir='ltr'><strong>iidem</strong></span> <span class='ocrx_word' id='word_1_10' title='bbox 318 429 351 466; x_wconf 88' lang='lat' dir='ltr'><strong>a</strong></span> <span class='ocrx_word' id='word_1_11' title='bbox 380 412 668 466; x_wconf 80' lang='lat' dir='ltr'><strong>sacerdote</strong></span> <span class='ocrx_word' id='word_1_12' title='bbox 697 412 1123 482; x_wconf 83' lang='lat' dir='ltr'><strong>comprehensi,</strong></span> <span class='ocrx_word' id='word_1_13' title='bbox 1157 412 1229 466; x_wconf 87' lang='lat' dir='ltr'><strong>ad</strong></span> <span class='ocrx_word' id='word_1_14' title='bbox 1261 414 1485 467; x_wconf 87' lang='lat' dir='ltr'><strong>cultum</strong></span> <span class='ocrx_word' id='word_1_15' title='bbox 1530 412 1833 482; x_wconf 82' lang='lat' dir='ltr'><strong>religionis</strong></span> <span class='ocrx_word' id='word_1_16' title='bbox 1871 420 1918 472; x_wconf 82' lang='grc' dir='ltr'><strong>Α</strong></span> <span class='ocrx_word' id='word_1_17' title='bbox 1953 416 2043 470; x_wconf 91' lang='lat' dir='ltr'><strong>nis</strong></span> <span class='ocrx_word' id='word_1_18' title='bbox 2090 409 2329 469; x_wconf 53' lang='lat' dir='ltr'><strong>&#39;normaa</strong></span> <span class='ocrx_word' id='word_1_19' title='bbox 2371 419 2794 474; x_wconf 75' lang='lat' dir='ltr'><strong>contumaciter</strong></span> <span class='ocrx_word' id='word_1_20' title='bbox 2868 426 3264 493; x_wconf 87' lang='lat' dir='ltr'><strong>transgressor</strong></span> <span class='ocrx_word' id='word_1_21' title='bbox 3338 425 3650 493; x_wconf 83' lang='lat' dir='ltr'><strong>exstiterit,</strong></span> 
     </span>
    </p>
   </div>
   <div class='ocr_carea' id='block_1_4' title="bbox 101 500 3652 582">
    <p class='ocr_par' dir='ltr' id='par_1_4' title="bbox 101 500 3652 582">
     <span class='ocr_line' id='line_1_4' title="bbox 101 500 3652 582; baseline 0.004 -29"><span class='ocrx_word' id='word_1_22' title='bbox 101 506 230 554; x_wconf 85' lang='lat' dir='ltr'><strong>acta</strong></span> <span class='ocrx_word' id='word_1_23' title='bbox 282 501 445 571; x_wconf 90' lang='lat' dir='ltr'><strong>prius</strong></span> <span class='ocrx_word' id='word_1_24' title='bbox 486 500 826 571; x_wconf 87' lang='lat' dir='ltr'><strong>poenitentia</strong></span> <span class='ocrx_word' id='word_1_25' title='bbox 888 507 1248 555; x_wconf 84' lang='lat' dir='ltr'><strong>revocentur.</strong></span> <span class='ocrx_word' id='word_1_26' title='bbox 1306 501 1471 565; x_wconf 84' lang='lat' dir='ltr'><strong>Quod</strong></span> <span class='ocrx_word' id='word_1_27' title='bbox 1517 501 1565 554; x_wconf 91' lang='lat' dir='ltr'>si</span> <span class='ocrx_word' id='word_1_28' title='bbox 1615 504 1827 556; x_wconf 83' lang='lat' dir='ltr'><strong>reverti</strong></span> <span class='ocrx_word' id='word_1_29' title='bbox 1939 505 2156 559; x_wconf 87' lang='lat' dir='ltr'><strong>scilicet</strong></span> <span class='ocrx_word' id='word_1_30' title='bbox 2178 510 2241 558; x_wconf 92' lang='lat' dir='ltr'><strong>ut</strong></span> <span class='ocrx_word' id='word_1_31' title='bbox 2274 504 2495 576; x_wconf 89' lang='lat' dir='ltr'><strong>aliquas</strong></span> <span class='ocrx_word' id='word_1_32' title='bbox 2526 508 2726 562; x_wconf 89' lang='lat' dir='ltr'><strong>viduas</strong></span> <span class='ocrx_word' id='word_1_33' title='bbox 2760 509 2947 564; x_wconf 90' lang='lat' dir='ltr'><strong>velare</strong></span> <span class='ocrx_word' id='word_1_34' title='bbox 2982 518 3312 581; x_wconf 66' lang='lat' dir='ltr'><strong>praasumat,</strong></span> <span class='ocrx_word' id='word_1_35' title='bbox 3356 512 3495 582; x_wconf 85' lang='lat' dir='ltr'><strong>quia</strong></span> <span class='ocrx_word' id='word_1_36' title='bbox 3542 514 3652 568; x_wconf 89' lang='lat' dir='ltr'><strong>hoc</strong></span> 
     </span>
    </p>
   </div>
   <div class='ocr_carea' id='block_1_5' title="bbox 101 589 3651 670">
    <p class='ocr_par' dir='ltr' id='par_1_5' title="bbox 101 589 3651 670">
     <span class='ocr_line' id='line_1_5' title="bbox 101 589 3651 670; baseline 0.004 -28"><span class='ocrx_word' id='word_1_37' title='bbox 101 590 340 655; x_wconf 89' lang='lat' dir='ltr'><strong>nolunt,</strong></span> <span class='ocrx_word' id='word_1_38' title='bbox 369 606 497 643; x_wconf 90' lang='lat' dir='ltr'><strong>vere</strong></span> <span class='ocrx_word' id='word_1_39' title='bbox 530 595 591 643; x_wconf 90' lang='lat' dir='ltr'><strong>ut</strong></span> <span class='ocrx_word' id='word_1_40' title='bbox 620 595 894 659; x_wconf 75' lang='lat' dir='ltr'><strong>apostatee</strong></span> <span class='ocrx_word' id='word_1_41' title='bbox 925 589 1310 644; x_wconf 89' lang='lat' dir='ltr'><strong>anathematis</strong></span> <span class='ocrx_word' id='word_1_42' title='bbox 1340 590 1644 643; x_wconf 70' lang='lat' dir='ltr'><strong>sententiae</strong></span> <span class='ocrx_word' id='word_1_43' title='bbox 1685 591 1829 643; x_wconf 55' lang='lat' dir='ltr'><strong>sub»</strong></span> <span class='ocrx_word' id='word_1_44' title='bbox 1941 601 1998 649; x_wconf 89' lang='lat' dir='ltr'><strong>et</strong></span> <span class='ocrx_word' id='word_1_45' title='bbox 2039 593 2326 664; x_wconf 81' lang='lat' dir='ltr'><strong>episcopis</strong></span> <span class='ocrx_word' id='word_1_46' title='bbox 2373 611 2487 648; x_wconf 89' lang='lat' dir='ltr'><strong>non</strong></span> <span class='ocrx_word' id='word_1_47' title='bbox 2529 597 2675 663; x_wconf 90' lang='lat' dir='ltr'><strong>licet,</strong></span> <span class='ocrx_word' id='word_1_48' title='bbox 2709 599 2923 667; x_wconf 85' lang='lat' dir='ltr'><strong>gradus</strong></span> <span class='ocrx_word' id='word_1_49' title='bbox 2964 601 3047 654; x_wconf 90' lang='lat' dir='ltr'><strong>sui</strong></span> <span class='ocrx_word' id='word_1_50' title='bbox 3095 601 3416 670; x_wconf 89' lang='lat' dir='ltr'><strong>periculum</strong></span> <span class='ocrx_word' id='word_1_51' title='bbox 3458 601 3651 655; x_wconf 91' lang='lat' dir='ltr'><strong>incur-</strong></span> 
     </span>
    </p>
   </div>
   <div class='ocr_carea' id='block_1_6' title="bbox 98 678 3655 759">
    <p class='ocr_par' dir='ltr' id='par_1_6' title="bbox 98 678 3655 759">
     <span class='ocr_line' id='line_1_6' title="bbox 98 678 3655 759; baseline 0.004 -29"><span class='ocrx_word' id='word_1_52' title='bbox 98 678 403 747; x_wconf 87' lang='lat' dir='ltr'><strong>jiciantur.</strong></span> <span class='ocrx_word' id='word_1_53' title='bbox 454 679 591 743; x_wconf 60' lang='lat' dir='ltr'><strong>Quae</strong></span> <span class='ocrx_word' id='word_1_54' title='bbox 652 678 835 731; x_wconf 87' lang='lat' dir='ltr'><strong>forma</strong></span> <span class='ocrx_word' id='word_1_55' title='bbox 894 678 1236 743; x_wconf 86' lang='lat' dir='ltr'><strong>servabitur,</strong></span> <span class='ocrx_word' id='word_1_56' title='bbox 1290 680 1467 733; x_wconf 90' lang='lat' dir='ltr'><strong>etiam</strong></span> <span class='ocrx_word' id='word_1_57' title='bbox 1522 679 1584 731; x_wconf 91' lang='lat' dir='ltr'><strong>in</strong></span> <span class='ocrx_word' id='word_1_58' title='bbox 1643 679 1829 734; x_wconf 81' lang='lat' dir='ltr'><strong>viduis</strong></span> <span class='ocrx_word' id='word_1_59' title='bbox 1938 688 2049 738; x_wconf 89' lang='lat' dir='ltr'><strong>rat.</strong></span> <span class='ocrx_word' id='word_1_60' title='bbox 2101 681 2375 735; x_wconf 84' lang='lat' dir='ltr'><strong>Similiter</strong></span> <span class='ocrx_word' id='word_1_61' title='bbox 2424 688 2477 737; x_wconf 90' lang='lat' dir='ltr'><strong>et</strong></span> <span class='ocrx_word' id='word_1_62' title='bbox 2511 685 2579 737; x_wconf 91' lang='lat' dir='ltr'><strong>de</strong></span> <span class='ocrx_word' id='word_1_63' title='bbox 2620 687 2824 755; x_wconf 86' lang='lat' dir='ltr'><strong>puellis</strong></span> <span class='ocrx_word' id='word_1_64' title='bbox 2859 688 3172 757; x_wconf 84' lang='lat' dir='ltr'><strong>virginibus</strong></span> <span class='ocrx_word' id='word_1_65' title='bbox 3217 706 3249 741; x_wconf 86' lang='lat' dir='ltr'><strong>a</strong></span> <span class='ocrx_word' id='word_1_66' title='bbox 3303 689 3655 759; x_wconf 80' lang='lat' dir='ltr'><strong>presbyteris</strong></span> 
     </span>
    </p>
   </div>
   <div class='ocr_carea' id='block_1_7' title="bbox 102 766 3656 847">
    <p class='ocr_par' dir='ltr' id='par_1_7' title="bbox 102 766 3656 847">
     <span class='ocr_line' id='line_1_7' title="bbox 102 766 3656 847; baseline 0.004 -29"><span class='ocrx_word' id='word_1_67' title='bbox 102 766 550 836; x_wconf 84' lang='lat' dir='ltr'><strong>virginibusque</strong></span> <span class='ocrx_word' id='word_1_68' title='bbox 600 767 792 834; x_wconf 90' lang='lat' dir='ltr'><strong>sacris,</strong></span> <span class='ocrx_word' id='word_1_69' title='bbox 845 782 909 820; x_wconf 90' lang='lat' dir='ltr'><strong>ac</strong></span> <span class='ocrx_word' id='word_1_70' title='bbox 955 767 1365 837; x_wconf 64' lang='lat' dir='ltr'><strong>paenitentibus</strong></span> <span class='ocrx_word' id='word_1_71' title='bbox 1408 767 1661 833; x_wconf 85' lang='lat' dir='ltr'><strong>feminis,</strong></span> <span class='ocrx_word' id='word_1_72' title='bbox 1696 783 1829 838; x_wconf 69' lang='lat' dir='ltr'><strong>quae</strong></span> <span class='ocrx_word' id='word_1_73' title='bbox 1940 788 2062 828; x_wconf 89' lang='lat' dir='ltr'><strong>non</strong></span> <span class='ocrx_word' id='word_1_74' title='bbox 2118 770 2369 824; x_wconf 87' lang='lat' dir='ltr'><strong>velandis</strong></span> <span class='ocrx_word' id='word_1_75' title='bbox 2433 776 2708 828; x_wconf 88' lang='lat' dir='ltr'><strong>statutum</strong></span> <span class='ocrx_word' id='word_1_76' title='bbox 2739 780 2841 842; x_wconf 89' lang='lat' dir='ltr'><strong>est,</strong></span> <span class='ocrx_word' id='word_1_77' title='bbox 2912 782 2974 829; x_wconf 92' lang='lat' dir='ltr'><strong>ut</strong></span> <span class='ocrx_word' id='word_1_78' title='bbox 3030 777 3076 829; x_wconf 92' lang='lat' dir='ltr'><strong>si</strong></span> <span class='ocrx_word' id='word_1_79' title='bbox 3136 776 3264 847; x_wconf 87' lang='lat' dir='ltr'><strong>quis</strong></span> <span class='ocrx_word' id='word_1_80' title='bbox 3302 778 3409 830; x_wconf 87' lang='lat' dir='ltr'><strong>hoc</strong></span> <span class='ocrx_word' id='word_1_81' title='bbox 3470 777 3656 832; x_wconf 89' lang='lat' dir='ltr'><strong>facere</strong></span> 
     </span>
    </p>
   </div>
   <div class='ocr_carea' id='block_1_8' title="bbox 100 856 3651 934">
    <p class='ocr_par' dir='ltr' id='par_1_8' title="bbox 100 856 3651 934">
     <span class='ocr_line' id='line_1_8' title="bbox 100 856 3651 934; baseline 0.003 -25"><span class='ocrx_word' id='word_1_82' title='bbox 100 856 610 909; x_wconf 85' lang='lat' dir='ltr'><strong>sanctimonialem</strong></span> <span class='ocrx_word' id='word_1_83' title='bbox 667 856 927 909; x_wconf 88' lang='lat' dir='ltr'><strong>habitum</strong></span> <span class='ocrx_word' id='word_1_84' title='bbox 978 856 1312 921; x_wconf 88' lang='lat' dir='ltr'><strong>induerunt,</strong></span> <span class='ocrx_word' id='word_1_85' title='bbox 1372 861 1431 910; x_wconf 86' lang='lat' dir='ltr'><strong>et</strong></span> <span class='ocrx_word' id='word_1_86' title='bbox 1497 860 1698 927; x_wconf 86' lang='lat' dir='ltr'><strong>postea</strong></span> <span class='ocrx_word' id='word_1_87' title='bbox 1730 864 1831 913; x_wconf 90' lang='lat' dir='ltr'><strong>aut</strong></span> <span class='ocrx_word' id='word_1_88' title='bbox 1939 856 2978 934; x_wconf 87' lang='lat' dir='ltr'><strong>tentaverit,tanquamtransgressor</strong></span> <span class='ocrx_word' id='word_1_89' title='bbox 3006 882 3293 919; x_wconf 87' lang='lat' dir='ltr'><strong>canonum</strong></span> <span class='ocrx_word' id='word_1_90' title='bbox 3322 867 3651 922; x_wconf 84' lang='lat' dir='ltr'><strong>damnetur.</strong></span> 
     </span>
    </p>
   </div>
   <div class='ocr_carea' id='block_1_9' title="bbox 102 943 3657 1015">
    <p class='ocr_par' dir='ltr' id='par_1_9' title="bbox 102 943 3657 1015">
     <span class='ocr_line' id='line_1_9' title="bbox 102 943 3657 1015; baseline 0.004 -18"><span class='ocrx_word' id='word_1_91' title='bbox 102 948 329 997; x_wconf 80' lang='lat' dir='ltr'><strong>vestem</strong></span> <span class='ocrx_word' id='word_1_92' title='bbox 374 950 756 1009; x_wconf 88' lang='lat' dir='ltr'><strong>mutaverunt,</strong></span> <span class='ocrx_word' id='word_1_93' title='bbox 800 950 894 997; x_wconf 88' lang='lat' dir='ltr'><strong>aut</strong></span> <span class='ocrx_word' id='word_1_94' title='bbox 926 944 998 997; x_wconf 89' lang='lat' dir='ltr'><strong>ad</strong></span> <span class='ocrx_word' id='word_1_95' title='bbox 1041 944 1268 1014; x_wconf 85' lang='lat' dir='ltr'><strong>nuptias</strong></span> <span class='ocrx_word' id='word_1_96' title='bbox 1308 943 1680 998; x_wconf 89' lang='lat' dir='ltr'><strong>transierunt.</strong></span> <span class='ocrx_word' id='word_1_97' title='bbox 1942 947 2074 1002; x_wconf 73' lang='lat' dir='ltr'><strong>CAP.</strong></span> <span class='ocrx_word' id='word_1_98' title='bbox 2109 946 2317 999; x_wconf 82' lang='lat' dir='ltr'><strong>XXXIV.</strong></span> <span class='ocrx_word' id='word_1_99' title='bbox 2347 978 2417 987; x_wconf 87' lang='lat'><strong>-—</strong></span> <span class='ocrx_word' id='word_1_100' title='bbox 2449 952 2603 1015; x_wconf 73' lang='lat' dir='ltr'><strong>Quod</strong></span> <span class='ocrx_word' id='word_1_101' title='bbox 2629 953 2807 1006; x_wconf 71' lang='lat' dir='ltr'><strong>vidua:</strong></span> <span class='ocrx_word' id='word_1_102' title='bbox 2830 954 2927 1007; x_wconf 95' lang='lat' dir='ltr'><strong>sub</strong></span> <span class='ocrx_word' id='word_1_103' title='bbox 2957 956 3111 1008; x_wconf 87' lang='lat' dir='ltr'><strong>nulla</strong></span> <span class='ocrx_word' id='word_1_104' title='bbox 3141 955 3502 1010; x_wconf 78' lang='lat' dir='ltr'><strong>benedictione</strong></span> <span class='ocrx_word' id='word_1_105' title='bbox 3543 960 3657 1012; x_wconf 87' lang='lat' dir='ltr'><strong>sint</strong></span> 
     </span>
    </p>
   </div>
   <div class='ocr_carea' id='block_1_10' title="bbox 96 1025 1832 1113">
    <p class='ocr_par' dir='ltr' id='par_1_10' title="bbox 96 1032 1826 1113">
     <span class='ocr_line' id='line_1_10' title="bbox 96 1032 1826 1113; baseline 0.002 -28"><span class='ocrx_word' id='word_1_106' title='bbox 96 1033 242 1113; x_wconf 60' lang='grc' dir='ltr'><strong>βω.</strong></span> <span class='ocrx_word' id='word_1_107' title='bbox 261 1033 486 1087; x_wconf 77' lang='lat' dir='ltr'><strong>XXVIII.</strong></span> <span class='ocrx_word' id='word_1_108' title='bbox 509 1063 576 1073; x_wconf 93' lang='lat'><strong>--</strong></span> <span class='ocrx_word' id='word_1_109' title='bbox 599 1035 664 1087; x_wconf 91' lang='lat' dir='ltr'><strong>Ut</strong></span> <span class='ocrx_word' id='word_1_110' title='bbox 686 1048 869 1113; x_wconf 71' lang='lat' dir='ltr'><strong>servus</strong></span> <span class='ocrx_word' id='word_1_111' title='bbox 891 1035 949 1086; x_wconf 90' lang='lat' dir='ltr'><strong>in</strong></span> <span class='ocrx_word' id='word_1_112' title='bbox 961 1036 1361 1113; x_wconf 40' lang='lat' dir='ltr'><strong>.monasterium</strong></span> <span class='ocrx_word' id='word_1_113' title='bbox 1375 1049 1484 1087; x_wconf 88' lang='lat' dir='ltr'><strong>non</strong></span> <span class='ocrx_word' id='word_1_114' title='bbox 1498 1032 1826 1103; x_wconf 81' lang='lat' dir='ltr'><strong>recipiatur,</strong></span> 
     </span>
    </p>
   </div>
   <div class='ocr_carea' id='block_1_11' title="bbox 2020 1025 2928 1113">
    <p class='ocr_par' dir='ltr' id='par_1_11' title="bbox 2667 1025 2928 1079">
     <span class='ocr_line' id='line_1_11' title="bbox 2667 1025 2928 1079; baseline 0.015 -4"><span class='ocrx_word' id='word_1_115' title='bbox 2667 1025 2928 1079; x_wconf 74' lang='lat' dir='ltr'><strong>velandae.</strong></span> 
     </span>
    </p>
   </div>
   <div class='ocr_carea' id='block_1_12' title="bbox 614 1104 1323 1159">
    <p class='ocr_par' dir='ltr' id='par_1_12' title="bbox 614 1104 1323 1159">
     <span class='ocr_line' id='line_1_12' title="bbox 614 1104 1323 1159; baseline 0.003 -3"><span class='ocrx_word' id='word_1_116' title='bbox 614 1106 881 1159; x_wconf 79' lang='lat' dir='ltr'><strong>nesciente</strong></span> <span class='ocrx_word' id='word_1_117' title='bbox 938 1104 1154 1158; x_wconf 86' lang='lat' dir='ltr'><strong>domino</strong></span> <span class='ocrx_word' id='word_1_118' title='bbox 1210 1120 1323 1158; x_wconf 84' lang='lat' dir='ltr'><strong>suo.</strong></span> 
     </span>
    </p>
   </div>
   <div class='ocr_carea' id='block_1_13' title="bbox 187 1192 1833 1263">
    <p class='ocr_par' dir='ltr' id='par_1_13' title="bbox 187 1192 1833 1263">
     <span class='ocr_line' id='line_1_13' title="bbox 187 1192 1833 1263; baseline 0.001 -17"><span class='ocrx_word' id='word_1_119' title='bbox 187 1192 301 1263; x_wconf 74' lang='lat' dir='ltr'><strong>(Ea:</strong></span> <span class='ocrx_word' id='word_1_120' title='bbox 326 1192 545 1247; x_wconf 86' lang='lat' dir='ltr'><strong>concilio</strong></span> <span class='ocrx_word' id='word_1_121' title='bbox 576 1192 857 1258; x_wconf 84' lang='lat' dir='ltr'><strong>Chalced.,</strong></span> <span class='ocrx_word' id='word_1_122' title='bbox 900 1195 1081 1261; x_wconf 87' lang='lat' dir='ltr'><strong>capite</strong></span> <span class='ocrx_word' id='word_1_123' title='bbox 1127 1192 1200 1260; x_wconf 72' lang='grc'><strong>4.)</strong></span> <span class='ocrx_word' id='word_1_124' title='bbox 1248 1193 1480 1247; x_wconf 85' lang='lat' dir='ltr'><strong>Nullum</strong></span> <span class='ocrx_word' id='word_1_125' title='bbox 1517 1209 1649 1246; x_wconf 90' lang='lat' dir='ltr'><strong>vero</strong></span> <span class='ocrx_word' id='word_1_126' title='bbox 1684 1194 1833 1247; x_wconf 89' lang='lat' dir='ltr'><strong>reci-</strong></span> 
     </span>
    </p>
   </div>
   <div class='ocr_carea' id='block_1_14' title="bbox 109 1281 1832 1353">
    <p class='ocr_par' dir='ltr' id='par_1_14' title="bbox 109 1281 1832 1353">
     <span class='ocr_line' id='line_1_14' title="bbox 109 1281 1832 1353; baseline 0.002 -19"><span class='ocrx_word' id='word_1_127' title='bbox 109 1297 256 1353; x_wconf 83' lang='lat' dir='ltr'><strong>pere</strong></span> <span class='ocrx_word' id='word_1_128' title='bbox 282 1281 343 1334; x_wconf 89' lang='lat' dir='ltr'><strong>in</strong></span> <span class='ocrx_word' id='word_1_129' title='bbox 375 1281 731 1334; x_wconf 87' lang='lat' dir='ltr'><strong>monasteriis</strong></span> <span class='ocrx_word' id='word_1_130' title='bbox 762 1297 988 1334; x_wconf 89' lang='lat' dir='ltr'><strong>servum</strong></span> <span class='ocrx_word' id='word_1_131' title='bbox 1022 1281 1258 1335; x_wconf 87' lang='lat' dir='ltr'><strong>obtentu</strong></span> <span class='ocrx_word' id='word_1_132' title='bbox 1308 1281 1577 1335; x_wconf 84' lang='lat' dir='ltr'><strong>monachi</strong></span> <span class='ocrx_word' id='word_1_133' title='bbox 1622 1289 1832 1352; x_wconf 77' lang='lat' dir='ltr'><strong>praeter</strong></span> 
     </span>
    </p>
   </div>
   <div class='ocr_carea' id='block_1_15' title="bbox 116 1368 1081 1424">
    <p class='ocr_par' dir='ltr' id='par_1_15' title="bbox 116 1368 1081 1424">
     <span class='ocr_line' id='line_1_15' title="bbox 116 1368 1081 1424; baseline -0.003 0"><span class='ocrx_word' id='word_1_134' title='bbox 116 1369 349 1424; x_wconf 85' lang='lat' dir='ltr'><strong>domini</strong></span> <span class='ocrx_word' id='word_1_135' title='bbox 382 1368 468 1421; x_wconf 87' lang='lat' dir='ltr'><strong>sui</strong></span> <span class='ocrx_word' id='word_1_136' title='bbox 488 1368 897 1422; x_wconf 89' lang='lat' dir='ltr'><strong>conscientiam</strong></span> <span class='ocrx_word' id='word_1_137' title='bbox 933 1369 1081 1423; x_wconf 89' lang='lat' dir='ltr'><strong>licet.</strong></span> 
     </span>
    </p>
   </div>
   <div class='ocr_carea' id='block_1_16' title="bbox 116 1458 1837 1527">
    <p class='ocr_par' dir='ltr' id='par_1_16' title="bbox 116 1458 1837 1527">
     <span class='ocr_line' id='line_1_16' title="bbox 116 1458 1837 1527; baseline 0 -14"><span class='ocrx_word' id='word_1_138' title='bbox 116 1459 253 1513; x_wconf 59' lang='lat' dir='ltr'><strong>Car.</strong></span> <span class='ocrx_word' id='word_1_139' title='bbox 304 1458 472 1511; x_wconf 85' lang='lat' dir='ltr'><strong>XXIX.</strong></span> <span class='ocrx_word' id='word_1_140' title='bbox 517 1487 584 1495; x_wconf 97' lang='lat'><strong>—</strong></span> <span class='ocrx_word' id='word_1_141' title='bbox 616 1460 689 1510; x_wconf 89' lang='lat' dir='ltr'><strong>De</strong></span> <span class='ocrx_word' id='word_1_142' title='bbox 714 1459 989 1511; x_wconf 85' lang='lat' dir='ltr'><strong>monachis</strong></span> <span class='ocrx_word' id='word_1_143' title='bbox 1018 1462 1067 1511; x_wconf 89' lang='lat' dir='ltr'><strong>et</strong></span> <span class='ocrx_word' id='word_1_144' title='bbox 1105 1458 1490 1525; x_wconf 85' lang='lat' dir='ltr'><strong>monachabus,</strong></span> <span class='ocrx_word' id='word_1_145' title='bbox 1524 1461 1697 1527; x_wconf 88' lang='lat' dir='ltr'><strong>quise</strong></span> <span class='ocrx_word' id='word_1_146' title='bbox 1750 1475 1837 1513; x_wconf 89' lang='lat' dir='ltr'><strong>sa-</strong></span> 
     </span>
    </p>
   </div>
   <div class='ocr_carea' id='block_1_17' title="bbox 515 1530 1432 1596">
    <p class='ocr_par' dir='ltr' id='par_1_17' title="bbox 515 1530 1432 1596">
     <span class='ocr_line' id='line_1_17' title="bbox 515 1530 1432 1596; baseline -0.001 -15"><span class='ocrx_word' id='word_1_147' title='bbox 515 1530 717 1595; x_wconf 82' lang='lat' dir='ltr'><strong>crilega</strong></span> <span class='ocrx_word' id='word_1_148' title='bbox 749 1531 1066 1596; x_wconf 72' lang='lat' dir='ltr'><strong>contagione</strong></span> <span class='ocrx_word' id='word_1_149' title='bbox 1095 1532 1432 1583; x_wconf 76' lang='lat' dir='ltr'><strong>miscuerint.</strong></span> 
     </span>
    </p>
   </div>
   <div class='ocr_carea' id='block_1_18' title="bbox 190 1617 1836 1689">
    <p class='ocr_par' dir='ltr' id='par_1_18' title="bbox 190 1617 1836 1689">
     <span class='ocr_line' id='line_1_18' title="bbox 190 1617 1836 1689; baseline 0.001 -19"><span class='ocrx_word' id='word_1_150' title='bbox 190 1619 305 1683; x_wconf 77' lang='lat' dir='ltr'><strong>(Eo:</strong></span> <span class='ocrx_word' id='word_1_151' title='bbox 359 1622 516 1685; x_wconf 74' lang='lat' dir='ltr'><strong>epist.</strong></span> <span class='ocrx_word' id='word_1_152' title='bbox 582 1619 794 1684; x_wconf 84' lang='lat' dir='ltr'><strong>Syricii</strong></span> <span class='ocrx_word' id='word_1_153' title='bbox 861 1633 1045 1686; x_wconf 68' lang='lat' dir='ltr'><strong>papae,</strong></span> <span class='ocrx_word' id='word_1_154' title='bbox 1115 1618 1297 1686; x_wconf 79' lang='lat' dir='ltr'><strong>capite</strong></span> <span class='ocrx_word' id='word_1_155' title='bbox 1366 1617 1438 1685; x_wconf 86' lang='lat'><strong>6.)</strong></span> <span class='ocrx_word' id='word_1_156' title='bbox 1506 1619 1836 1689; x_wconf 88' lang='lat' dir='ltr'><strong>Impudicas</strong></span> 
     </span>
    </p>
   </div>
   <div class='ocr_carea' id='block_1_19' title="bbox 114 1704 1836 1775">
    <p class='ocr_par' dir='ltr' id='par_1_19' title="bbox 114 1704 1836 1775">
     <span class='ocr_line' id='line_1_19' title="bbox 114 1704 1836 1775; baseline -0.001 -15"><span class='ocrx_word' id='word_1_157' title='bbox 114 1704 595 1775; x_wconf 88' lang='lat' dir='ltr'><strong>detestabilesque</strong></span> <span class='ocrx_word' id='word_1_158' title='bbox 645 1721 937 1775; x_wconf 85' lang='lat' dir='ltr'><strong>personas,</strong></span> <span class='ocrx_word' id='word_1_159' title='bbox 1000 1706 1417 1760; x_wconf 86' lang='lat' dir='ltr'><strong>monachorum</strong></span> <span class='ocrx_word' id='word_1_160' title='bbox 1472 1706 1689 1761; x_wconf 89' lang='lat' dir='ltr'><strong>scilicet</strong></span> <span class='ocrx_word' id='word_1_161' title='bbox 1746 1711 1836 1760; x_wconf 83' lang='lat' dir='ltr'><strong>at-</strong></span> 
     </span>
    </p>
   </div>
   <div class='ocr_carea' id='block_1_20' title="bbox 115 1794 1837 1865">
    <p class='ocr_par' dir='ltr' id='par_1_20' title="bbox 115 1794 1837 1865">
     <span class='ocr_line' id='line_1_20' title="bbox 115 1794 1837 1865; baseline 0.001 -18"><span class='ocrx_word' id='word_1_162' title='bbox 115 1811 230 1865; x_wconf 89' lang='lat' dir='ltr'><strong>que</strong></span> <span class='ocrx_word' id='word_1_163' title='bbox 265 1794 676 1848; x_wconf 80' lang='lat' dir='ltr'><strong>monacliarum</strong></span> <span class='ocrx_word' id='word_1_164' title='bbox 739 1810 888 1865; x_wconf 66' lang='lat' dir='ltr'><strong>quae,</strong></span> <span class='ocrx_word' id='word_1_165' title='bbox 942 1794 1160 1864; x_wconf 88' lang='lat' dir='ltr'><strong>abjecto</strong></span> <span class='ocrx_word' id='word_1_166' title='bbox 1208 1795 1508 1865; x_wconf 88' lang='lat' dir='ltr'><strong>proposito</strong></span> <span class='ocrx_word' id='word_1_167' title='bbox 1560 1796 1837 1849; x_wconf 86' lang='lat' dir='ltr'><strong>sanctita-</strong></span> 
     </span>
    </p>
   </div>
   <div class='ocr_carea' id='block_1_21' title="bbox 115 1882 1837 1952">
    <p class='ocr_par' dir='ltr' id='par_1_21' title="bbox 115 1882 1837 1952">
     <span class='ocr_line' id='line_1_21' title="bbox 115 1882 1837 1952; baseline -0.001 -16"><span class='ocrx_word' id='word_1_168' title='bbox 115 1884 213 1949; x_wconf 89' lang='lat' dir='ltr'><strong>tis,</strong></span> <span class='ocrx_word' id='word_1_169' title='bbox 250 1882 448 1936; x_wconf 89' lang='lat' dir='ltr'><strong>illicita</strong></span> <span class='ocrx_word' id='word_1_170' title='bbox 479 1899 541 1936; x_wconf 91' lang='lat' dir='ltr'><strong>ac</strong></span> <span class='ocrx_word' id='word_1_171' title='bbox 568 1882 844 1952; x_wconf 86' lang='lat' dir='ltr'><strong>sacrilega</strong></span> <span class='ocrx_word' id='word_1_172' title='bbox 878 1882 1220 1952; x_wconf 81' lang='lat' dir='ltr'><strong>contagione</strong></span> <span class='ocrx_word' id='word_1_173' title='bbox 1250 1900 1308 1935; x_wconf 88' lang='lat' dir='ltr'><strong>se</strong></span> <span class='ocrx_word' id='word_1_174' title='bbox 1373 1884 1754 1951; x_wconf 88' lang='lat' dir='ltr'><strong>miscuerunt,</strong></span> <span class='ocrx_word' id='word_1_175' title='bbox 1780 1888 1837 1936; x_wconf 91' lang='lat' dir='ltr'><strong>et</strong></span> 
     </span>
    </p>
   </div>
   <div class='ocr_carea' id='block_1_22' title="bbox 118 1971 1836 2042">
    <p class='ocr_par' dir='ltr' id='par_1_22' title="bbox 118 1971 1836 2042">
     <span class='ocr_line' id='line_1_22' title="bbox 118 1971 1836 2042; baseline 0.001 -18"><span class='ocrx_word' id='word_1_176' title='bbox 118 1972 179 2024; x_wconf 91' lang='lat' dir='ltr'><strong>in</strong></span> <span class='ocrx_word' id='word_1_177' title='bbox 213 1972 530 2040; x_wconf 86' lang='lat' dir='ltr'><strong>abruptum</strong></span> <span class='ocrx_word' id='word_1_178' title='bbox 560 1971 923 2024; x_wconf 81' lang='lat' dir='ltr'><strong>conscientiae</strong></span> <span class='ocrx_word' id='word_1_179' title='bbox 973 1971 1372 2041; x_wconf 87' lang='lat' dir='ltr'><strong>desperatione</strong></span> <span class='ocrx_word' id='word_1_180' title='bbox 1420 1972 1714 2042; x_wconf 88' lang='lat' dir='ltr'><strong>perductae</strong></span> <span class='ocrx_word' id='word_1_181' title='bbox 1765 1971 1836 2025; x_wconf 90' lang='lat' dir='ltr'><strong>de</strong></span> 
     </span>
    </p>
   </div>
   <div class='ocr_carea' id='block_1_23' title="bbox 119 2060 1836 2130">
    <p class='ocr_par' dir='ltr' id='par_1_23' title="bbox 119 2060 1836 2130">
     <span class='ocr_line' id='line_1_23' title="bbox 119 2060 1836 2130; baseline -0.001 -16"><span class='ocrx_word' id='word_1_182' title='bbox 119 2060 339 2114; x_wconf 89' lang='lat' dir='ltr'><strong>illicitis</strong></span> <span class='ocrx_word' id='word_1_183' title='bbox 388 2060 772 2129; x_wconf 81' lang='lat' dir='ltr'><strong>complexibus</strong></span> <span class='ocrx_word' id='word_1_184' title='bbox 829 2060 1006 2113; x_wconf 89' lang='lat' dir='ltr'><strong>libere</strong></span> <span class='ocrx_word' id='word_1_185' title='bbox 1079 2060 1231 2112; x_wconf 82' lang='lat' dir='ltr'><strong>ﬁlios</strong></span> <span class='ocrx_word' id='word_1_186' title='bbox 1290 2065 1768 2130; x_wconf 87' lang='lat' dir='ltr'><strong>procreaverunt,</strong></span> <span class='ocrx_word' id='word_1_187' title='bbox 1803 2076 1836 2113; x_wconf 91' lang='lat' dir='ltr'><strong>a</strong></span> 
     </span>
    </p>
   </div>
   <div class='ocr_carea' id='block_1_24' title="bbox 125 2148 1839 2219">
    <p class='ocr_par' dir='ltr' id='par_1_24' title="bbox 125 2148 1839 2219">
     <span class='ocr_line' id='line_1_24' title="bbox 125 2148 1839 2219; baseline -0.001 -17"><span class='ocrx_word' id='word_1_188' title='bbox 125 2149 599 2202; x_wconf 84' lang='lat' dir='ltr'><strong>monasteriorum</strong></span> <span class='ocrx_word' id='word_1_189' title='bbox 673 2154 822 2202; x_wconf 71' lang='lat' dir='ltr'><strong>coetu</strong></span> <span class='ocrx_word' id='word_1_190' title='bbox 889 2148 1377 2219; x_wconf 86' lang='lat' dir='ltr'><strong>ecclesiarumque</strong></span> <span class='ocrx_word' id='word_1_191' title='bbox 1456 2150 1839 2203; x_wconf 83' lang='lat' dir='ltr'><strong>conventibus</strong></span> 
     </span>
    </p>
   </div>
   <div class='ocr_carea' id='block_1_25' title="bbox 125 2237 1840 2307">
    <p class='ocr_par' dir='ltr' id='par_1_25' title="bbox 125 2237 1840 2307">
     <span class='ocr_line' id='line_1_25' title="bbox 125 2237 1840 2307; baseline 0 -18"><span class='ocrx_word' id='word_1_192' title='bbox 125 2237 504 2290; x_wconf 90' lang='lat' dir='ltr'><strong>eliminandas</strong></span> <span class='ocrx_word' id='word_1_193' title='bbox 547 2254 666 2289; x_wconf 90' lang='lat' dir='ltr'><strong>esse</strong></span> <span class='ocrx_word' id='word_1_194' title='bbox 709 2238 1069 2303; x_wconf 86' lang='lat' dir='ltr'><strong>mandamus,</strong></span> <span class='ocrx_word' id='word_1_195' title='bbox 1138 2242 1426 2307; x_wconf 86' lang='lat' dir='ltr'><strong>quatenus</strong></span> <span class='ocrx_word' id='word_1_196' title='bbox 1485 2244 1725 2292; x_wconf 72' lang='lat' dir='ltr'><strong>retrusze</strong></span> <span class='ocrx_word' id='word_1_197' title='bbox 1778 2237 1840 2290; x_wconf 85' lang='lat' dir='ltr'><strong>in</strong></span> 
     </span>
    </p>
   </div>
   <div class='ocr_carea' id='block_1_26' title="bbox 126 2325 1840 2394">
    <p class='ocr_par' dir='ltr' id='par_1_26' title="bbox 126 2325 1840 2394">
     <span class='ocr_line' id='line_1_26' title="bbox 126 2325 1840 2394; baseline 0.001 -16"><span class='ocrx_word' id='word_1_198' title='bbox 126 2327 245 2378; x_wconf 87' lang='lat' dir='ltr'><strong>suis</strong></span> <span class='ocrx_word' id='word_1_199' title='bbox 300 2325 616 2394; x_wconf 83' lang='lat' dir='ltr'><strong>ergastulis,</strong></span> <span class='ocrx_word' id='word_1_200' title='bbox 674 2331 898 2379; x_wconf 90' lang='lat' dir='ltr'><strong>tantum</strong></span> <span class='ocrx_word' id='word_1_201' title='bbox 948 2326 1164 2379; x_wconf 83' lang='lat' dir='ltr'><strong>facinus</strong></span> <span class='ocrx_word' id='word_1_202' title='bbox 1226 2328 1502 2382; x_wconf 88' lang='lat' dir='ltr'><strong>continua</strong></span> <span class='ocrx_word' id='word_1_203' title='bbox 1559 2329 1840 2381; x_wconf 87' lang='lat' dir='ltr'><strong>lamenta-</strong></span> 
     </span>
    </p>
   </div>
   <div class='ocr_carea' id='block_1_27' title="bbox 126 2412 1840 2487">
    <p class='ocr_par' dir='ltr' id='par_1_27' title="bbox 126 2412 1840 2487">
     <span class='ocr_line' id='line_1_27' title="bbox 126 2412 1840 2487; baseline 0.001 -21"><span class='ocrx_word' id='word_1_204' title='bbox 126 2414 287 2466; x_wconf 87' lang='lat' dir='ltr'><strong>tione</strong></span> <span class='ocrx_word' id='word_1_205' title='bbox 346 2412 636 2478; x_wconf 87' lang='lat' dir='ltr'><strong>deﬂentes,</strong></span> <span class='ocrx_word' id='word_1_206' title='bbox 693 2414 1084 2483; x_wconf 82' lang='lat' dir='ltr'><strong>purificatorio</strong></span> <span class='ocrx_word' id='word_1_207' title='bbox 1146 2415 1367 2484; x_wconf 87' lang='lat' dir='ltr'><strong>possint</strong></span> <span class='ocrx_word' id='word_1_208' title='bbox 1454 2414 1840 2487; x_wconf 87' lang='lat' dir='ltr'><strong>plenitudinis</strong></span> 
     </span>
    </p>
   </div>
   <div class='ocr_carea' id='block_1_28' title="bbox 124 2500 1840 2569">
    <p class='ocr_par' dir='ltr' id='par_1_28' title="bbox 124 2500 1840 2569">
     <span class='ocr_line' id='line_1_28' title="bbox 124 2500 1840 2569; baseline 0.001 -17"><span class='ocrx_word' id='word_1_209' title='bbox 124 2501 265 2569; x_wconf 89' lang='lat' dir='ltr'><strong>igne</strong></span> <span class='ocrx_word' id='word_1_210' title='bbox 306 2500 562 2569; x_wconf 83' lang='lat' dir='ltr'><strong>decoqui,</strong></span> <span class='ocrx_word' id='word_1_211' title='bbox 610 2501 669 2554; x_wconf 91' lang='lat' dir='ltr'><strong>in</strong></span> <span class='ocrx_word' id='word_1_212' title='bbox 718 2500 800 2553; x_wconf 89' lang='lat' dir='ltr'><strong>eis</strong></span> <span class='ocrx_word' id='word_1_213' title='bbox 844 2502 931 2554; x_wconf 89' lang='lat' dir='ltr'><strong>vel</strong></span> <span class='ocrx_word' id='word_1_214' title='bbox 976 2501 1048 2554; x_wconf 87' lang='lat' dir='ltr'><strong>ad</strong></span> <span class='ocrx_word' id='word_1_215' title='bbox 1096 2508 1342 2556; x_wconf 90' lang='lat' dir='ltr'><strong>mortem</strong></span> <span class='ocrx_word' id='word_1_216' title='bbox 1398 2505 1600 2557; x_wconf 82' lang='lat' dir='ltr'><strong>saltem</strong></span> <span class='ocrx_word' id='word_1_217' title='bbox 1658 2503 1840 2557; x_wconf 82' lang='lat' dir='ltr'><strong>solius</strong></span> 
     </span>
    </p>
   </div>
   <div class='ocr_carea' id='block_1_29' title="bbox 126 2587 1839 2663">
    <p class='ocr_par' dir='ltr' id='par_1_29' title="bbox 126 2587 1839 2663">
     <span class='ocr_line' id='line_1_29' title="bbox 126 2587 1839 2663; baseline 0.002 -22"><span class='ocrx_word' id='word_1_218' title='bbox 126 2587 535 2643; x_wconf 70' lang='lat' dir='ltr'><strong>misericordiae</strong></span> <span class='ocrx_word' id='word_1_219' title='bbox 563 2589 772 2643; x_wconf 85' lang='lat' dir='ltr'><strong>intuitu</strong></span> <span class='ocrx_word' id='word_1_220' title='bbox 806 2606 910 2660; x_wconf 91' lang='lat' dir='ltr'><strong>per</strong></span> <span class='ocrx_word' id='word_1_221' title='bbox 924 2591 1351 2645; x_wconf 87' lang='lat' dir='ltr'><strong>communionis</strong></span> <span class='ocrx_word' id='word_1_222' title='bbox 1374 2593 1617 2663; x_wconf 88' lang='lat' dir='ltr'><strong>gratiam</strong></span> <span class='ocrx_word' id='word_1_223' title='bbox 1651 2591 1839 2662; x_wconf 88' lang='lat' dir='ltr'><strong>possit</strong></span> 
     </span>
    </p>
   </div>
   <div class='ocr_carea' id='block_1_30' title="bbox 127 2675 448 2729">
    <p class='ocr_par' dir='ltr' id='par_1_30' title="bbox 127 2675 448 2729">
     <span class='ocr_line' id='line_1_30' title="bbox 127 2675 448 2729; baseline 0.003 -1"><span class='ocrx_word' id='word_1_224' title='bbox 127 2675 448 2729; x_wconf 82' lang='lat' dir='ltr'><strong>subveniri.</strong></span> 
     </span>
    </p>
   </div>
   <div class='ocr_carea' id='block_1_31' title="bbox 131 2765 1843 2839">
    <p class='ocr_par' dir='ltr' id='par_1_31' title="bbox 131 2765 1843 2839">
     <span class='ocr_line' id='line_1_31' title="bbox 131 2765 1843 2839; baseline 0.002 -20"><span class='ocrx_word' id='word_1_225' title='bbox 131 2765 261 2819; x_wconf 73' lang='lat' dir='ltr'><strong>CAP.</strong></span> <span class='ocrx_word' id='word_1_226' title='bbox 302 2765 445 2819; x_wconf 86' lang='lat' dir='ltr'><strong>XXX.</strong></span> <span class='ocrx_word' id='word_1_227' title='bbox 496 2794 567 2806; x_wconf 96' lang='lat'><strong>—</strong></span> <span class='ocrx_word' id='word_1_228' title='bbox 601 2768 669 2821; x_wconf 88' lang='lat' dir='ltr'><strong>Ut</strong></span> <span class='ocrx_word' id='word_1_229' title='bbox 705 2781 811 2821; x_wconf 88' lang='lat' dir='ltr'><strong>non</strong></span> <span class='ocrx_word' id='word_1_230' title='bbox 835 2767 992 2820; x_wconf 88' lang='lat' dir='ltr'><strong>liceat</strong></span> <span class='ocrx_word' id='word_1_231' title='bbox 1021 2770 1127 2824; x_wconf 88' lang='lat' dir='ltr'><strong>Deo</strong></span> <span class='ocrx_word' id='word_1_232' title='bbox 1155 2772 1387 2824; x_wconf 86' lang='lat' dir='ltr'><strong>sacratis</strong></span> <span class='ocrx_word' id='word_1_233' title='bbox 1412 2771 1690 2839; x_wconf 81' lang='lat' dir='ltr'><strong>nuptialia</strong></span> <span class='ocrx_word' id='word_1_234' title='bbox 1703 2770 1843 2838; x_wconf 80' lang='lat' dir='ltr'><strong>jura</strong></span> 
     </span>
    </p>
   </div>
   <div class='ocr_carea' id='block_1_32' title="bbox 808 2838 1143 2892">
    <p class='ocr_par' dir='ltr' id='par_1_32' title="bbox 808 2838 1143 2892">
     <span class='ocr_line' id='line_1_32' title="bbox 808 2838 1143 2892; baseline 0.003 -1"><span class='ocrx_word' id='word_1_235' title='bbox 808 2838 1143 2892; x_wconf 85' lang='lat' dir='ltr'><strong>contrahere.</strong></span> 
     </span>
    </p>
   </div>
   <div class='ocr_carea' id='block_1_33' title="bbox 2017 1106 3655 1183">
    <p class='ocr_par' dir='ltr' id='par_1_33' title="bbox 2017 1106 3655 1183">
     <span class='ocr_line' id='line_1_33' title="bbox 2017 1106 3655 1183; baseline 0.007 -24"><span class='ocrx_word' id='word_1_236' title='bbox 2017 1108 2129 1173; x_wconf 79' lang='lat' dir='ltr'><strong>(Ea:</strong></span> <span class='ocrx_word' id='word_1_237' title='bbox 2154 1106 2299 1160; x_wconf 85' lang='lat' dir='ltr'><strong>decr.</strong></span> <span class='ocrx_word' id='word_1_238' title='bbox 2354 1109 2560 1164; x_wconf 87' lang='lat' dir='ltr'><strong>Gelasii</strong></span> <span class='ocrx_word' id='word_1_239' title='bbox 2614 1126 2795 1180; x_wconf 72' lang='lat' dir='ltr'><strong>papae,</strong></span> <span class='ocrx_word' id='word_1_240' title='bbox 2840 1116 3017 1181; x_wconf 84' lang='lat' dir='ltr'><strong>capite</strong></span> <span class='ocrx_word' id='word_1_241' title='bbox 3046 1113 3159 1183; x_wconf 82' lang='lat'><strong>&#39;21.)</strong></span> <span class='ocrx_word' id='word_1_242' title='bbox 3199 1114 3339 1169; x_wconf 83' lang='lat' dir='ltr'><strong>Nam</strong></span> <span class='ocrx_word' id='word_1_243' title='bbox 3367 1115 3435 1169; x_wconf 91' lang='lat' dir='ltr'><strong>de</strong></span> <span class='ocrx_word' id='word_1_244' title='bbox 3469 1116 3655 1171; x_wconf 89' lang='lat' dir='ltr'><strong>viduis</strong></span> 
     </span>
    </p>
   </div>
   <div class='ocr_carea' id='block_1_34' title="bbox 1943 1195 3655 1272">
    <p class='ocr_par' dir='ltr' id='par_1_34' title="bbox 1943 1195 3655 1272">
     <span class='ocr_line' id='line_1_34' title="bbox 1943 1195 3655 1272; baseline 0.008 -25"><span class='ocrx_word' id='word_1_245' title='bbox 1943 1195 2052 1248; x_wconf 88' lang='lat' dir='ltr'><strong>sub</strong></span> <span class='ocrx_word' id='word_1_246' title='bbox 2101 1195 2263 1249; x_wconf 89' lang='lat' dir='ltr'><strong>nulla</strong></span> <span class='ocrx_word' id='word_1_247' title='bbox 2343 1196 2742 1253; x_wconf 88' lang='lat' dir='ltr'><strong>benedictione</strong></span> <span class='ocrx_word' id='word_1_248' title='bbox 2836 1201 3111 1262; x_wconf 86' lang='lat' dir='ltr'><strong>velandis,</strong></span> <span class='ocrx_word' id='word_1_249' title='bbox 3174 1204 3438 1272; x_wconf 88' lang='lat' dir='ltr'><strong>superius</strong></span> <span class='ocrx_word' id='word_1_250' title='bbox 3483 1206 3655 1260; x_wconf 87' lang='lat' dir='ltr'><strong>latius</strong></span> 
     </span>
    </p>
   </div>
   <div class='ocr_carea' id='block_1_35' title="bbox 1945 1282 3653 1362">
    <p class='ocr_par' dir='ltr' id='par_1_35' title="bbox 1945 1282 3653 1362">
     <span class='ocr_line' id='line_1_35' title="bbox 1945 1282 3653 1362; baseline 0.008 -27"><span class='ocrx_word' id='word_1_251' title='bbox 1945 1282 2220 1336; x_wconf 86' lang='lat' dir='ltr'><strong>duximus</strong></span> <span class='ocrx_word' id='word_1_252' title='bbox 2280 1284 2696 1341; x_wconf 89' lang='lat' dir='ltr'><strong>disserendum.</strong></span> <span class='ocrx_word' id='word_1_253' title='bbox 2772 1288 2908 1352; x_wconf 67' lang='lat' dir='ltr'><strong>Quae</strong></span> <span class='ocrx_word' id='word_1_254' title='bbox 2965 1290 3012 1342; x_wconf 92' lang='lat' dir='ltr'><strong>si</strong></span> <span class='ocrx_word' id='word_1_255' title='bbox 3077 1292 3309 1362; x_wconf 86' lang='lat' dir='ltr'><strong>prOpria</strong></span> <span class='ocrx_word' id='word_1_256' title='bbox 3364 1294 3653 1348; x_wconf 87' lang='lat' dir='ltr'><strong>voluntate</strong></span> 
     </span>
    </p>
   </div>
   <div class='ocr_carea' id='block_1_36' title="bbox 1945 1368 3654 1444">
    <p class='ocr_par' dir='ltr' id='par_1_36' title="bbox 1945 1368 3654 1444">
     <span class='ocr_line' id='line_1_36' title="bbox 1945 1368 3654 1444; baseline 0.01 -26"><span class='ocrx_word' id='word_1_257' title='bbox 1945 1368 2263 1437; x_wconf 78' lang='lat' dir='ltr'><strong>professam</strong></span> <span class='ocrx_word' id='word_1_258' title='bbox 2296 1372 2798 1444; x_wconf 88' lang='lat' dir='ltr'><strong>pristiniconjugii</strong></span> <span class='ocrx_word' id='word_1_259' title='bbox 2818 1377 3140 1430; x_wconf 87' lang='lat' dir='ltr'><strong>castitatem</strong></span> <span class='ocrx_word' id='word_1_260' title='bbox 3172 1380 3435 1433; x_wconf 91' lang='lat' dir='ltr'><strong>mutabili</strong></span> <span class='ocrx_word' id='word_1_261' title='bbox 3461 1388 3654 1436; x_wconf 88' lang='lat' dir='ltr'><strong>mente</strong></span> 
     </span>
    </p>
   </div>
   <div class='ocr_carea' id='block_1_37' title="bbox 1945 1455 3653 1535">
    <p class='ocr_par' dir='ltr' id='par_1_37' title="bbox 1945 1455 3653 1535">
     <span class='ocr_line' id='line_1_37' title="bbox 1945 1455 3653 1535; baseline 0.009 -29"><span class='ocrx_word' id='word_1_262' title='bbox 1945 1455 2332 1525; x_wconf 81' lang='lat' dir='ltr'><strong>calcaVerunt,</strong></span> <span class='ocrx_word' id='word_1_263' title='bbox 2391 1460 2634 1528; x_wconf 88' lang='lat' dir='ltr'><strong>periculi</strong></span> <span class='ocrx_word' id='word_1_264' title='bbox 2683 1477 2878 1515; x_wconf 89' lang='lat' dir='ltr'><strong>earum</strong></span> <span class='ocrx_word' id='word_1_265' title='bbox 2934 1462 3215 1530; x_wconf 90' lang='lat' dir='ltr'><strong>intererit,</strong></span> <span class='ocrx_word' id='word_1_266' title='bbox 3269 1466 3425 1535; x_wconf 88' lang='lat' dir='ltr'><strong>quali</strong></span> <span class='ocrx_word' id='word_1_267' title='bbox 3475 1468 3653 1522; x_wconf 87' lang='lat' dir='ltr'><strong>Deum</strong></span> 
     </span>
    </p>
   </div>
   <div class='ocr_carea' id='block_1_38' title="bbox 1948 1543 3653 1619">
    <p class='ocr_par' dir='ltr' id='par_1_38' title="bbox 1948 1543 3653 1619">
     <span class='ocr_line' id='line_1_38' title="bbox 1948 1543 3653 1619; baseline 0.008 -23"><span class='ocrx_word' id='word_1_268' title='bbox 1948 1543 2195 1598; x_wconf 89' lang='lat' dir='ltr'><strong>debeant</strong></span> <span class='ocrx_word' id='word_1_269' title='bbox 2234 1547 2619 1607; x_wconf 76' lang='lat' dir='ltr'><strong>satisfactione</strong></span> <span class='ocrx_word' id='word_1_270' title='bbox 2661 1550 2909 1619; x_wconf 84' lang='lat' dir='ltr'><strong>placare.</strong></span> <span class='ocrx_word' id='word_1_271' title='bbox 2958 1551 3114 1605; x_wconf 89' lang='lat' dir='ltr'><strong>Sicut</strong></span> <span class='ocrx_word' id='word_1_272' title='bbox 3143 1553 3294 1607; x_wconf 90' lang='lat' dir='ltr'><strong>enim</strong></span> <span class='ocrx_word' id='word_1_273' title='bbox 3343 1555 3389 1607; x_wconf 92' lang='lat' dir='ltr'><strong>si</strong></span> <span class='ocrx_word' id='word_1_274' title='bbox 3435 1572 3495 1609; x_wconf 89' lang='lat' dir='ltr'><strong>se</strong></span> <span class='ocrx_word' id='word_1_275' title='bbox 3539 1557 3653 1610; x_wconf 82' lang='lat' dir='ltr'><strong>for-</strong></span> 
     </span>
    </p>
   </div>
   <div class='ocr_carea' id='block_1_39' title="bbox 1949 1632 3652 1711">
    <p class='ocr_par' dir='ltr' id='par_1_39' title="bbox 1949 1632 3652 1711">
     <span class='ocr_line' id='line_1_39' title="bbox 1949 1632 3652 1711; baseline 0.008 -26"><span class='ocrx_word' id='word_1_276' title='bbox 1949 1632 2101 1687; x_wconf 88' lang='lat' dir='ltr'><strong>sitan</strong></span> <span class='ocrx_word' id='word_1_277' title='bbox 2128 1636 2420 1690; x_wconf 90' lang='lat' dir='ltr'><strong>continere</strong></span> <span class='ocrx_word' id='word_1_278' title='bbox 2451 1652 2568 1690; x_wconf 91' lang='lat' dir='ltr'><strong>non</strong></span> <span class='ocrx_word' id='word_1_279' title='bbox 2616 1644 2885 1707; x_wconf 87' lang='lat' dir='ltr'><strong>poterant</strong></span> <span class='ocrx_word' id='word_1_280' title='bbox 2932 1641 3249 1694; x_wconf 90' lang='lat' dir='ltr'><strong>secundum</strong></span> <span class='ocrx_word' id='word_1_281' title='bbox 3289 1644 3652 1711; x_wconf 87' lang='lat' dir='ltr'><strong>Apostolum,</strong></span> 
     </span>
    </p>
   </div>
   <div class='ocr_carea' id='block_1_40' title="bbox 1950 1722 3655 1793">
    <p class='ocr_par' dir='ltr' id='par_1_40' title="bbox 1950 1722 3655 1793">
     <span class='ocr_line' id='line_1_40' title="bbox 1950 1722 3655 1793; baseline 0.008 -20"><span class='ocrx_word' id='word_1_282' title='bbox 1950 1722 2277 1777; x_wconf 87' lang='lat' dir='ltr'><strong>nullatenus</strong></span> <span class='ocrx_word' id='word_1_283' title='bbox 2306 1726 2522 1779; x_wconf 90' lang='lat' dir='ltr'><strong>nubere</strong></span> <span class='ocrx_word' id='word_1_284' title='bbox 2557 1726 2917 1793; x_wconf 87' lang='lat' dir='ltr'><strong>vetabantur,</strong></span> <span class='ocrx_word' id='word_1_285' title='bbox 2949 1727 3028 1781; x_wconf 88' lang='lat' dir='ltr'><strong>sic</strong></span> <span class='ocrx_word' id='word_1_286' title='bbox 3065 1728 3259 1783; x_wconf 85' lang='lat' dir='ltr'><strong>habita</strong></span> <span class='ocrx_word' id='word_1_287' title='bbox 3300 1746 3493 1784; x_wconf 90' lang='lat' dir='ltr'><strong>secum</strong></span> <span class='ocrx_word' id='word_1_288' title='bbox 3553 1732 3655 1786; x_wconf 91' lang='lat' dir='ltr'><strong>de-</strong></span> 
     </span>
    </p>
   </div>
   <div class='ocr_carea' id='block_1_41' title="bbox 1948 1807 3655 1886">
    <p class='ocr_par' dir='ltr' id='par_1_41' title="bbox 1948 1807 3655 1886">
     <span class='ocr_line' id='line_1_41' title="bbox 1948 1807 3655 1886; baseline 0.008 -25"><span class='ocrx_word' id='word_1_289' title='bbox 1948 1807 2309 1879; x_wconf 86' lang='lat' dir='ltr'><strong>liberatione,</strong></span> <span class='ocrx_word' id='word_1_290' title='bbox 2340 1812 2684 1883; x_wconf 88' lang='lat' dir='ltr'><strong>promissam</strong></span> <span class='ocrx_word' id='word_1_291' title='bbox 2735 1817 2848 1869; x_wconf 93' lang='lat' dir='ltr'><strong>Deo</strong></span> <span class='ocrx_word' id='word_1_292' title='bbox 2889 1816 3179 1886; x_wconf 76' lang='lat' dir='ltr'><strong>pudicitize</strong></span> <span class='ocrx_word' id='word_1_293' title='bbox 3233 1819 3655 1873; x_wconf 84' lang='lat' dir='ltr'><strong>tidemdebue-</strong></span> 
     </span>
    </p>
   </div>
   <div class='ocr_carea' id='block_1_42' title="bbox 1949 1900 3656 1977">
    <p class='ocr_par' dir='ltr' id='par_1_42' title="bbox 1949 1900 3656 1977">
     <span class='ocr_line' id='line_1_42' title="bbox 1949 1900 3656 1977; baseline 0.006 -27"><span class='ocrx_word' id='word_1_294' title='bbox 1949 1903 2084 1951; x_wconf 88' lang='lat' dir='ltr'><strong>runt</strong></span> <span class='ocrx_word' id='word_1_295' title='bbox 2115 1900 2423 1954; x_wconf 89' lang='lat' dir='ltr'><strong>custodire.</strong></span> <span class='ocrx_word' id='word_1_296' title='bbox 2456 1902 2568 1954; x_wconf 88' lang='lat' dir='ltr'><strong>Nos</strong></span> <span class='ocrx_word' id='word_1_297' title='bbox 2611 1906 2805 1956; x_wconf 89' lang='lat' dir='ltr'><strong>autem</strong></span> <span class='ocrx_word' id='word_1_298' title='bbox 2836 1903 3059 1957; x_wconf 89' lang='lat' dir='ltr'><strong>nullum</strong></span> <span class='ocrx_word' id='word_1_299' title='bbox 3116 1904 3323 1959; x_wconf 88' lang='lat' dir='ltr'><strong>talibus</strong></span> <span class='ocrx_word' id='word_1_300' title='bbox 3382 1908 3656 1977; x_wconf 89' lang='lat' dir='ltr'><strong>laqueum</strong></span> 
     </span>
    </p>
   </div>
   <div class='ocr_carea' id='block_1_43' title="bbox 1947 1984 3657 2064">
    <p class='ocr_par' dir='ltr' id='par_1_43' title="bbox 1947 1984 3657 2064">
     <span class='ocr_line' id='line_1_43' title="bbox 1947 1984 3657 2064; baseline 0.006 -26"><span class='ocrx_word' id='word_1_301' title='bbox 1947 1984 2223 2040; x_wconf 90' lang='lat' dir='ltr'><strong>debemus</strong></span> <span class='ocrx_word' id='word_1_302' title='bbox 2272 1989 2528 2058; x_wconf 83' lang='lat' dir='ltr'><strong>injicere,</strong></span> <span class='ocrx_word' id='word_1_303' title='bbox 2580 1990 2679 2043; x_wconf 88' lang='lat' dir='ltr'><strong>sed</strong></span> <span class='ocrx_word' id='word_1_304' title='bbox 2743 1991 2893 2044; x_wconf 85' lang='lat' dir='ltr'><strong>solas</strong></span> <span class='ocrx_word' id='word_1_305' title='bbox 2937 1993 3365 2048; x_wconf 90' lang='lat' dir='ltr'><strong>adhortationes</strong></span> <span class='ocrx_word' id='word_1_306' title='bbox 3432 1996 3657 2064; x_wconf 67' lang='lat' dir='ltr'><strong>prazmii</strong></span> 
     </span>
    </p>
   </div>
   <div class='ocr_carea' id='block_1_44' title="bbox 1947 2076 3656 2151">
    <p class='ocr_par' dir='ltr' id='par_1_44' title="bbox 1947 2076 3656 2151">
     <span class='ocr_line' id='line_1_44' title="bbox 1947 2076 3656 2151; baseline 0.006 -25"><span class='ocrx_word' id='word_1_307' title='bbox 1947 2076 2305 2144; x_wconf 89' lang='lat' dir='ltr'><strong>sempiterni,</strong></span> <span class='ocrx_word' id='word_1_308' title='bbox 2356 2093 2666 2147; x_wconf 66' lang='lat' dir='ltr'><strong>pinnasque</strong></span> <span class='ocrx_word' id='word_1_309' title='bbox 2719 2094 3043 2149; x_wconf 87' lang='lat' dir='ltr'><strong>proponere</strong></span> <span class='ocrx_word' id='word_1_310' title='bbox 3112 2081 3290 2135; x_wconf 89' lang='lat' dir='ltr'><strong>divini</strong></span> <span class='ocrx_word' id='word_1_311' title='bbox 3321 2082 3546 2151; x_wconf 85' lang='lat' dir='ltr'><strong>judicii,</strong></span> <span class='ocrx_word' id='word_1_312' title='bbox 3594 2088 3656 2135; x_wconf 90' lang='lat' dir='ltr'><strong>ut</strong></span> 
     </span>
    </p>
   </div>
   <div class='ocr_carea' id='block_1_45' title="bbox 1948 2165 3654 2241">
    <p class='ocr_par' dir='ltr' id='par_1_45' title="bbox 1948 2165 3654 2241">
     <span class='ocr_line' id='line_1_45' title="bbox 1948 2165 3654 2241; baseline 0.005 -27"><span class='ocrx_word' id='word_1_313' title='bbox 1948 2170 2144 2217; x_wconf 87' lang='lat' dir='ltr'><strong>nostra</strong></span> <span class='ocrx_word' id='word_1_314' title='bbox 2193 2165 2265 2218; x_wconf 89' lang='lat' dir='ltr'><strong>sit</strong></span> <span class='ocrx_word' id='word_1_315' title='bbox 2314 2165 2577 2218; x_wconf 88' lang='lat' dir='ltr'><strong>absoluta</strong></span> <span class='ocrx_word' id='word_1_316' title='bbox 2624 2166 2990 2235; x_wconf 88' lang='lat' dir='ltr'><strong>conscientia,</strong></span> <span class='ocrx_word' id='word_1_317' title='bbox 3053 2174 3110 2223; x_wconf 92' lang='lat' dir='ltr'><strong>et</strong></span> <span class='ocrx_word' id='word_1_318' title='bbox 3155 2170 3388 2223; x_wconf 90' lang='lat' dir='ltr'><strong>illarum</strong></span> <span class='ocrx_word' id='word_1_319' title='bbox 3441 2187 3546 2241; x_wconf 91' lang='lat' dir='ltr'><strong>pro</strong></span> <span class='ocrx_word' id='word_1_320' title='bbox 3596 2188 3654 2223; x_wconf 86' lang='lat' dir='ltr'><strong>se</strong></span> 
     </span>
    </p>
   </div>
   <div class='ocr_carea' id='block_1_46' title="bbox 1948 2251 3653 2329">
    <p class='ocr_par' dir='ltr' id='par_1_46' title="bbox 1948 2251 3653 2329">
     <span class='ocr_line' id='line_1_46' title="bbox 1948 2251 3653 2329; baseline 0.005 -26"><span class='ocrx_word' id='word_1_321' title='bbox 1948 2251 2235 2306; x_wconf 86' lang='lat' dir='ltr'><strong>rationem</strong></span> <span class='ocrx_word' id='word_1_322' title='bbox 2287 2255 2402 2307; x_wconf 87' lang='lat' dir='ltr'><strong>Deo</strong></span> <span class='ocrx_word' id='word_1_323' title='bbox 2452 2253 2653 2307; x_wconf 89' lang='lat' dir='ltr'><strong>reddat</strong></span> <span class='ocrx_word' id='word_1_324' title='bbox 2720 2255 2982 2311; x_wconf 89' lang='lat' dir='ltr'><strong>intentio.</strong></span> <span class='ocrx_word' id='word_1_325' title='bbox 3058 2258 3385 2313; x_wconf 87' lang='lat' dir='ltr'><strong>Cavendum</strong></span> <span class='ocrx_word' id='word_1_326' title='bbox 3436 2259 3653 2329; x_wconf 89' lang='lat' dir='ltr'><strong>quippe</strong></span> 
     </span>
    </p>
   </div>
   <div class='ocr_carea' id='block_1_47' title="bbox 1950 2342 3653 2417">
    <p class='ocr_par' dir='ltr' id='par_1_47' title="bbox 1950 2342 3653 2417">
     <span class='ocr_line' id='line_1_47' title="bbox 1950 2342 3653 2417; baseline 0.004 -24"><span class='ocrx_word' id='word_1_327' title='bbox 1950 2345 2034 2393; x_wconf 91' lang='lat' dir='ltr'><strong>est</strong></span> <span class='ocrx_word' id='word_1_328' title='bbox 2097 2342 2252 2411; x_wconf 91' lang='lat' dir='ltr'><strong>quod</strong></span> <span class='ocrx_word' id='word_1_329' title='bbox 2317 2342 2386 2396; x_wconf 90' lang='lat' dir='ltr'><strong>de</strong></span> <span class='ocrx_word' id='word_1_330' title='bbox 2452 2358 2648 2396; x_wconf 88' lang='lat' dir='ltr'><strong>earum</strong></span> <span class='ocrx_word' id='word_1_331' title='bbox 2717 2345 2977 2398; x_wconf 90' lang='lat' dir='ltr'><strong>moribus</strong></span> <span class='ocrx_word' id='word_1_332' title='bbox 3042 2346 3377 2417; x_wconf 89' lang='lat' dir='ltr'><strong>actibusque</strong></span> <span class='ocrx_word' id='word_1_333' title='bbox 3451 2347 3653 2400; x_wconf 88' lang='lat' dir='ltr'><strong>beatus</strong></span> 
     </span>
    </p>
   </div>
   <div class='ocr_carea' id='block_1_48' title="bbox 1951 2430 3653 2506">
    <p class='ocr_par' dir='ltr' id='par_1_48' title="bbox 1951 2430 3653 2506">
     <span class='ocr_line' id='line_1_48' title="bbox 1951 2430 3653 2506; baseline 0.005 -25"><span class='ocrx_word' id='word_1_334' title='bbox 1951 2430 2162 2482; x_wconf 84' lang='lat' dir='ltr'><strong>Paulus</strong></span> <span class='ocrx_word' id='word_1_335' title='bbox 2204 2436 2446 2484; x_wconf 86' lang='lat' dir='ltr'><strong>testatur</strong></span> <span class='ocrx_word' id='word_1_336' title='bbox 2501 2434 2813 2501; x_wconf 89' lang='lat' dir='ltr'><strong>apostolus,</strong></span> <span class='ocrx_word' id='word_1_337' title='bbox 2871 2435 3024 2504; x_wconf 91' lang='lat' dir='ltr'><strong>quod</strong></span> <span class='ocrx_word' id='word_1_338' title='bbox 3080 2435 3309 2506; x_wconf 86' lang='lat' dir='ltr'><strong>planius</strong></span> <span class='ocrx_word' id='word_1_339' title='bbox 3368 2450 3653 2504; x_wconf 80' lang='lat' dir='ltr'><strong>exponere</strong></span> 
     </span>
    </p>
   </div>
   <div class='ocr_carea' id='block_1_49' title="bbox 1949 2520 3654 2588">
    <p class='ocr_par' dir='ltr' id='par_1_49' title="bbox 1949 2520 3654 2588">
     <span class='ocr_line' id='line_1_49' title="bbox 1949 2520 3654 2588; baseline 0.004 -17"><span class='ocrx_word' id='word_1_340' title='bbox 1949 2520 2337 2588; x_wconf 81' lang='lat' dir='ltr'><strong>praeterimus,</strong></span> <span class='ocrx_word' id='word_1_341' title='bbox 2373 2537 2441 2573; x_wconf 89' lang='lat' dir='ltr'><strong>ne</strong></span> <span class='ocrx_word' id='word_1_342' title='bbox 2482 2538 2644 2575; x_wconf 85' lang='lat' dir='ltr'><strong>sexus</strong></span> <span class='ocrx_word' id='word_1_343' title='bbox 2685 2523 2969 2578; x_wconf 89' lang='lat' dir='ltr'><strong>instabilis</strong></span> <span class='ocrx_word' id='word_1_344' title='bbox 3021 2542 3138 2579; x_wconf 91' lang='lat' dir='ltr'><strong>non</strong></span> <span class='ocrx_word' id='word_1_345' title='bbox 3197 2531 3315 2579; x_wconf 90' lang='lat' dir='ltr'><strong>tam</strong></span> <span class='ocrx_word' id='word_1_346' title='bbox 3378 2524 3654 2579; x_wconf 89' lang='lat' dir='ltr'><strong>deterreri</strong></span> 
     </span>
    </p>
   </div>
   <div class='ocr_carea' id='block_1_50' title="bbox 1952 2608 2768 2679">
    <p class='ocr_par' dir='ltr' id='par_1_50' title="bbox 1952 2608 2768 2679">
     <span class='ocr_line' id='line_1_50' title="bbox 1952 2608 2768 2679; baseline 0.005 -18"><span class='ocrx_word' id='word_1_347' title='bbox 1952 2624 2125 2679; x_wconf 90' lang='lat' dir='ltr'><strong>quam</strong></span> <span class='ocrx_word' id='word_1_348' title='bbox 2155 2608 2459 2662; x_wconf 90' lang='lat' dir='ltr'><strong>admoneri</strong></span> <span class='ocrx_word' id='word_1_349' title='bbox 2490 2610 2768 2665; x_wconf 88' lang='lat' dir='ltr'><strong>videatur.</strong></span> 
     </span>
    </p>
   </div>
   <div class='ocr_carea' id='block_1_51' title="bbox 1930 2697 3651 2769">
    <p class='ocr_par' dir='ltr' id='par_1_51' title="bbox 1930 2697 3651 2769">
     <span class='ocr_line' id='line_1_51' title="bbox 1930 2697 3651 2769; baseline 0.003 -18"><span class='ocrx_word' id='word_1_350' title='bbox 1930 2729 1941 2740; x_wconf 68' lang='grc' dir='ltr'><em>υ</em></span> <span class='ocrx_word' id='word_1_351' title='bbox 2021 2697 2146 2751; x_wconf 78' lang='lat' dir='ltr'><strong>CAP.</strong></span> <span class='ocrx_word' id='word_1_352' title='bbox 2186 2697 2390 2752; x_wconf 84' lang='lat' dir='ltr'><strong>XXXV.</strong></span> <span class='ocrx_word' id='word_1_353' title='bbox 2442 2728 2510 2738; x_wconf 94' lang='lat'><strong><em>—</em></strong></span> <span class='ocrx_word' id='word_1_354' title='bbox 2538 2702 2613 2753; x_wconf 89' lang='lat' dir='ltr'><strong>De</strong></span> <span class='ocrx_word' id='word_1_355' title='bbox 2631 2700 2812 2755; x_wconf 83' lang='lat' dir='ltr'><strong>viduis</strong></span> <span class='ocrx_word' id='word_1_356' title='bbox 2837 2717 2956 2769; x_wconf 74' lang='lat' dir='ltr'><strong>qua:</strong></span> <span class='ocrx_word' id='word_1_357' title='bbox 2983 2703 3142 2756; x_wconf 83' lang='lat' dir='ltr'><strong>semel</strong></span> <span class='ocrx_word' id='word_1_358' title='bbox 3166 2718 3335 2757; x_wconf 60' lang='lat' dir='ltr'><strong>sacra</strong></span> <span class='ocrx_word' id='word_1_359' title='bbox 3364 2718 3651 2758; x_wconf 84' lang='lat' dir='ltr'><strong>conversa-</strong></span> 
     </span>
    </p>
   </div>
   <div class='ocr_carea' id='block_1_52' title="bbox 2417 2771 3184 2843">
    <p class='ocr_par' dir='ltr' id='par_1_52' title="bbox 2417 2771 3184 2843">
     <span class='ocr_line' id='line_1_52' title="bbox 2417 2771 3184 2843; baseline 0.008 -22"><span class='ocrx_word' id='word_1_360' title='bbox 2417 2771 2577 2823; x_wconf 86' lang='lat' dir='ltr'><strong>tionis</strong></span> <span class='ocrx_word' id='word_1_361' title='bbox 2600 2772 2837 2826; x_wconf 85' lang='lat' dir='ltr'><strong>velamen</strong></span> <span class='ocrx_word' id='word_1_362' title='bbox 2862 2776 3184 2843; x_wconf 86' lang='lat' dir='ltr'><strong>suscipiunt.</strong></span> 
     </span>
    </p>
   </div>
   <div class='ocr_carea' id='block_1_53' title="bbox 2023 2857 3649 2931">
    <p class='ocr_par' dir='ltr' id='par_1_53' title="bbox 2023 2857 3649 2931">
     <span class='ocr_line' id='line_1_53' title="bbox 2023 2857 3649 2931; baseline 0.004 -23"><span class='ocrx_word' id='word_1_363' title='bbox 2023 2857 2127 2924; x_wconf 74' lang='lat' dir='ltr'><strong>(Ea:</strong></span> <span class='ocrx_word' id='word_1_364' title='bbox 2188 2858 2410 2911; x_wconf 84' lang='lat' dir='ltr'><strong>concilio</strong></span> <span class='ocrx_word' id='word_1_365' title='bbox 2460 2859 2771 2927; x_wconf 77' lang='lat' dir='ltr'><strong>Aurelian,</strong></span> <span class='ocrx_word' id='word_1_366' title='bbox 2833 2862 3010 2929; x_wconf 78' lang='lat' dir='ltr'><strong>capite</strong></span> <span class='ocrx_word' id='word_1_367' title='bbox 3076 2861 3150 2931; x_wconf 91' lang='lat'><strong>3.)</strong></span> <span class='ocrx_word' id='word_1_368' title='bbox 3216 2861 3419 2918; x_wconf 84' lang='lat' dir='ltr'><strong>Viduae</strong></span> <span class='ocrx_word' id='word_1_369' title='bbox 3480 2878 3649 2931; x_wconf 88' lang='lat' dir='ltr'><strong>spon-</strong></span> 
     </span>
    </p>
   </div>
   <div class='ocr_carea' id='block_1_54' title="bbox 202 2926 1832 3030">
    <p class='ocr_par' dir='ltr' id='par_1_54' title="bbox 202 2926 1832 2999">
     <span class='ocr_line' id='line_1_54' title="bbox 202 2926 1832 2999; baseline 0.003 -21"><span class='ocrx_word' id='word_1_370' title='bbox 202 2926 327 2996; x_wconf 64' lang='grc' dir='ltr'><strong>(Εελι³</strong></span> <span class='ocrx_word' id='word_1_371' title='bbox 365 2927 584 2980; x_wconf 85' lang='lat' dir='ltr'><strong>concilio</strong></span> <span class='ocrx_word' id='word_1_372' title='bbox 624 2926 872 2983; x_wconf 86' lang='lat' dir='ltr'><strong>Chalced.</strong></span> <span class='ocrx_word' id='word_1_373' title='bbox 920 2930 1100 2997; x_wconf 84' lang='lat' dir='ltr'><strong>capite</strong></span> <span class='ocrx_word' id='word_1_374' title='bbox 1133 2926 1237 2997; x_wconf 89' lang='lat' dir='ltr'><strong>l6.)</strong></span> <span class='ocrx_word' id='word_1_375' title='bbox 1272 2929 1566 2999; x_wconf 87' lang='lat' dir='ltr'><strong>Virginem</strong></span> <span class='ocrx_word' id='word_1_376' title='bbox 1605 2945 1737 2999; x_wconf 67' lang='lat' dir='ltr'><strong>qua:</strong></span> <span class='ocrx_word' id='word_1_377' title='bbox 1776 2946 1832 2983; x_wconf 91' lang='lat' dir='ltr'><strong>se</strong></span> 
     </span>
    </p>
   </div>
   <div class='ocr_carea' id='block_1_55' title="bbox 2020 2926 3650 3030">
    <p class='ocr_par' dir='ltr' id='par_1_55' title="bbox 2020 2944 3650 3003">
     <span class='ocr_line' id='line_1_55' title="bbox 2020 2944 3650 3003; baseline 0.005 -8"><span class='ocrx_word' id='word_1_378' title='bbox 2020 2958 2119 2996; x_wconf 85' lang='lat' dir='ltr'><strong>nea</strong></span> <span class='ocrx_word' id='word_1_379' title='bbox 2149 2944 2443 2999; x_wconf 89' lang='lat' dir='ltr'><strong>voluntate</strong></span> <span class='ocrx_word' id='word_1_380' title='bbox 2471 2946 2540 2999; x_wconf 91' lang='lat' dir='ltr'><strong>ab</strong></span> <span class='ocrx_word' id='word_1_381' title='bbox 2573 2946 2739 3000; x_wconf 87' lang='lat' dir='ltr'><strong>altari</strong></span> <span class='ocrx_word' id='word_1_382' title='bbox 2785 2964 2959 3001; x_wconf 71' lang='lat' dir='ltr'><strong>sacrae</strong></span> <span class='ocrx_word' id='word_1_383' title='bbox 2993 2948 3438 3003; x_wconf 85' lang='lat' dir='ltr'><strong>conversationis</strong></span> <span class='ocrx_word' id='word_1_384' title='bbox 3493 2951 3650 3003; x_wconf 88' lang='lat' dir='ltr'><strong>vela-</strong></span> 
     </span>
    </p>
   </div>
   <div class='ocr_carea' id='block_1_56' title="bbox 139 3012 1836 3082">
    <p class='ocr_par' dir='ltr' id='par_1_56' title="bbox 139 3012 1836 3082">
     <span class='ocr_line' id='line_1_56' title="bbox 139 3012 1836 3082; baseline 0.003 -16"><span class='ocrx_word' id='word_1_385' title='bbox 139 3014 251 3067; x_wconf 89' lang='lat' dir='ltr'><strong>Deo</strong></span> <span class='ocrx_word' id='word_1_386' title='bbox 286 3012 528 3067; x_wconf 88' lang='lat' dir='ltr'><strong>Domino</strong></span> <span class='ocrx_word' id='word_1_387' title='bbox 555 3016 927 3082; x_wconf 89' lang='lat' dir='ltr'><strong>consecravit,</strong></span> <span class='ocrx_word' id='word_1_388' title='bbox 959 3014 1227 3069; x_wconf 88' lang='lat' dir='ltr'><strong>similiter</strong></span> <span class='ocrx_word' id='word_1_389' title='bbox 1252 3020 1308 3069; x_wconf 90' lang='lat' dir='ltr'><strong>et</strong></span> <span class='ocrx_word' id='word_1_390' title='bbox 1337 3017 1686 3071; x_wconf 86' lang='lat' dir='ltr'><strong>monachum</strong></span> <span class='ocrx_word' id='word_1_391' title='bbox 1718 3034 1836 3071; x_wconf 89' lang='lat' dir='ltr'><strong>non</strong></span> 
     </span>
    </p>
   </div>
   <div class='ocr_carea' id='block_1_57' title="bbox 131 3101 1841 3172">
    <p class='ocr_par' dir='ltr' id='par_1_57' title="bbox 131 3101 1841 3172">
     <span class='ocr_line' id='line_1_57' title="bbox 131 3101 1841 3172; baseline 0.003 -18"><span class='ocrx_word' id='word_1_392' title='bbox 131 3101 306 3155; x_wconf 88' lang='lat' dir='ltr'><strong>licere</strong></span> <span class='ocrx_word' id='word_1_393' title='bbox 340 3102 620 3172; x_wconf 87' lang='lat' dir='ltr'><strong>nuptialia</strong></span> <span class='ocrx_word' id='word_1_394' title='bbox 648 3102 781 3171; x_wconf 88' lang='lat' dir='ltr'><strong>jura</strong></span> <span class='ocrx_word' id='word_1_395' title='bbox 811 3103 1171 3158; x_wconf 89' lang='lat' dir='ltr'><strong>contrahere.</strong></span> <span class='ocrx_word' id='word_1_396' title='bbox 1210 3104 1369 3168; x_wconf 89' lang='lat' dir='ltr'><strong>Quod</strong></span> <span class='ocrx_word' id='word_1_397' title='bbox 1408 3104 1457 3158; x_wconf 86' lang='lat' dir='ltr'><strong>si</strong></span> <span class='ocrx_word' id='word_1_398' title='bbox 1482 3105 1588 3159; x_wconf 92' lang='lat' dir='ltr'><strong>hoc</strong></span> <span class='ocrx_word' id='word_1_399' title='bbox 1618 3105 1841 3159; x_wconf 86' lang='lat' dir='ltr'><strong>inventi</strong></span> 
     </span>
    </p>
   </div>
   <div class='ocr_carea' id='block_1_58' title="bbox 131 3190 1839 3260">
    <p class='ocr_par' dir='ltr' id='par_1_58' title="bbox 131 3190 1839 3260">
     <span class='ocr_line' id='line_1_58' title="bbox 131 3190 1839 3260; baseline 0.002 -17"><span class='ocrx_word' id='word_1_400' title='bbox 131 3190 353 3243; x_wconf 89' lang='lat' dir='ltr'><strong>fuerint</strong></span> <span class='ocrx_word' id='word_1_401' title='bbox 394 3193 811 3260; x_wconf 87' lang='lat' dir='ltr'><strong>perpetrantes,</strong></span> <span class='ocrx_word' id='word_1_402' title='bbox 861 3192 1450 3248; x_wconf 79' lang='lat' dir='ltr'><strong>excommunicentur.</strong></span> <span class='ocrx_word' id='word_1_403' title='bbox 1504 3193 1839 3248; x_wconf 88' lang='lat' dir='ltr'><strong>Contitenti-</strong></span> 
     </span>
    </p>
   </div>
   <div class='ocr_carea' id='block_1_59' title="bbox 134 3278 1839 3345">
    <p class='ocr_par' dir='ltr' id='par_1_59' title="bbox 134 3278 1839 3345">
     <span class='ocr_line' id='line_1_59' title="bbox 134 3278 1839 3345; baseline 0.003 -15"><span class='ocrx_word' id='word_1_404' title='bbox 134 3278 289 3331; x_wconf 88' lang='lat' dir='ltr'><strong>tibus</strong></span> <span class='ocrx_word' id='word_1_405' title='bbox 339 3283 552 3345; x_wconf 89' lang='lat' dir='ltr'><strong>autem,</strong></span> <span class='ocrx_word' id='word_1_406' title='bbox 618 3278 975 3333; x_wconf 87' lang='lat' dir='ltr'><strong>decrevimus</strong></span> <span class='ocrx_word' id='word_1_407' title='bbox 1033 3284 1095 3334; x_wconf 90' lang='lat' dir='ltr'><strong>ut</strong></span> <span class='ocrx_word' id='word_1_408' title='bbox 1164 3280 1370 3335; x_wconf 89' lang='lat' dir='ltr'><strong>habeat</strong></span> <span class='ocrx_word' id='word_1_409' title='bbox 1443 3282 1839 3335; x_wconf 87' lang='lat' dir='ltr'><strong>auctoritatem</strong></span> 
     </span>
    </p>
   </div>
   <div class='ocr_carea' id='block_1_60' title="bbox 135 3366 1840 3437">
    <p class='ocr_par' dir='ltr' id='par_1_60' title="bbox 135 3366 1840 3437">
     <span class='ocr_line' id='line_1_60' title="bbox 135 3366 1840 3437; baseline 0.002 -18"><span class='ocrx_word' id='word_1_410' title='bbox 135 3366 400 3436; x_wconf 88' lang='lat' dir='ltr'><strong>ejusdem</strong></span> <span class='ocrx_word' id='word_1_411' title='bbox 451 3366 561 3420; x_wconf 92' lang='lat' dir='ltr'><strong>loci</strong></span> <span class='ocrx_word' id='word_1_412' title='bbox 610 3366 933 3437; x_wconf 90' lang='lat' dir='ltr'><strong>episcopus,</strong></span> <span class='ocrx_word' id='word_1_413' title='bbox 1001 3368 1455 3423; x_wconf 90' lang='lat' dir='ltr'><strong>misericordiam</strong></span> <span class='ocrx_word' id='word_1_414' title='bbox 1505 3370 1840 3424; x_wconf 89' lang='lat' dir='ltr'><strong>humanita-</strong></span> 
     </span>
    </p>
   </div>
   <div class='ocr_carea' id='block_1_61' title="bbox 133 3454 620 3526">
    <p class='ocr_par' dir='ltr' id='par_1_61' title="bbox 133 3454 620 3526">
     <span class='ocr_line' id='line_1_61' title="bbox 133 3454 620 3526; baseline -0.002 -18"><span class='ocrx_word' id='word_1_415' title='bbox 133 3460 376 3526; x_wconf 86' lang='lat' dir='ltr'><strong>temque</strong></span> <span class='ocrx_word' id='word_1_416' title='bbox 402 3454 620 3525; x_wconf 84' lang='lat' dir='ltr'><strong>largiri.</strong></span> 
     </span>
    </p>
   </div>
   <div class='ocr_carea' id='block_1_62' title="bbox 133 3544 1838 3613">
    <p class='ocr_par' dir='ltr' id='par_1_62' title="bbox 133 3544 1838 3613">
     <span class='ocr_line' id='line_1_62' title="bbox 133 3544 1838 3613; baseline 0.001 -15"><span class='ocrx_word' id='word_1_417' title='bbox 133 3545 268 3598; x_wconf 77' lang='lat' dir='ltr'><strong>CAP.</strong></span> <span class='ocrx_word' id='word_1_418' title='bbox 314 3544 489 3599; x_wconf 81' lang='lat' dir='ltr'><strong>XXXI.</strong></span> <span class='ocrx_word' id='word_1_419' title='bbox 528 3574 593 3583; x_wconf 93' lang='lat'>—</span> <span class='ocrx_word' id='word_1_420' title='bbox 635 3546 709 3597; x_wconf 91' lang='lat' dir='ltr'><strong>De</strong></span> <span class='ocrx_word' id='word_1_421' title='bbox 733 3544 820 3599; x_wconf 78' lang='lat' dir='ltr'><strong>liis</strong></span> <span class='ocrx_word' id='word_1_422' title='bbox 843 3546 940 3613; x_wconf 87' lang='lat' dir='ltr'><strong>qui</strong></span> <span class='ocrx_word' id='word_1_423' title='bbox 961 3546 1394 3600; x_wconf 86' lang='lat' dir='ltr'><strong>sanctimoniales</strong></span> <span class='ocrx_word' id='word_1_424' title='bbox 1443 3548 1501 3599; x_wconf 85' lang='lat' dir='ltr'><strong>in</strong></span> <span class='ocrx_word' id='word_1_425' title='bbox 1556 3548 1838 3600; x_wconf 84' lang='lat' dir='ltr'><strong>matrimo-</strong></span> 
     </span>
    </p>
   </div>
   <div class='ocr_carea' id='block_1_63' title="bbox 204 3617 1840 3737">
    <p class='ocr_par' dir='ltr' id='par_1_63' title="bbox 204 3617 1840 3737">
     <span class='ocr_line' id='line_1_63' title="bbox 204 3617 1840 3737; baseline 0.002 -70"><span class='ocrx_word' id='word_1_426' title='bbox 204 3617 373 3737; x_wconf 64' lang='lat' dir='ltr'><strong>niumt</strong></span> <span class='ocrx_word' id='word_1_427' title='bbox 392 3617 713 3683; x_wconf 79' lang='lat' dir='ltr'><strong>acceperint,</strong></span> <span class='ocrx_word' id='word_1_428' title='bbox 743 3619 805 3668; x_wconf 86' lang='lat' dir='ltr'><strong>ut</strong></span> <span class='ocrx_word' id='word_1_429' title='bbox 845 3619 1088 3685; x_wconf 82' lang='lat' dir='ltr'><strong>separati</strong></span> <span class='ocrx_word' id='word_1_430' title='bbox 1135 3618 1250 3670; x_wconf 83' lang='lat' dir='ltr'><strong>sine</strong></span> <span class='ocrx_word' id='word_1_431' title='bbox 1299 3631 1395 3687; x_wconf 87' lang='lat' dir='ltr'><strong>spe</strong></span> <span class='ocrx_word' id='word_1_432' title='bbox 1450 3617 1694 3685; x_wconf 86' lang='lat' dir='ltr'><strong>conjugii</strong></span> <span class='ocrx_word' id='word_1_433' title='bbox 1722 3632 1840 3670; x_wconf 86' lang='lat' dir='ltr'><strong>ma-</strong></span> 
     </span>
     <span class='ocr_line' id='line_1_64' title="bbox 204 3700 393 3737; baseline 0 0"><span class='ocrx_word' id='word_1_434' title='bbox 204 3700 349 3737; x_wconf 88' lang='lat' dir='ltr'><strong>nean</strong></span> <span class='ocrx_word' id='word_1_435' title='bbox 381 3724 393 3737; x_wconf 96' lang='lat'><strong>.</strong></span> 
     </span>
    </p>
   </div>
   <div class='ocr_carea' id='block_1_64' title="bbox 204 3700 393 3738">
    <p class='ocr_par' dir='ltr' id='par_1_64' title="bbox 204 3700 393 3738">
     <span class='ocr_line' id='line_1_65' title="bbox 204 3700 393 3738; baseline 0 -1"><span class='ocrx_word' id='word_1_436' title='bbox 204 3700 373 3738; x_wconf 80' lang='lat' dir='ltr'><strong>neunt</strong></span> <span class='ocrx_word' id='word_1_437' title='bbox 381 3724 393 3737; x_wconf 86' lang='lat'><strong>.</strong></span> 
     </span>
    </p>
   </div>
   <div class='ocr_carea' id='block_1_65' title="bbox 204 3772 1839 3846">
    <p class='ocr_par' dir='ltr' id='par_1_65' title="bbox 204 3772 1839 3846">
     <span class='ocr_line' id='line_1_66' title="bbox 204 3772 1839 3846; baseline 0.001 -19"><span class='ocrx_word' id='word_1_438' title='bbox 204 3772 318 3843; x_wconf 78' lang='lat' dir='ltr'><strong>(Ea:</strong></span> <span class='ocrx_word' id='word_1_439' title='bbox 344 3775 503 3842; x_wconf 80' lang='lat' dir='ltr'><strong>epist.</strong></span> <span class='ocrx_word' id='word_1_440' title='bbox 535 3774 813 3828; x_wconf 82' lang='lat' dir='ltr'><strong>Paschalis</strong></span> <span class='ocrx_word' id='word_1_441' title='bbox 839 3789 1020 3843; x_wconf 68' lang='lat' dir='ltr'><strong>papae,</strong></span> <span class='ocrx_word' id='word_1_442' title='bbox 1055 3776 1232 3843; x_wconf 88' lang='lat' dir='ltr'><strong>capite</strong></span> <span class='ocrx_word' id='word_1_443' title='bbox 1272 3774 1381 3843; x_wconf 89' lang='lat' dir='ltr'><strong>ll.)</strong></span> <span class='ocrx_word' id='word_1_444' title='bbox 1406 3773 1475 3828; x_wconf 87' lang='lat' dir='ltr'><strong>Hi</strong></span> <span class='ocrx_word' id='word_1_445' title='bbox 1520 3773 1701 3844; x_wconf 88' lang='lat' dir='ltr'><strong>igitur</strong></span> <span class='ocrx_word' id='word_1_446' title='bbox 1739 3775 1839 3846; x_wconf 90' lang='lat' dir='ltr'><strong>qui</strong></span> 
     </span>
    </p>
   </div>
   <div class='ocr_carea' id='block_1_66' title="bbox 128 3861 1837 3919">
    <p class='ocr_par' dir='ltr' id='par_1_66' title="bbox 128 3861 1837 3919">
     <span class='ocr_line' id='line_1_67' title="bbox 128 3861 1837 3919; baseline 0.002 -4"><span class='ocrx_word' id='word_1_447' title='bbox 128 3861 378 3915; x_wconf 88' lang='lat' dir='ltr'><strong>scientes</strong></span> <span class='ocrx_word' id='word_1_448' title='bbox 454 3862 987 3918; x_wconf 87' lang='lat' dir='ltr'><strong>sanctimonialibus</strong></span> <span class='ocrx_word' id='word_1_449' title='bbox 1059 3862 1288 3918; x_wconf 84' lang='lat' dir='ltr'><strong>feminis</strong></span> <span class='ocrx_word' id='word_1_450' title='bbox 1346 3864 1406 3917; x_wconf 91' lang='lat' dir='ltr'><strong>in</strong></span> <span class='ocrx_word' id='word_1_451' title='bbox 1467 3863 1837 3919; x_wconf 88' lang='lat' dir='ltr'><strong>matrimonio</strong></span> 
     </span>
    </p>
   </div>
   <div class='ocr_carea' id='block_1_67' title="bbox 127 3949 1838 4022">
    <p class='ocr_par' dir='ltr' id='par_1_67' title="bbox 127 3949 1838 4022">
     <span class='ocr_line' id='line_1_68' title="bbox 127 3949 1838 4022; baseline 0.003 -19"><span class='ocrx_word' id='word_1_452' title='bbox 127 3956 269 4003; x_wconf 90' lang='lat' dir='ltr'><strong>sunt</strong></span> <span class='ocrx_word' id='word_1_453' title='bbox 309 3950 381 4003; x_wconf 87' lang='lat' dir='ltr'><strong>ad</strong></span> <span class='ocrx_word' id='word_1_454' title='bbox 420 3949 695 4020; x_wconf 89' lang='lat' dir='ltr'><strong>injuriam</strong></span> <span class='ocrx_word' id='word_1_455' title='bbox 752 3950 961 4005; x_wconf 86' lang='lat' dir='ltr'><strong>Christi</strong></span> <span class='ocrx_word' id='word_1_456' title='bbox 1020 3951 1269 4022; x_wconf 90' lang='lat' dir='ltr'><strong>copulati</strong></span> <span class='ocrx_word' id='word_1_457' title='bbox 1315 3952 1478 4021; x_wconf 86' lang='lat' dir='ltr'><strong>juxta</strong></span> <span class='ocrx_word' id='word_1_458' title='bbox 1533 3968 1838 4008; x_wconf 90' lang='lat' dir='ltr'><strong>censuram</strong></span> 
     </span>
    </p>
   </div>
   <div class='ocr_carea' id='block_1_68' title="bbox 129 4038 1836 4110">
    <p class='ocr_par' dir='ltr' id='par_1_68' title="bbox 129 4038 1836 4110">
     <span class='ocr_line' id='line_1_69' title="bbox 129 4038 1836 4110; baseline 0.002 -17"><span class='ocrx_word' id='word_1_459' title='bbox 129 4038 446 4093; x_wconf 86' lang='lat' dir='ltr'><strong>Christiani</strong></span> <span class='ocrx_word' id='word_1_460' title='bbox 497 4038 605 4092; x_wconf 90' lang='lat' dir='ltr'><strong>zeli</strong></span> <span class='ocrx_word' id='word_1_461' title='bbox 652 4045 1004 4109; x_wconf 88' lang='lat' dir='ltr'><strong>separentur,</strong></span> <span class='ocrx_word' id='word_1_462' title='bbox 1055 4045 1113 4094; x_wconf 90' lang='lat' dir='ltr'><strong>et</strong></span> <span class='ocrx_word' id='word_1_463' title='bbox 1151 4056 1451 4110; x_wconf 88' lang='lat' dir='ltr'><strong>nunquam</strong></span> <span class='ocrx_word' id='word_1_464' title='bbox 1510 4041 1592 4095; x_wconf 90' lang='lat' dir='ltr'><strong>eis</strong></span> <span class='ocrx_word' id='word_1_465' title='bbox 1635 4056 1836 4096; x_wconf 89' lang='lat' dir='ltr'><strong>conce-</strong></span> 
     </span>
    </p>
   </div>
   <div class='ocr_carea' id='block_1_69' title="bbox 130 4128 1836 4199">
    <p class='ocr_par' dir='ltr' id='par_1_69' title="bbox 130 4128 1836 4199">
     <span class='ocr_line' id='line_1_70' title="bbox 130 4128 1836 4199; baseline 0.002 -17"><span class='ocrx_word' id='word_1_466' title='bbox 130 4128 517 4197; x_wconf 83' lang='lat' dir='ltr'><strong>daturjugali</strong></span> <span class='ocrx_word' id='word_1_467' title='bbox 563 4128 787 4182; x_wconf 90' lang='lat' dir='ltr'><strong>vinculo</strong></span> <span class='ocrx_word' id='word_1_468' title='bbox 834 4128 1087 4199; x_wconf 83' lang='lat' dir='ltr'><strong>religari,</strong></span> <span class='ocrx_word' id='word_1_469' title='bbox 1132 4129 1230 4182; x_wconf 89' lang='lat' dir='ltr'><strong>sed</strong></span> <span class='ocrx_word' id='word_1_470' title='bbox 1280 4129 1342 4182; x_wconf 89' lang='lat' dir='ltr'><strong>in</strong></span> <span class='ocrx_word' id='word_1_471' title='bbox 1380 4130 1737 4199; x_wconf 60' lang='lat' dir='ltr'><strong>paenitentiae</strong></span> <span class='ocrx_word' id='word_1_472' title='bbox 1778 4148 1836 4185; x_wconf 88' lang='lat' dir='ltr'><strong>se</strong></span> 
     </span>
    </p>
   </div>
   <div class='ocr_carea' id='block_1_70' title="bbox 130 4216 1548 4282">
    <p class='ocr_par' dir='ltr' id='par_1_70' title="bbox 130 4216 1548 4282">
     <span class='ocr_line' id='line_1_71' title="bbox 130 4216 1548 4282; baseline 0.001 -11"><span class='ocrx_word' id='word_1_473' title='bbox 130 4216 407 4271; x_wconf 88' lang='lat' dir='ltr'><strong>lamentis</strong></span> <span class='ocrx_word' id='word_1_474' title='bbox 429 4217 819 4281; x_wconf 86' lang='lat' dir='ltr'><strong>vehementer,</strong></span> <span class='ocrx_word' id='word_1_475' title='bbox 851 4218 989 4271; x_wconf 91' lang='lat' dir='ltr'><strong>dum</strong></span> <span class='ocrx_word' id='word_1_476' title='bbox 1015 4217 1233 4282; x_wconf 88' lang='lat' dir='ltr'><strong>vivunt,</strong></span> <span class='ocrx_word' id='word_1_477' title='bbox 1279 4218 1548 4272; x_wconf 77' lang='lat' dir='ltr'><strong>alliciant.</strong></span> 
     </span>
    </p>
   </div>
   <div class='ocr_carea' id='block_1_71' title="bbox 246 4287 1795 4357">
    <p class='ocr_par' dir='ltr' id='par_1_71' title="bbox 246 4287 1795 4357">
     <span class='ocr_line' id='line_1_72' title="bbox 246 4287 1795 4357; baseline 0.002 -17"><span class='ocrx_word' id='word_1_478' title='bbox 246 4287 374 4340; x_wconf 80' lang='lat' dir='ltr'><strong>CAP.</strong></span> <span class='ocrx_word' id='word_1_479' title='bbox 409 4288 605 4341; x_wconf 90' lang='lat' dir='ltr'><strong>XXXII.</strong></span> <span class='ocrx_word' id='word_1_480' title='bbox 638 4316 705 4327; x_wconf 89' lang='lat'><strong>—-</strong></span> <span class='ocrx_word' id='word_1_481' title='bbox 739 4291 810 4342; x_wconf 89' lang='lat' dir='ltr'><strong>De</strong></span> <span class='ocrx_word' id='word_1_482' title='bbox 842 4288 1151 4355; x_wconf 81' lang='lat' dir='ltr'><strong>virginibus</strong></span> <span class='ocrx_word' id='word_1_483' title='bbox 1183 4304 1302 4357; x_wconf 74' lang='lat' dir='ltr'><strong>quae</strong></span> <span class='ocrx_word' id='word_1_484' title='bbox 1320 4292 1665 4357; x_wconf 62' lang='lat' dir='ltr'><strong>pwvaricatw</strong></span> <span class='ocrx_word' id='word_1_485' title='bbox 1694 4306 1795 4344; x_wconf 87' lang='lat' dir='ltr'><strong>sun</strong></span> 
     </span>
    </p>
   </div>
   <div class='ocr_carea' id='block_1_72' title="bbox 209 4357 1843 4429">
    <p class='ocr_par' dir='ltr' id='par_1_72' title="bbox 209 4357 1843 4429">
     <span class='ocr_line' id='line_1_73' title="bbox 209 4357 1843 4429; baseline 0.002 -18"><span class='ocrx_word' id='word_1_486' title='bbox 209 4360 319 4427; x_wconf 78' lang='lat' dir='ltr'><strong>(Ea:</strong></span> <span class='ocrx_word' id='word_1_487' title='bbox 361 4357 507 4412; x_wconf 88' lang='lat' dir='ltr'><strong>decr.</strong></span> <span class='ocrx_word' id='word_1_488' title='bbox 558 4359 758 4413; x_wconf 83' lang='lat' dir='ltr'><strong>Gelasii</strong></span> <span class='ocrx_word' id='word_1_489' title='bbox 805 4374 982 4428; x_wconf 70' lang='lat' dir='ltr'><strong>papae,</strong></span> <span class='ocrx_word' id='word_1_490' title='bbox 1025 4363 1203 4428; x_wconf 84' lang='lat' dir='ltr'><strong>capite</strong></span> <span class='ocrx_word' id='word_1_491' title='bbox 1240 4362 1348 4426; x_wconf 78' lang='lat'><strong>~10.)</strong></span> <span class='ocrx_word' id='word_1_492' title='bbox 1381 4359 1710 4429; x_wconf 90' lang='lat' dir='ltr'><strong>Virginibus</strong></span> <span class='ocrx_word' id='word_1_493' title='bbox 1749 4378 1843 4414; x_wconf 83' lang='lat' dir='ltr'><strong>sa-</strong></span> 
     </span>
    </p>
   </div>
   <div class='ocr_carea' id='block_1_73' title="bbox 128 4444 1846 4517">
    <p class='ocr_par' dir='ltr' id='par_1_73' title="bbox 128 4444 1846 4517">
     <span class='ocr_line' id='line_1_74' title="bbox 128 4444 1846 4517; baseline 0.003 -20"><span class='ocrx_word' id='word_1_494' title='bbox 128 4444 248 4498; x_wconf 91' lang='lat' dir='ltr'><strong>cris</strong></span> <span class='ocrx_word' id='word_1_495' title='bbox 277 4449 491 4498; x_wconf 87' lang='lat' dir='ltr'><strong>temere</strong></span> <span class='ocrx_word' id='word_1_496' title='bbox 534 4461 593 4499; x_wconf 88' lang='lat' dir='ltr'><strong>se</strong></span> <span class='ocrx_word' id='word_1_497' title='bbox 627 4445 905 4515; x_wconf 88' lang='lat' dir='ltr'><strong>quosdam</strong></span> <span class='ocrx_word' id='word_1_498' title='bbox 935 4445 1152 4500; x_wconf 89' lang='lat' dir='ltr'><strong>sociare</strong></span> <span class='ocrx_word' id='word_1_499' title='bbox 1199 4445 1591 4516; x_wconf 87' lang='lat' dir='ltr'><strong>cognovimus,</strong></span> <span class='ocrx_word' id='word_1_500' title='bbox 1626 4451 1681 4499; x_wconf 91' lang='lat' dir='ltr'><strong>et</strong></span> <span class='ocrx_word' id='word_1_501' title='bbox 1718 4453 1846 4517; x_wconf 92' lang='lat' dir='ltr'><strong>post</strong></span> 
     </span>
    </p>
   </div>
   <div class='ocr_carea' id='block_1_74' title="bbox 128 4533 1843 4606">
    <p class='ocr_par' dir='ltr' id='par_1_74' title="bbox 128 4533 1843 4606">
     <span class='ocr_line' id='line_1_75' title="bbox 128 4533 1843 4606; baseline 0.001 -18"><span class='ocrx_word' id='word_1_502' title='bbox 128 4534 391 4588; x_wconf 91' lang='lat' dir='ltr'><strong>dicatum</strong></span> <span class='ocrx_word' id='word_1_503' title='bbox 445 4534 557 4587; x_wconf 89' lang='lat' dir='ltr'><strong>Deo</strong></span> <span class='ocrx_word' id='word_1_504' title='bbox 595 4534 980 4603; x_wconf 90' lang='lat' dir='ltr'><strong>propositum,</strong></span> <span class='ocrx_word' id='word_1_505' title='bbox 1034 4533 1248 4589; x_wconf 90' lang='lat' dir='ltr'><strong>incesta</strong></span> <span class='ocrx_word' id='word_1_506' title='bbox 1286 4535 1499 4589; x_wconf 70' lang='lat' dir='ltr'><strong>fcedera</strong></span> <span class='ocrx_word' id='word_1_507' title='bbox 1537 4535 1843 4606; x_wconf 89' lang='lat' dir='ltr'><strong>sacrilega-</strong></span> 
     </span>
    </p>
   </div>
   <div class='ocr_carea' id='block_1_75' title="bbox 128 4622 1844 4694">
    <p class='ocr_par' dir='ltr' id='par_1_75' title="bbox 128 4622 1844 4694">
     <span class='ocr_line' id='line_1_76' title="bbox 128 4622 1844 4694; baseline 0.001 -19"><span class='ocrx_word' id='word_1_508' title='bbox 128 4639 249 4693; x_wconf 89' lang='lat' dir='ltr'><strong>que</strong></span> <span class='ocrx_word' id='word_1_509' title='bbox 308 4622 564 4676; x_wconf 89' lang='lat' dir='ltr'><strong>miscere.</strong></span> <span class='ocrx_word' id='word_1_510' title='bbox 624 4622 775 4686; x_wconf 87' lang='lat' dir='ltr'><strong>Quos</strong></span> <span class='ocrx_word' id='word_1_511' title='bbox 832 4623 1098 4693; x_wconf 86' lang='lat' dir='ltr'><strong>protinus</strong></span> <span class='ocrx_word' id='word_1_512' title='bbox 1169 4640 1401 4694; x_wconf 65' lang='lat' dir='ltr'><strong>aequum</strong></span> <span class='ocrx_word' id='word_1_513' title='bbox 1462 4629 1545 4677; x_wconf 89' lang='lat' dir='ltr'><strong>est</strong></span> <span class='ocrx_word' id='word_1_514' title='bbox 1595 4639 1629 4676; x_wconf 88' lang='lat' dir='ltr'><strong>a</strong></span> <span class='ocrx_word' id='word_1_515' title='bbox 1687 4640 1844 4678; x_wconf 89' lang='lat' dir='ltr'><strong>sacra</strong></span> 
     </span>
    </p>
   </div>
   <div class='ocr_carea' id='block_1_76' title="bbox 126 4710 1843 4783">
    <p class='ocr_par' dir='ltr' id='par_1_76' title="bbox 126 4710 1843 4783">
     <span class='ocr_line' id='line_1_77' title="bbox 126 4710 1843 4783; baseline 0.002 -18"><span class='ocrx_word' id='word_1_516' title='bbox 126 4710 545 4767; x_wconf 87' lang='lat' dir='ltr'><strong>communione</strong></span> <span class='ocrx_word' id='word_1_517' title='bbox 593 4711 861 4765; x_wconf 81' lang='lat' dir='ltr'><strong>detrudi:</strong></span> <span class='ocrx_word' id='word_1_518' title='bbox 910 4717 968 4766; x_wconf 92' lang='lat' dir='ltr'><strong>et</strong></span> <span class='ocrx_word' id='word_1_519' title='bbox 1005 4711 1117 4765; x_wconf 90' lang='lat' dir='ltr'><strong>nisi</strong></span> <span class='ocrx_word' id='word_1_520' title='bbox 1152 4729 1255 4781; x_wconf 86' lang='lat' dir='ltr'><strong>per</strong></span> <span class='ocrx_word' id='word_1_521' title='bbox 1290 4712 1575 4782; x_wconf 88' lang='lat' dir='ltr'><strong>publicam</strong></span> <span class='ocrx_word' id='word_1_522' title='bbox 1628 4714 1843 4783; x_wconf 88' lang='lat' dir='ltr'><strong>proba-</strong></span> 
     </span>
    </p>
   </div>
   <div class='ocr_carea' id='block_1_77' title="bbox 127 4799 1842 4872">
    <p class='ocr_par' dir='ltr' id='par_1_77' title="bbox 127 4799 1842 4872">
     <span class='ocr_line' id='line_1_78' title="bbox 127 4799 1842 4872; baseline 0.002 -20"><span class='ocrx_word' id='word_1_523' title='bbox 127 4806 373 4870; x_wconf 86' lang='lat' dir='ltr'><strong>tamque</strong></span> <span class='ocrx_word' id='word_1_524' title='bbox 404 4799 799 4870; x_wconf 68' lang='lat' dir='ltr'><strong>pwnitentiam</strong></span> <span class='ocrx_word' id='word_1_525' title='bbox 828 4800 1062 4854; x_wconf 90' lang='lat' dir='ltr'><strong>omnino</strong></span> <span class='ocrx_word' id='word_1_526' title='bbox 1095 4818 1211 4854; x_wconf 89' lang='lat' dir='ltr'><strong>non</strong></span> <span class='ocrx_word' id='word_1_527' title='bbox 1256 4801 1452 4872; x_wconf 89' lang='lat' dir='ltr'><strong>recipi,</strong></span> <span class='ocrx_word' id='word_1_528' title='bbox 1506 4802 1603 4856; x_wconf 91' lang='lat' dir='ltr'><strong>sed</strong></span> <span class='ocrx_word' id='word_1_529' title='bbox 1649 4808 1842 4856; x_wconf 86' lang='lat' dir='ltr'><strong>tamen</strong></span> 
     </span>
    </p>
   </div>
   <div class='ocr_carea' id='block_1_78' title="bbox 128 4888 1838 4961">
    <p class='ocr_par' dir='ltr' id='par_1_78' title="bbox 128 4888 1838 4961">
     <span class='ocr_line' id='line_1_79' title="bbox 128 4888 1838 4961; baseline 0.002 -18"><span class='ocrx_word' id='word_1_530' title='bbox 128 4890 227 4943; x_wconf 88' lang='lat' dir='ltr'><strong>his</strong></span> <span class='ocrx_word' id='word_1_531' title='bbox 256 4888 523 4941; x_wconf 89' lang='lat' dir='ltr'><strong>viaticum</strong></span> <span class='ocrx_word' id='word_1_532' title='bbox 556 4888 625 4942; x_wconf 94' lang='lat' dir='ltr'><strong>de</strong></span> <span class='ocrx_word' id='word_1_533' title='bbox 674 4890 885 4943; x_wconf 67' lang='lat' dir='ltr'><strong>saeculo</strong></span> <span class='ocrx_word' id='word_1_534' title='bbox 918 4890 1368 4956; x_wconf 85' lang='lat' dir='ltr'><strong>transeuntibus,</strong></span> <span class='ocrx_word' id='word_1_535' title='bbox 1418 4889 1466 4943; x_wconf 91' lang='lat' dir='ltr'><strong>si</strong></span> <span class='ocrx_word' id='word_1_536' title='bbox 1513 4890 1686 4961; x_wconf 90' lang='lat' dir='ltr'><strong>digne</strong></span> <span class='ocrx_word' id='word_1_537' title='bbox 1718 4907 1838 4961; x_wconf 81' lang='lat' dir='ltr'><strong>pce-</strong></span> 
     </span>
    </p>
   </div>
   <div class='ocr_carea' id='block_1_79' title="bbox 130 4976 880 5047">
    <p class='ocr_par' dir='ltr' id='par_1_79' title="bbox 130 4976 880 5047">
     <span class='ocr_line' id='line_1_80' title="bbox 130 4976 880 5047; baseline -0.001 -15"><span class='ocrx_word' id='word_1_538' title='bbox 130 4976 442 5042; x_wconf 88' lang='lat' dir='ltr'><strong>nitueriut,</strong></span> <span class='ocrx_word' id='word_1_539' title='bbox 466 4994 584 5030; x_wconf 91' lang='lat' dir='ltr'><strong>non</strong></span> <span class='ocrx_word' id='word_1_540' title='bbox 617 4982 880 5047; x_wconf 89' lang='lat' dir='ltr'><strong>negetur.</strong></span> 
     </span>
    </p>
   </div>
   <div class='ocr_carea' id='block_1_80' title="bbox 132 5066 1838 5135">
    <p class='ocr_par' dir='ltr' id='par_1_80' title="bbox 132 5066 1838 5135">
     <span class='ocr_line' id='line_1_81' title="bbox 132 5066 1838 5135; baseline -0.002 -13"><span class='ocrx_word' id='word_1_541' title='bbox 132 5068 267 5122; x_wconf 73' lang='lat' dir='ltr'><strong>CAP.</strong></span> <span class='ocrx_word' id='word_1_542' title='bbox 300 5066 522 5120; x_wconf 82' lang='lat' dir='ltr'><strong>XXXIII.</strong></span> <span class='ocrx_word' id='word_1_543' title='bbox 540 5096 608 5104; x_wconf 93' lang='lat'><strong><em>—</em></strong></span> <span class='ocrx_word' id='word_1_544' title='bbox 627 5066 879 5120; x_wconf 75' lang='lat' dir='ltr'><strong>Utviduae</strong></span> <span class='ocrx_word' id='word_1_545' title='bbox 890 5067 1067 5120; x_wconf 88' lang='lat' dir='ltr'><strong>velum</strong></span> <span class='ocrx_word' id='word_1_546' title='bbox 1085 5066 1193 5119; x_wconf 87' lang='lat' dir='ltr'><strong>sibi</strong></span> <span class='ocrx_word' id='word_1_547' title='bbox 1208 5069 1475 5135; x_wconf 80' lang='lat' dir='ltr'><strong>imponere</strong></span> <span class='ocrx_word' id='word_1_548' title='bbox 1489 5083 1594 5120; x_wconf 88' lang='lat' dir='ltr'><strong>non</strong></span> <span class='ocrx_word' id='word_1_549' title='bbox 1611 5066 1838 5120; x_wconf 86' lang='lat' dir='ltr'><strong>debeant</strong></span> 
     </span>
    </p>
   </div>
   <div class='ocr_carea' id='block_1_81' title="bbox 212 5137 1836 5206">
    <p class='ocr_par' dir='ltr' id='par_1_81' title="bbox 212 5137 1836 5206">
     <span class='ocr_line' id='line_1_82' title="bbox 212 5137 1836 5206; baseline 0 -15"><span class='ocrx_word' id='word_1_550' title='bbox 212 5138 514 5191; x_wconf 84' lang='lat' dir='ltr'><strong>inconsulto</strong></span> <span class='ocrx_word' id='word_1_551' title='bbox 539 5139 781 5205; x_wconf 87' lang='lat' dir='ltr'><strong>episcopo</strong></span> <span class='ocrx_word' id='word_1_552' title='bbox 822 5152 936 5198; x_wconf 83' lang='lat' dir='ltr'><strong>suo,</strong></span> <span class='ocrx_word' id='word_1_553' title='bbox 974 5143 1023 5189; x_wconf 85' lang='lat' dir='ltr'><strong>et</strong></span> <span class='ocrx_word' id='word_1_554' title='bbox 1074 5152 1140 5189; x_wconf 89' lang='lat' dir='ltr'><strong>ne</strong></span> <span class='ocrx_word' id='word_1_555' title='bbox 1188 5137 1493 5205; x_wconf 72' lang='lat' dir='ltr'><strong>presbyteri</strong></span> <span class='ocrx_word' id='word_1_556' title='bbox 1539 5140 1615 5192; x_wconf 89' lang='lat' dir='ltr'><strong>eis</strong></span> <span class='ocrx_word' id='word_1_557' title='bbox 1666 5140 1836 5206; x_wconf 87' lang='lat' dir='ltr'><strong>impo-</strong></span> 
     </span>
    </p>
   </div>
   <div class='ocr_carea' id='block_1_82' title="bbox 209 5208 1547 5276">
    <p class='ocr_par' dir='ltr' id='par_1_82' title="bbox 209 5208 1547 5276">
     <span class='ocr_line' id='line_1_83' title="bbox 209 5208 1547 5276; baseline 0.001 -15"><span class='ocrx_word' id='word_1_558' title='bbox 209 5224 335 5262; x_wconf 87' lang='lat' dir='ltr'><strong>nere</strong></span> <span class='ocrx_word' id='word_1_559' title='bbox 354 5213 705 5276; x_wconf 75' lang='lat' dir='ltr'><strong>praesumant,</strong></span> <span class='ocrx_word' id='word_1_560' title='bbox 735 5208 880 5275; x_wconf 86' lang='lat' dir='ltr'><strong>quod</strong></span> <span class='ocrx_word' id='word_1_561' title='bbox 907 5212 959 5261; x_wconf 90' lang='lat' dir='ltr'><strong>et</strong></span> <span class='ocrx_word' id='word_1_562' title='bbox 977 5210 1241 5276; x_wconf 83' lang='lat' dir='ltr'><strong>episcopis</strong></span> <span class='ocrx_word' id='word_1_563' title='bbox 1271 5224 1375 5262; x_wconf 85' lang='lat' dir='ltr'><strong>non</strong></span> <span class='ocrx_word' id='word_1_564' title='bbox 1406 5210 1547 5262; x_wconf 89' lang='lat' dir='ltr'><strong>licet.</strong></span> 
     </span>
    </p>
   </div>
   <div class='ocr_carea' id='block_1_83' title="bbox 210 5296 1840 5365">
    <p class='ocr_par' dir='ltr' id='par_1_83' title="bbox 210 5296 1840 5365">
     <span class='ocr_line' id='line_1_84' title="bbox 210 5296 1840 5365; baseline -0.001 -15"><span class='ocrx_word' id='word_1_565' title='bbox 210 5298 328 5360; x_wconf 74' lang='lat' dir='ltr'><strong>(Ea:</strong></span> <span class='ocrx_word' id='word_1_566' title='bbox 400 5312 543 5352; x_wconf 86' lang='lat' dir='ltr'><strong>conc.</strong></span> <span class='ocrx_word' id='word_1_567' title='bbox 611 5297 957 5365; x_wconf 83' lang='lat' dir='ltr'><strong>Rothomag.,</strong></span> <span class='ocrx_word' id='word_1_568' title='bbox 1032 5299 1209 5365; x_wconf 87' lang='lat' dir='ltr'><strong>capite</strong></span> <span class='ocrx_word' id='word_1_569' title='bbox 1267 5297 1346 5364; x_wconf 89' lang='lat'><strong>9.)</strong></span> <span class='ocrx_word' id='word_1_570' title='bbox 1405 5296 1691 5350; x_wconf 87' lang='lat' dir='ltr'><strong>Statutum</strong></span> <span class='ocrx_word' id='word_1_571' title='bbox 1754 5300 1840 5350; x_wconf 90' lang='lat' dir='ltr'><strong>est</strong></span> 
     </span>
    </p>
   </div>
   <div class='ocr_carea' id='block_1_84' title="bbox 131 5384 1834 5454">
    <p class='ocr_par' dir='ltr' id='par_1_84' title="bbox 131 5384 1834 5454">
     <span class='ocr_line' id='line_1_85' title="bbox 131 5384 1834 5454; baseline 0.001 -16"><span class='ocrx_word' id='word_1_572' title='bbox 131 5385 340 5440; x_wconf 88' lang='lat' dir='ltr'><strong>viduas</strong></span> <span class='ocrx_word' id='word_1_573' title='bbox 382 5400 496 5438; x_wconf 90' lang='lat' dir='ltr'><strong>non</strong></span> <span class='ocrx_word' id='word_1_574' title='bbox 544 5384 752 5439; x_wconf 88' lang='lat' dir='ltr'><strong>debere</strong></span> <span class='ocrx_word' id='word_1_575' title='bbox 804 5385 988 5438; x_wconf 88' lang='lat' dir='ltr'><strong>velare</strong></span> <span class='ocrx_word' id='word_1_576' title='bbox 1035 5400 1114 5451; x_wconf 90' lang='lat' dir='ltr'><strong>se,</strong></span> <span class='ocrx_word' id='word_1_577' title='bbox 1165 5384 1490 5438; x_wconf 90' lang='lat' dir='ltr'><strong>inconsulto</strong></span> <span class='ocrx_word' id='word_1_578' title='bbox 1541 5401 1646 5438; x_wconf 90' lang='lat' dir='ltr'><strong>suo</strong></span> <span class='ocrx_word' id='word_1_579' title='bbox 1704 5384 1834 5454; x_wconf 81' lang='lat' dir='ltr'><strong>epi-</strong></span> 
     </span>
    </p>
   </div>
   <div class='ocr_carea' id='block_1_85' title="bbox 130 5472 1835 5543">
    <p class='ocr_par' dir='ltr' id='par_1_85' title="bbox 130 5472 1835 5543">
     <span class='ocr_line' id='line_1_86' title="bbox 130 5472 1835 5543; baseline -0.001 -15"><span class='ocrx_word' id='word_1_580' title='bbox 130 5489 335 5543; x_wconf 89' lang='lat' dir='ltr'><strong>scopo.</strong></span> <span class='ocrx_word' id='word_1_581' title='bbox 406 5473 587 5527; x_wconf 89' lang='lat' dir='ltr'><strong>Simul</strong></span> <span class='ocrx_word' id='word_1_582' title='bbox 643 5477 699 5527; x_wconf 92' lang='lat' dir='ltr'><strong>et</strong></span> <span class='ocrx_word' id='word_1_583' title='bbox 753 5474 862 5527; x_wconf 88' lang='lat' dir='ltr'><strong>hoc</strong></span> <span class='ocrx_word' id='word_1_584' title='bbox 917 5478 1190 5527; x_wconf 89' lang='lat' dir='ltr'><strong>statutum</strong></span> <span class='ocrx_word' id='word_1_585' title='bbox 1239 5477 1341 5539; x_wconf 87' lang='lat' dir='ltr'><strong>est,</strong></span> <span class='ocrx_word' id='word_1_586' title='bbox 1408 5477 1470 5526; x_wconf 91' lang='lat' dir='ltr'><strong>ut</strong></span> <span class='ocrx_word' id='word_1_587' title='bbox 1547 5472 1595 5526; x_wconf 90' lang='lat' dir='ltr'><strong>si</strong></span> <span class='ocrx_word' id='word_1_588' title='bbox 1663 5472 1835 5543; x_wconf 66' lang='lat' dir='ltr'><strong>{quis-</strong></span> 
     </span>
    </p>
   </div>
   <div class='ocr_carea' id='block_1_86' title="bbox 129 5560 1837 5634">
    <p class='ocr_par' dir='ltr' id='par_1_86' title="bbox 129 5560 1837 5634">
     <span class='ocr_line' id='line_1_87' title="bbox 129 5560 1837 5634; baseline 0.001 -19"><span class='ocrx_word' id='word_1_589' title='bbox 129 5562 297 5634; x_wconf 90' lang='lat' dir='ltr'><strong>piam</strong></span> <span class='ocrx_word' id='word_1_590' title='bbox 362 5561 827 5632; x_wconf 87' lang='lat' dir='ltr'><strong>presbyterorum</strong></span> <span class='ocrx_word' id='word_1_591' title='bbox 894 5561 1162 5633; x_wconf 89' lang='lat' dir='ltr'><strong>deinceps</strong></span> <span class='ocrx_word' id='word_1_592' title='bbox 1230 5562 1404 5633; x_wconf 90' lang='lat' dir='ltr'><strong>hujus</strong></span> <span class='ocrx_word' id='word_1_593' title='bbox 1471 5560 1837 5616; x_wconf 88' lang='lat' dir='ltr'><strong>constitutio-</strong></span> 
     </span>
    </p>
   </div>
   <div class='ocr_carea' id='block_1_87' title="bbox 1952 3033 3649 3108">
    <p class='ocr_par' dir='ltr' id='par_1_87' title="bbox 1952 3033 3649 3108">
     <span class='ocr_line' id='line_1_88' title="bbox 1952 3033 3649 3108; baseline 0.004 -23"><span class='ocrx_word' id='word_1_594' title='bbox 1952 3048 2085 3085; x_wconf 91' lang='lat' dir='ltr'><strong>men</strong></span> <span class='ocrx_word' id='word_1_595' title='bbox 2111 3033 2451 3103; x_wconf 89' lang='lat' dir='ltr'><strong>suscipiunt,</strong></span> <span class='ocrx_word' id='word_1_596' title='bbox 2485 3035 2733 3089; x_wconf 91' lang='lat' dir='ltr'><strong>decrevit</strong></span> <span class='ocrx_word' id='word_1_597' title='bbox 2787 3042 2983 3091; x_wconf 87' lang='lat' dir='ltr'><strong>sancta</strong></span> <span class='ocrx_word' id='word_1_598' title='bbox 3028 3037 3278 3108; x_wconf 87' lang='lat' dir='ltr'><strong>synodus</strong></span> <span class='ocrx_word' id='word_1_599' title='bbox 3336 3038 3397 3091; x_wconf 90' lang='lat' dir='ltr'><strong>in</strong></span> <span class='ocrx_word' id='word_1_600' title='bbox 3446 3040 3649 3093; x_wconf 86' lang='lat' dir='ltr'><strong>eodem</strong></span> 
     </span>
    </p>
   </div>
   <div class='ocr_carea' id='block_1_88' title="bbox 1949 3120 3652 3192">
    <p class='ocr_par' dir='ltr' id='par_1_88' title="bbox 1949 3120 3652 3192">
     <span class='ocr_line' id='line_1_89' title="bbox 1949 3120 3652 3192; baseline 0.005 -20"><span class='ocrx_word' id='word_1_601' title='bbox 1949 3120 2244 3190; x_wconf 90' lang='lat' dir='ltr'><strong>proposito</strong></span> <span class='ocrx_word' id='word_1_602' title='bbox 2274 3138 2366 3175; x_wconf 89' lang='lat' dir='ltr'><strong>eas</strong></span> <span class='ocrx_word' id='word_1_603' title='bbox 2410 3138 2770 3192; x_wconf 89' lang='lat' dir='ltr'><strong>permanere.</strong></span> <span class='ocrx_word' id='word_1_604' title='bbox 2810 3125 2934 3179; x_wconf 88' lang='lat' dir='ltr'><strong>Non</strong></span> <span class='ocrx_word' id='word_1_605' title='bbox 2966 3125 3123 3180; x_wconf 88' lang='lat' dir='ltr'><strong>enim</strong></span> <span class='ocrx_word' id='word_1_606' title='bbox 3156 3127 3241 3180; x_wconf 90' lang='lat' dir='ltr'><strong>fas</strong></span> <span class='ocrx_word' id='word_1_607' title='bbox 3292 3144 3413 3180; x_wconf 88' lang='lat' dir='ltr'><strong>esse</strong></span> <span class='ocrx_word' id='word_1_608' title='bbox 3466 3128 3652 3181; x_wconf 88' lang='lat' dir='ltr'><strong>decer-</strong></span> 
     </span>
    </p>
   </div>
   <div class='ocr_carea' id='block_1_89' title="bbox 1948 3208 3653 3282">
    <p class='ocr_par' dir='ltr' id='par_1_89' title="bbox 1948 3208 3653 3282">
     <span class='ocr_line' id='line_1_90' title="bbox 1948 3208 3653 3282; baseline 0.005 -19"><span class='ocrx_word' id='word_1_609' title='bbox 1948 3208 2161 3275; x_wconf 88' lang='lat' dir='ltr'><strong>nimus,</strong></span> <span class='ocrx_word' id='word_1_610' title='bbox 2217 3216 2281 3265; x_wconf 90' lang='lat' dir='ltr'><strong>ut</strong></span> <span class='ocrx_word' id='word_1_611' title='bbox 2336 3218 2643 3282; x_wconf 90' lang='lat' dir='ltr'><strong>postquam</strong></span> <span class='ocrx_word' id='word_1_612' title='bbox 2701 3229 2759 3266; x_wconf 90' lang='lat' dir='ltr'><strong>se</strong></span> <span class='ocrx_word' id='word_1_613' title='bbox 2812 3215 3056 3269; x_wconf 91' lang='lat' dir='ltr'><strong>Domino</strong></span> <span class='ocrx_word' id='word_1_614' title='bbox 3116 3217 3294 3270; x_wconf 92' lang='lat' dir='ltr'><strong>semel</strong></span> <span class='ocrx_word' id='word_1_615' title='bbox 3372 3216 3476 3270; x_wconf 87' lang='lat' dir='ltr'><strong>sub</strong></span> <span class='ocrx_word' id='word_1_616' title='bbox 3528 3219 3653 3271; x_wconf 88' lang='lat' dir='ltr'><strong>velo</strong></span> 
     </span>
    </p>
   </div>
   <div class='ocr_carea' id='block_1_90' title="bbox 1948 3301 3652 3369">
    <p class='ocr_par' dir='ltr' id='par_1_90' title="bbox 1948 3301 3652 3369">
     <span class='ocr_line' id='line_1_91' title="bbox 1948 3301 3652 3369; baseline 0.005 -19"><span class='ocrx_word' id='word_1_617' title='bbox 1948 3301 2426 3367; x_wconf 88' lang='lat' dir='ltr'><strong>consecraverint,</strong></span> <span class='ocrx_word' id='word_1_618' title='bbox 2491 3306 2545 3354; x_wconf 91' lang='lat' dir='ltr'><strong>et</strong></span> <span class='ocrx_word' id='word_1_619' title='bbox 2579 3302 2730 3355; x_wconf 89' lang='lat' dir='ltr'><strong>inter</strong></span> <span class='ocrx_word' id='word_1_620' title='bbox 2782 3304 2997 3357; x_wconf 81' lang='lat' dir='ltr'><strong>velatas</strong></span> <span class='ocrx_word' id='word_1_621' title='bbox 3028 3304 3350 3359; x_wconf 88' lang='lat' dir='ltr'><strong>oblationes</strong></span> <span class='ocrx_word' id='word_1_622' title='bbox 3391 3306 3652 3369; x_wconf 86' lang='lat' dir='ltr'><strong>fecerint,</strong></span> 
     </span>
    </p>
   </div>
   <div class='ocr_carea' id='block_1_91' title="bbox 1949 3385 3332 3460">
    <p class='ocr_par' dir='ltr' id='par_1_91' title="bbox 1949 3385 3332 3460">
     <span class='ocr_line' id='line_1_92' title="bbox 1949 3385 3332 3460; baseline 0.006 -22"><span class='ocrx_word' id='word_1_623' title='bbox 1949 3385 2161 3439; x_wconf 89' lang='lat' dir='ltr'><strong>iterum</strong></span> <span class='ocrx_word' id='word_1_624' title='bbox 2198 3388 2280 3441; x_wconf 90' lang='lat' dir='ltr'><strong>eis</strong></span> <span class='ocrx_word' id='word_1_625' title='bbox 2315 3390 2553 3443; x_wconf 90' lang='lat' dir='ltr'><strong>concedi</strong></span> <span class='ocrx_word' id='word_1_626' title='bbox 2583 3390 2821 3460; x_wconf 89' lang='lat' dir='ltr'><strong>Spiritui</strong></span> <span class='ocrx_word' id='word_1_627' title='bbox 2851 3396 3045 3446; x_wconf 89' lang='lat' dir='ltr'><strong>sancto</strong></span> <span class='ocrx_word' id='word_1_628' title='bbox 3079 3392 3332 3446; x_wconf 91' lang='lat' dir='ltr'><strong>mentiri.</strong></span> 
     </span>
    </p>
   </div>
   <div class='ocr_carea' id='block_1_92' title="bbox 1950 3474 3649 3543">
    <p class='ocr_par' dir='ltr' id='par_1_92' title="bbox 1950 3474 3649 3543">
     <span class='ocr_line' id='line_1_93' title="bbox 1950 3474 3649 3543; baseline 0.004 -16"><span class='ocrx_word' id='word_1_629' title='bbox 1950 3474 2075 3527; x_wconf 80' lang='lat' dir='ltr'><strong>CAP.</strong></span> <span class='ocrx_word' id='word_1_630' title='bbox 2109 3474 2344 3531; x_wconf 86' lang='lat' dir='ltr'><strong>XXXVI.</strong></span> <span class='ocrx_word' id='word_1_631' title='bbox 2364 3482 2517 3532; x_wconf 89' lang='lat' dir='ltr'><strong>—De</strong></span> <span class='ocrx_word' id='word_1_632' title='bbox 2544 3479 2746 3543; x_wconf 84' lang='lat' dir='ltr'><strong>viduis,</strong></span> <span class='ocrx_word' id='word_1_633' title='bbox 2778 3485 2837 3533; x_wconf 88' lang='lat' dir='ltr'><strong>ut</strong></span> <span class='ocrx_word' id='word_1_634' title='bbox 2865 3483 3047 3535; x_wconf 86' lang='lat' dir='ltr'><strong>nullus</strong></span> <span class='ocrx_word' id='word_1_635' title='bbox 3076 3497 3165 3534; x_wconf 89' lang='lat' dir='ltr'><strong>eas</strong></span> <span class='ocrx_word' id='word_1_636' title='bbox 3197 3483 3376 3535; x_wconf 80' lang='lat' dir='ltr'><strong>velare</strong></span> <span class='ocrx_word' id='word_1_637' title='bbox 3405 3485 3649 3536; x_wconf 86' lang='lat' dir='ltr'><strong>attentct.</strong></span> 
     </span>
    </p>
   </div>
   <div class='ocr_carea' id='block_1_93' title="bbox 2022 3543 3649 3619">
    <p class='ocr_par' dir='ltr' id='par_1_93' title="bbox 2022 3543 3649 3619">
     <span class='ocr_line' id='line_1_94' title="bbox 2022 3543 3649 3619; baseline 0.004 -21"><span class='ocrx_word' id='word_1_638' title='bbox 2022 3543 2128 3614; x_wconf 73' lang='lat' dir='ltr'><strong>(Ea:</strong></span> <span class='ocrx_word' id='word_1_639' title='bbox 2150 3549 2337 3601; x_wconf 88' lang='lat' dir='ltr'><strong>concil.</strong></span> <span class='ocrx_word' id='word_1_640' title='bbox 2372 3550 2637 3615; x_wconf 83' lang='lat' dir='ltr'><strong>Mogunl.,</strong></span> <span class='ocrx_word' id='word_1_641' title='bbox 2688 3564 2809 3617; x_wconf 88' lang='lat' dir='ltr'><strong>cap.</strong></span> <span class='ocrx_word' id='word_1_642' title='bbox 2844 3550 2922 3619; x_wconf 87' lang='grc'><strong>6.)</strong></span> <span class='ocrx_word' id='word_1_643' title='bbox 2970 3551 3180 3604; x_wconf 86' lang='lat' dir='ltr'><strong>Viduas</strong></span> <span class='ocrx_word' id='word_1_644' title='bbox 3218 3557 3413 3604; x_wconf 80' lang='lat' dir='ltr'><strong>autem</strong></span> <span class='ocrx_word' id='word_1_645' title='bbox 3461 3553 3649 3605; x_wconf 84' lang='lat' dir='ltr'><strong>velare</strong></span> 
     </span>
    </p>
   </div>
   <div class='ocr_carea' id='block_1_94' title="bbox 1948 3634 3649 3706">
    <p class='ocr_par' dir='ltr' id='par_1_94' title="bbox 1948 3634 3649 3706">
     <span class='ocr_line' id='line_1_95' title="bbox 1948 3634 3649 3706; baseline 0.004 -22"><span class='ocrx_word' id='word_1_646' title='bbox 1948 3634 2287 3703; x_wconf 79' lang='lat' dir='ltr'><strong>pontificum</strong></span> <span class='ocrx_word' id='word_1_647' title='bbox 2327 3636 2519 3689; x_wconf 90' lang='lat' dir='ltr'><strong>nullus</strong></span> <span class='ocrx_word' id='word_1_648' title='bbox 2552 3640 2811 3701; x_wconf 88' lang='lat' dir='ltr'><strong>attentet,</strong></span> <span class='ocrx_word' id='word_1_649' title='bbox 2846 3642 3020 3706; x_wconf 91' lang='lat' dir='ltr'><strong>prout</strong></span> <span class='ocrx_word' id='word_1_650' title='bbox 3051 3637 3428 3692; x_wconf 89' lang='lat' dir='ltr'><strong>constitutum</strong></span> <span class='ocrx_word' id='word_1_651' title='bbox 3458 3644 3542 3691; x_wconf 91' lang='lat' dir='ltr'><strong>est</strong></span> <span class='ocrx_word' id='word_1_652' title='bbox 3590 3639 3649 3691; x_wconf 92' lang='lat' dir='ltr'><strong>in</strong></span> 
     </span>
    </p>
   </div>
   <div class='ocr_carea' id='block_1_95' title="bbox 1950 3721 3654 3793">
    <p class='ocr_par' dir='ltr' id='par_1_95' title="bbox 1950 3721 3654 3793">
     <span class='ocr_line' id='line_1_96' title="bbox 1950 3721 3654 3793; baseline 0.002 -20"><span class='ocrx_word' id='word_1_653' title='bbox 1950 3721 2189 3775; x_wconf 90' lang='lat' dir='ltr'><strong>decretis</strong></span> <span class='ocrx_word' id='word_1_654' title='bbox 2249 3724 2472 3789; x_wconf 86' lang='lat' dir='ltr'><strong>Gelasii,</strong></span> <span class='ocrx_word' id='word_1_655' title='bbox 2527 3724 2776 3793; x_wconf 91' lang='lat' dir='ltr'><strong>capitulo</strong></span> <span class='ocrx_word' id='word_1_656' title='bbox 2835 3725 2969 3791; x_wconf 88' lang='lat' dir='ltr'><strong>XlII,</strong></span> <span class='ocrx_word' id='word_1_657' title='bbox 3033 3726 3183 3793; x_wconf 89' lang='lat' dir='ltr'><strong>quod</strong></span> <span class='ocrx_word' id='word_1_658' title='bbox 3216 3741 3317 3777; x_wconf 89' lang='lat' dir='ltr'><strong>nec</strong></span> <span class='ocrx_word' id='word_1_659' title='bbox 3347 3726 3654 3779; x_wconf 86' lang='lat' dir='ltr'><strong>auctoritas</strong></span> 
     </span>
    </p>
   </div>
   <div class='ocr_carea' id='block_1_96' title="bbox 1947 3810 3654 3883">
    <p class='ocr_par' dir='ltr' id='par_1_96' title="bbox 1947 3810 3654 3883">
     <span class='ocr_line' id='line_1_97' title="bbox 1947 3810 3654 3883; baseline 0.001 -19"><span class='ocrx_word' id='word_1_660' title='bbox 1947 3810 2159 3877; x_wconf 90' lang='lat' dir='ltr'><strong>divina,</strong></span> <span class='ocrx_word' id='word_1_661' title='bbox 2192 3828 2297 3866; x_wconf 91' lang='lat' dir='ltr'><strong>nec</strong></span> <span class='ocrx_word' id='word_1_662' title='bbox 2343 3827 2628 3866; x_wconf 88' lang='lat' dir='ltr'><strong>canonum</strong></span> <span class='ocrx_word' id='word_1_663' title='bbox 2660 3811 2846 3865; x_wconf 89' lang='lat' dir='ltr'><strong>forma</strong></span> <span class='ocrx_word' id='word_1_664' title='bbox 2896 3812 3183 3882; x_wconf 65' lang='lat' dir='ltr'><strong>praestitit.</strong></span> <span class='ocrx_word' id='word_1_665' title='bbox 3235 3812 3371 3876; x_wconf 84' lang='lat' dir='ltr'><strong>Quae</strong></span> <span class='ocrx_word' id='word_1_666' title='bbox 3420 3814 3466 3866; x_wconf 92' lang='lat' dir='ltr'><strong>si</strong></span> <span class='ocrx_word' id='word_1_667' title='bbox 3528 3830 3654 3883; x_wconf 89' lang='lat' dir='ltr'><strong>pro-</strong></span> 
     </span>
    </p>
   </div>
   <div class='ocr_carea' id='block_1_97' title="bbox 1948 3898 3655 3971">
    <p class='ocr_par' dir='ltr' id='par_1_97' title="bbox 1948 3898 3655 3971">
     <span class='ocr_line' id='line_1_98' title="bbox 1948 3898 3655 3971; baseline 0.002 -19"><span class='ocrx_word' id='word_1_668' title='bbox 1948 3898 2075 3969; x_wconf 85' lang='lat' dir='ltr'><strong>pria</strong></span> <span class='ocrx_word' id='word_1_669' title='bbox 2122 3899 2295 3954; x_wconf 91' lang='lat' dir='ltr'><strong>fuerit</strong></span> <span class='ocrx_word' id='word_1_670' title='bbox 2343 3901 2634 3955; x_wconf 90' lang='lat' dir='ltr'><strong>voluntate</strong></span> <span class='ocrx_word' id='word_1_671' title='bbox 2692 3901 3105 3954; x_wconf 88' lang='lat' dir='ltr'><strong>continentiam</strong></span> <span class='ocrx_word' id='word_1_672' title='bbox 3152 3901 3428 3971; x_wconf 89' lang='lat' dir='ltr'><strong>professa,</strong></span> <span class='ocrx_word' id='word_1_673' title='bbox 3483 3907 3542 3955; x_wconf 90' lang='lat' dir='ltr'><strong>ut</strong></span> <span class='ocrx_word' id='word_1_674' title='bbox 3593 3901 3655 3955; x_wconf 88' lang='lat' dir='ltr'><strong>in</strong></span> 
     </span>
    </p>
   </div>
   <div class='ocr_carea' id='block_1_98' title="bbox 1947 3987 3653 4059">
    <p class='ocr_par' dir='ltr' id='par_1_98' title="bbox 1947 3987 3653 4059">
     <span class='ocr_line' id='line_1_99' title="bbox 1947 3987 3653 4059; baseline 0.002 -20"><span class='ocrx_word' id='word_1_675' title='bbox 1947 3987 2204 4056; x_wconf 86' lang='lat' dir='ltr'><strong>ejusdem</strong></span> <span class='ocrx_word' id='word_1_676' title='bbox 2256 3988 2458 4043; x_wconf 88' lang='lat' dir='ltr'><strong>Gelasii</strong></span> <span class='ocrx_word' id='word_1_677' title='bbox 2499 3988 2746 4057; x_wconf 83' lang='lat' dir='ltr'><strong>capitulo</strong></span> <span class='ocrx_word' id='word_1_678' title='bbox 2796 3990 2910 4045; x_wconf 84' lang='lat' dir='ltr'><strong>XXI</strong></span> <span class='ocrx_word' id='word_1_679' title='bbox 2955 3989 3185 4058; x_wconf 84' lang='lat' dir='ltr'><strong>legitur,</strong></span> <span class='ocrx_word' id='word_1_680' title='bbox 3245 3990 3369 4059; x_wconf 87' lang='lat' dir='ltr'><strong>ejus</strong></span> <span class='ocrx_word' id='word_1_681' title='bbox 3409 3989 3653 4043; x_wconf 91' lang='lat' dir='ltr'><strong>intentio</strong></span> 
     </span>
    </p>
   </div>
   <div class='ocr_carea' id='block_1_99' title="bbox 1948 4076 3652 4147">
    <p class='ocr_par' dir='ltr' id='par_1_99' title="bbox 1948 4076 3652 4147">
     <span class='ocr_line' id='line_1_100' title="bbox 1948 4076 3652 4147; baseline 0.001 -19"><span class='ocrx_word' id='word_1_682' title='bbox 1948 4091 2050 4145; x_wconf 90' lang='lat' dir='ltr'><strong>pro</strong></span> <span class='ocrx_word' id='word_1_683' title='bbox 2090 4093 2147 4129; x_wconf 88' lang='lat' dir='ltr'><strong>se</strong></span> <span class='ocrx_word' id='word_1_684' title='bbox 2200 4076 2403 4130; x_wconf 88' lang='lat' dir='ltr'><strong>reddat</strong></span> <span class='ocrx_word' id='word_1_685' title='bbox 2434 4076 2719 4130; x_wconf 90' lang='lat' dir='ltr'><strong>rationem</strong></span> <span class='ocrx_word' id='word_1_686' title='bbox 2752 4078 2867 4131; x_wconf 90' lang='lat' dir='ltr'><strong>Deo</strong></span> <span class='ocrx_word' id='word_1_687' title='bbox 2903 4093 2915 4131; x_wconf 88' lang='lat'><strong>:</strong></span> <span class='ocrx_word' id='word_1_688' title='bbox 2962 4077 3097 4147; x_wconf 89' lang='lat' dir='ltr'><strong>quia</strong></span> <span class='ocrx_word' id='word_1_689' title='bbox 3140 4078 3285 4131; x_wconf 89' lang='lat' dir='ltr'><strong>sicut</strong></span> <span class='ocrx_word' id='word_1_690' title='bbox 3337 4078 3652 4132; x_wconf 89' lang='lat' dir='ltr'><strong>secundum</strong></span> 
     </span>
    </p>
   </div>
   <div class='ocr_carea' id='block_1_100' title="bbox 1944 4165 3653 4234">
    <p class='ocr_par' dir='ltr' id='par_1_100' title="bbox 1944 4165 3653 4234">
     <span class='ocr_line' id='line_1_101' title="bbox 1944 4165 3653 4234; baseline 0.001 -17"><span class='ocrx_word' id='word_1_691' title='bbox 1944 4165 2304 4233; x_wconf 85' lang='lat' dir='ltr'><strong>Apostolum,</strong></span> <span class='ocrx_word' id='word_1_692' title='bbox 2350 4165 2396 4218; x_wconf 91' lang='lat' dir='ltr'><strong>si</strong></span> <span class='ocrx_word' id='word_1_693' title='bbox 2445 4181 2503 4218; x_wconf 92' lang='lat' dir='ltr'><strong>se</strong></span> <span class='ocrx_word' id='word_1_694' title='bbox 2534 4165 2823 4219; x_wconf 86' lang='lat' dir='ltr'><strong>continere</strong></span> <span class='ocrx_word' id='word_1_695' title='bbox 2861 4182 2975 4219; x_wconf 89' lang='lat' dir='ltr'><strong>non</strong></span> <span class='ocrx_word' id='word_1_696' title='bbox 3020 4170 3262 4234; x_wconf 86' lang='lat' dir='ltr'><strong>poterat,</strong></span> <span class='ocrx_word' id='word_1_697' title='bbox 3327 4167 3653 4220; x_wconf 89' lang='lat' dir='ltr'><strong>nullatenus</strong></span> 
     </span>
    </p>
   </div>
   <div class='ocr_carea' id='block_1_101' title="bbox 1801 4252 3650 4345">
    <p class='ocr_par' dir='ltr' id='par_1_101' title="bbox 1801 4252 3650 4345">
     <span class='ocr_line' id='line_1_102' title="bbox 1801 4252 3650 4345; baseline 0.001 -40"><span class='ocrx_word' id='word_1_698' title='bbox 1801 4296 1838 4345; x_wconf 43' lang='grc' dir='ltr'><strong>ι.</strong></span> <span class='ocrx_word' id='word_1_699' title='bbox 1882 4252 2171 4315; x_wconf 86' lang='lat' dir='ltr'><strong>Dnubere</strong></span> <span class='ocrx_word' id='word_1_700' title='bbox 2220 4253 2538 4320; x_wconf 89' lang='lat' dir='ltr'><strong>vetabatur,</strong></span> <span class='ocrx_word' id='word_1_701' title='bbox 2590 4254 2670 4306; x_wconf 92' lang='lat' dir='ltr'><strong>sic</strong></span> <span class='ocrx_word' id='word_1_702' title='bbox 2722 4270 2916 4308; x_wconf 89' lang='lat' dir='ltr'><strong>secum</strong></span> <span class='ocrx_word' id='word_1_703' title='bbox 2962 4254 3158 4307; x_wconf 88' lang='lat' dir='ltr'><strong>habita</strong></span> <span class='ocrx_word' id='word_1_704' title='bbox 3220 4254 3650 4320; x_wconf 90' lang='lat' dir='ltr'><strong>deliberatione,</strong></span> 
     </span>
    </p>
   </div>
   <div class='ocr_carea' id='block_1_102' title="bbox 1954 4341 3650 4411">
    <p class='ocr_par' dir='ltr' id='par_1_102' title="bbox 1954 4341 3650 4411">
     <span class='ocr_line' id='line_1_103' title="bbox 1954 4341 3650 4411; baseline 0.001 -18"><span class='ocrx_word' id='word_1_705' title='bbox 1954 4341 2299 4409; x_wconf 90' lang='lat' dir='ltr'><strong>promissam</strong></span> <span class='ocrx_word' id='word_1_706' title='bbox 2344 4341 2518 4394; x_wconf 81' lang='lat' dir='ltr'><strong>tidem</strong></span> <span class='ocrx_word' id='word_1_707' title='bbox 2562 4341 2849 4411; x_wconf 62' lang='lat' dir='ltr'><strong>pudicitiae</strong></span> <span class='ocrx_word' id='word_1_708' title='bbox 2926 4344 3039 4396; x_wconf 90' lang='lat' dir='ltr'><strong>Deo</strong></span> <span class='ocrx_word' id='word_1_709' title='bbox 3116 4341 3288 4396; x_wconf 91' lang='lat' dir='ltr'><strong>debet</strong></span> <span class='ocrx_word' id='word_1_710' title='bbox 3348 4343 3650 4397; x_wconf 88' lang='lat' dir='ltr'><strong>custodire.</strong></span> 
     </span>
    </p>
   </div>
   <div class='ocr_carea' id='block_1_103' title="bbox 1959 4429 3651 4496">
    <p class='ocr_par' dir='ltr' id='par_1_103' title="bbox 1959 4429 3651 4496">
     <span class='ocr_line' id='line_1_104' title="bbox 1959 4429 3651 4496; baseline 0.001 -14"><span class='ocrx_word' id='word_1_711' title='bbox 1959 4429 2068 4483; x_wconf 87' lang='lat' dir='ltr'><strong>Nos</strong></span> <span class='ocrx_word' id='word_1_712' title='bbox 2100 4434 2314 4495; x_wconf 84' lang='lat' dir='ltr'><strong>autem,</strong></span> <span class='ocrx_word' id='word_1_713' title='bbox 2346 4430 2684 4483; x_wconf 88' lang='lat' dir='ltr'><strong>auctoritate</strong></span> <span class='ocrx_word' id='word_1_714' title='bbox 2712 4432 2945 4484; x_wconf 91' lang='lat' dir='ltr'><strong>Patrum</strong></span> <span class='ocrx_word' id='word_1_715' title='bbox 2978 4430 3217 4496; x_wconf 72' lang='lat' dir='ltr'><strong>suti’ulti,</strong></span> <span class='ocrx_word' id='word_1_716' title='bbox 3250 4430 3310 4483; x_wconf 91' lang='lat' dir='ltr'><strong>in</strong></span> <span class='ocrx_word' id='word_1_717' title='bbox 3337 4430 3441 4483; x_wconf 89' lang='lat' dir='ltr'><strong>hoc</strong></span> <span class='ocrx_word' id='word_1_718' title='bbox 3490 4445 3651 4484; x_wconf 85' lang='lat' dir='ltr'><strong>sacro</strong></span> 
     </span>
    </p>
   </div>
   <div class='ocr_carea' id='block_1_104' title="bbox 1954 4517 3651 4588">
    <p class='ocr_par' dir='ltr' id='par_1_104' title="bbox 1954 4517 3651 4588">
     <span class='ocr_line' id='line_1_105' title="bbox 1954 4517 3651 4588; baseline 0.002 -19"><span class='ocrx_word' id='word_1_719' title='bbox 1954 4521 2239 4570; x_wconf 87' lang='lat' dir='ltr'><strong>conventu</strong></span> <span class='ocrx_word' id='word_1_720' title='bbox 2283 4518 2594 4583; x_wconf 89' lang='lat' dir='ltr'><strong>sancimus,</strong></span> <span class='ocrx_word' id='word_1_721' title='bbox 2642 4522 2695 4571; x_wconf 89' lang='lat' dir='ltr'><strong>et</strong></span> <span class='ocrx_word' id='word_1_722' title='bbox 2736 4518 2911 4571; x_wconf 80' lang='lat' dir='ltr'><strong>libere</strong></span> <span class='ocrx_word' id='word_1_723' title='bbox 2949 4518 3297 4588; x_wconf 89' lang='lat' dir='ltr'><strong>judicamus,</strong></span> <span class='ocrx_word' id='word_1_724' title='bbox 3357 4517 3404 4570; x_wconf 89' lang='lat' dir='ltr'><strong>si</strong></span> <span class='ocrx_word' id='word_1_725' title='bbox 3451 4525 3651 4588; x_wconf 87' lang='lat' dir='ltr'><strong>sponte</strong></span> 
     </span>
    </p>
   </div>
   <div class='ocr_carea' id='block_1_105' title="bbox 1953 4606 3652 4676">
    <p class='ocr_par' dir='ltr' id='par_1_105' title="bbox 1953 4606 3652 4676">
     <span class='ocr_line' id='line_1_106' title="bbox 1953 4606 3652 4676; baseline 0.001 -19"><span class='ocrx_word' id='word_1_726' title='bbox 1953 4607 2230 4673; x_wconf 90' lang='lat' dir='ltr'><strong>velamen,</strong></span> <span class='ocrx_word' id='word_1_727' title='bbox 2284 4606 2545 4676; x_wconf 88' lang='lat' dir='ltr'><strong>quamvis</strong></span> <span class='ocrx_word' id='word_1_728' title='bbox 2586 4622 2704 4659; x_wconf 89' lang='lat' dir='ltr'><strong>non</strong></span> <span class='ocrx_word' id='word_1_729' title='bbox 2750 4612 3163 4672; x_wconf 90' lang='lat' dir='ltr'><strong>consecratum,</strong></span> <span class='ocrx_word' id='word_1_730' title='bbox 3222 4606 3328 4659; x_wconf 90' lang='lat' dir='ltr'><strong>sibi</strong></span> <span class='ocrx_word' id='word_1_731' title='bbox 3356 4606 3652 4674; x_wconf 57' lang='lat' dir='ltr'><strong>{imposue-</strong></span> 
     </span>
    </p>
   </div>
   <div class='ocr_carea' id='block_1_106' title="bbox 1952 4692 3650 4751">
    <p class='ocr_par' dir='ltr' id='par_1_106' title="bbox 1952 4692 3650 4751">
     <span class='ocr_line' id='line_1_107' title="bbox 1952 4692 3650 4751; baseline 0.001 -4"><span class='ocrx_word' id='word_1_732' title='bbox 1952 4693 2045 4751; x_wconf 90' lang='lat' dir='ltr'><strong>rit.</strong></span> <span class='ocrx_word' id='word_1_733' title='bbox 2070 4694 2216 4747; x_wconf 88' lang='lat' dir='ltr'><strong>etin</strong></span> <span class='ocrx_word' id='word_1_734' title='bbox 2249 4694 2483 4747; x_wconf 88' lang='lat' dir='ltr'><strong>ecclesia</strong></span> <span class='ocrx_word' id='word_1_735' title='bbox 2513 4692 2664 4746; x_wconf 89' lang='lat' dir='ltr'><strong>inter</strong></span> <span class='ocrx_word' id='word_1_736' title='bbox 2713 4693 2924 4746; x_wconf 87' lang='lat' dir='ltr'><strong>velatas</strong></span> <span class='ocrx_word' id='word_1_737' title='bbox 2983 4694 3333 4747; x_wconf 90' lang='lat' dir='ltr'><strong>oblationem</strong></span> <span class='ocrx_word' id='word_1_738' title='bbox 3386 4694 3501 4747; x_wconf 92' lang='lat' dir='ltr'><strong>Deo</strong></span> <span class='ocrx_word' id='word_1_739' title='bbox 3550 4695 3650 4749; x_wconf 90' lang='lat' dir='ltr'><strong>ob-</strong></span> 
     </span>
    </p>
   </div>
   <div class='ocr_carea' id='block_1_107' title="bbox 1951 4781 3651 4849">
    <p class='ocr_par' dir='ltr' id='par_1_107' title="bbox 1951 4781 3651 4849">
     <span class='ocr_line' id='line_1_108' title="bbox 1951 4781 3651 4849; baseline 0.001 -15"><span class='ocrx_word' id='word_1_740' title='bbox 1951 4783 2166 4847; x_wconf 90' lang='lat' dir='ltr'><strong>tulerit,</strong></span> <span class='ocrx_word' id='word_1_741' title='bbox 2212 4782 2369 4849; x_wconf 88' lang='lat' dir='ltr'><strong>velit,</strong></span> <span class='ocrx_word' id='word_1_742' title='bbox 2430 4781 2595 4848; x_wconf 90' lang='lat' dir='ltr'><strong>nolit,</strong></span> <span class='ocrx_word' id='word_1_743' title='bbox 2654 4781 3045 4835; x_wconf 76' lang='lat' dir='ltr'><strong>sanctimonize</strong></span> <span class='ocrx_word' id='word_1_744' title='bbox 3099 4782 3358 4835; x_wconf 87' lang='lat' dir='ltr'><strong>habitum</strong></span> <span class='ocrx_word' id='word_1_745' title='bbox 3408 4782 3651 4836; x_wconf 89' lang='lat' dir='ltr'><strong>ulterius</strong></span> 
     </span>
    </p>
   </div>
   <div class='ocr_carea' id='block_1_108' title="bbox 1950 4869 3649 4937">
    <p class='ocr_par' dir='ltr' id='par_1_108' title="bbox 1950 4869 3649 4937">
     <span class='ocr_line' id='line_1_109' title="bbox 1950 4869 3649 4937; baseline 0.002 -16"><span class='ocrx_word' id='word_1_746' title='bbox 1950 4869 2160 4923; x_wconf 86' lang='lat' dir='ltr'><strong>habere</strong></span> <span class='ocrx_word' id='word_1_747' title='bbox 2194 4870 2378 4937; x_wconf 92' lang='lat' dir='ltr'><strong>debet,</strong></span> <span class='ocrx_word' id='word_1_748' title='bbox 2440 4870 2571 4922; x_wconf 89' lang='lat' dir='ltr'><strong>licet</strong></span> <span class='ocrx_word' id='word_1_749' title='bbox 2601 4872 2958 4922; x_wconf 88' lang='lat' dir='ltr'><strong>sacramento</strong></span> <span class='ocrx_word' id='word_1_750' title='bbox 3019 4870 3357 4923; x_wconf 81' lang='lat' dir='ltr'><strong>confirmare</strong></span> <span class='ocrx_word' id='word_1_751' title='bbox 3417 4870 3551 4923; x_wconf 90' lang='lat' dir='ltr'><strong>velit</strong></span> <span class='ocrx_word' id='word_1_752' title='bbox 3584 4887 3649 4925; x_wconf 90' lang='lat' dir='ltr'><strong>eo</strong></span> 
     </span>
    </p>
   </div>
   <div class='ocr_carea' id='block_1_109' title="bbox 1950 4957 3645 5027">
    <p class='ocr_par' dir='ltr' id='par_1_109' title="bbox 1950 4957 3645 5027">
     <span class='ocr_line' id='line_1_110' title="bbox 1950 4957 3645 5027; baseline 0.001 -18"><span class='ocrx_word' id='word_1_753' title='bbox 1950 4962 2147 5012; x_wconf 89' lang='lat' dir='ltr'><strong>tenore</strong></span> <span class='ocrx_word' id='word_1_754' title='bbox 2199 4964 2251 5011; x_wconf 92' lang='lat' dir='ltr'><strong>et</strong></span> <span class='ocrx_word' id='word_1_755' title='bbox 2303 4957 2525 5010; x_wconf 88' lang='lat' dir='ltr'><strong>ratione</strong></span> <span class='ocrx_word' id='word_1_756' title='bbox 2573 4958 2833 5010; x_wconf 89' lang='lat' dir='ltr'><strong>velamen</strong></span> <span class='ocrx_word' id='word_1_757' title='bbox 2885 4958 2993 5010; x_wconf 89' lang='lat' dir='ltr'><strong>sibi</strong></span> <span class='ocrx_word' id='word_1_758' title='bbox 3042 4957 3383 5027; x_wconf 88' lang='lat' dir='ltr'><strong>imposuisse</strong></span> <span class='ocrx_word' id='word_1_759' title='bbox 3432 4962 3494 5011; x_wconf 91' lang='lat' dir='ltr'><strong>ut</strong></span> <span class='ocrx_word' id='word_1_760' title='bbox 3539 4958 3645 5011; x_wconf 89' lang='lat' dir='ltr'><strong>ite-</strong></span> 
     </span>
    </p>
   </div>
   <div class='ocr_carea' id='block_1_110' title="bbox 1950 5047 2635 5115">
    <p class='ocr_par' dir='ltr' id='par_1_110' title="bbox 1950 5047 2635 5115">
     <span class='ocr_line' id='line_1_111' title="bbox 1950 5047 2635 5115; baseline 0 -17"><span class='ocrx_word' id='word_1_761' title='bbox 1950 5063 2079 5099; x_wconf 86' lang='lat' dir='ltr'><strong>rum</strong></span> <span class='ocrx_word' id='word_1_762' title='bbox 2116 5050 2307 5115; x_wconf 86' lang='lat' dir='ltr'><strong>posset</strong></span> <span class='ocrx_word' id='word_1_763' title='bbox 2326 5047 2635 5115; x_wconf 88' lang='lat' dir='ltr'><strong>deponere.</strong></span> 
     </span>
    </p>
   </div>
   <div class='ocr_carea' id='block_1_111' title="bbox 1949 5135 3651 5202">
    <p class='ocr_par' dir='ltr' id='par_1_111' title="bbox 1949 5135 3651 5202">
     <span class='ocr_line' id='line_1_112' title="bbox 1949 5135 3651 5202; baseline -0.001 -13"><span class='ocrx_word' id='word_1_764' title='bbox 1949 5136 2077 5189; x_wconf 80' lang='lat' dir='ltr'><strong>CAP.</strong></span> <span class='ocrx_word' id='word_1_765' title='bbox 2109 5135 2372 5187; x_wconf 87' lang='lat' dir='ltr'><strong>XXXVII.</strong></span> <span class='ocrx_word' id='word_1_766' title='bbox 2391 5138 2543 5187; x_wconf 85' lang='lat' dir='ltr'><strong>—-De</strong></span> <span class='ocrx_word' id='word_1_767' title='bbox 2571 5135 2839 5188; x_wconf 86' lang='lat' dir='ltr'><strong>nobilibus</strong></span> <span class='ocrx_word' id='word_1_768' title='bbox 2864 5136 3084 5199; x_wconf 81' lang='lat' dir='ltr'><strong>feminis</strong></span> <span class='ocrx_word' id='word_1_769' title='bbox 3102 5149 3238 5202; x_wconf 55' lang='lat' dir='ltr'><strong>qua,</strong></span> <span class='ocrx_word' id='word_1_770' title='bbox 3258 5139 3546 5202; x_wconf 85' lang='lat' dir='ltr'><strong>postquam</strong></span> <span class='ocrx_word' id='word_1_771' title='bbox 3568 5152 3651 5188; x_wconf 86' lang='lat' dir='ltr'><strong>ve-</strong></span> 
     </span>
    </p>
   </div>
   <div class='ocr_carea' id='block_1_112' title="bbox 2020 5205 3644 5271">
    <p class='ocr_par' dir='ltr' id='par_1_112' title="bbox 2020 5205 3644 5271">
     <span class='ocr_line' id='line_1_113' title="bbox 2020 5205 3644 5271; baseline 0.001 -12"><span class='ocrx_word' id='word_1_772' title='bbox 2020 5207 2142 5259; x_wconf 72' lang='lat' dir='ltr'><strong>latae</strong></span> <span class='ocrx_word' id='word_1_773' title='bbox 2187 5208 2413 5271; x_wconf 77' lang='lat' dir='ltr'><strong>fuerint,</strong></span> <span class='ocrx_word' id='word_1_774' title='bbox 2466 5205 2613 5259; x_wconf 87' lang='lat' dir='ltr'><strong>domi</strong></span> <span class='ocrx_word' id='word_1_775' title='bbox 2640 5209 2699 5258; x_wconf 91' lang='lat' dir='ltr'><strong>in</strong></span> <span class='ocrx_word' id='word_1_776' title='bbox 2746 5206 2954 5258; x_wconf 88' lang='lat' dir='ltr'><strong>deliciis</strong></span> <span class='ocrx_word' id='word_1_777' title='bbox 3011 5205 3244 5257; x_wconf 78' lang='lat' dir='ltr'><strong>residere</strong></span> <span class='ocrx_word' id='word_1_778' title='bbox 3293 5205 3644 5261; x_wconf 84' lang='lat' dir='ltr'><strong>delectantur.</strong></span> 
     </span>
    </p>
   </div>
   <div class='ocr_carea' id='block_1_113' title="bbox 2018 5293 3643 5365">
    <p class='ocr_par' dir='ltr' id='par_1_113' title="bbox 2018 5293 3643 5365">
     <span class='ocr_line' id='line_1_114' title="bbox 2018 5293 3643 5365; baseline 0 -17"><span class='ocrx_word' id='word_1_779' title='bbox 2018 5294 2125 5365; x_wconf 82' lang='lat' dir='ltr'><strong>(Ea:</strong></span> <span class='ocrx_word' id='word_1_780' title='bbox 2174 5295 2397 5347; x_wconf 86' lang='lat' dir='ltr'><strong>concilio</strong></span> <span class='ocrx_word' id='word_1_781' title='bbox 2435 5294 2586 5362; x_wconf 84' lang='lat' dir='ltr'><strong>apud</strong></span> <span class='ocrx_word' id='word_1_782' title='bbox 2629 5296 2999 5361; x_wconf 72' lang='lat' dir='ltr'><strong>Aquisgran.,</strong></span> <span class='ocrx_word' id='word_1_783' title='bbox 3044 5293 3309 5347; x_wconf 87' lang='lat' dir='ltr'><strong>Ludovico</strong></span> <span class='ocrx_word' id='word_1_784' title='bbox 3358 5294 3456 5347; x_wconf 88' lang='lat' dir='ltr'><strong>Pio</strong></span> <span class='ocrx_word' id='word_1_785' title='bbox 3500 5310 3643 5363; x_wconf 76' lang='lat' dir='ltr'><strong>pra:-</strong></span> 
     </span>
    </p>
   </div>
   <div class='ocr_carea' id='block_1_114' title="bbox 1944 5381 3646 5452">
    <p class='ocr_par' dir='ltr' id='par_1_114' title="bbox 1944 5381 3646 5452">
     <span class='ocr_line' id='line_1_115' title="bbox 1944 5381 3646 5452; baseline -0.001 -15"><span class='ocrx_word' id='word_1_786' title='bbox 1944 5389 2107 5450; x_wconf 80' lang='lat' dir='ltr'><strong>sente,</strong></span> <span class='ocrx_word' id='word_1_787' title='bbox 2147 5384 2322 5451; x_wconf 80' lang='lat' dir='ltr'><strong>capite</strong></span> <span class='ocrx_word' id='word_1_788' title='bbox 2369 5383 2440 5449; x_wconf 89' lang='lat'><strong>6.)</strong></span> <span class='ocrx_word' id='word_1_789' title='bbox 2482 5383 2557 5435; x_wconf 89' lang='lat' dir='ltr'><strong>De</strong></span> <span class='ocrx_word' id='word_1_790' title='bbox 2606 5381 2898 5435; x_wconf 89' lang='lat' dir='ltr'><strong>nobilibus</strong></span> <span class='ocrx_word' id='word_1_791' title='bbox 2945 5381 3177 5435; x_wconf 87' lang='lat' dir='ltr'><strong>feminis</strong></span> <span class='ocrx_word' id='word_1_792' title='bbox 3226 5398 3354 5452; x_wconf 73' lang='lat' dir='ltr'><strong>quae</strong></span> <span class='ocrx_word' id='word_1_793' title='bbox 3420 5383 3646 5437; x_wconf 85' lang='lat' dir='ltr'><strong>amissis</strong></span> 
     </span>
    </p>
   </div>
   <div class='ocr_carea' id='block_1_115' title="bbox 1943 5470 3651 5541">
    <p class='ocr_par' dir='ltr' id='par_1_115' title="bbox 1943 5470 3651 5541">
     <span class='ocr_line' id='line_1_116' title="bbox 1943 5470 3651 5541; baseline -0.001 -16"><span class='ocrx_word' id='word_1_794' title='bbox 1943 5473 2079 5526; x_wconf 89' lang='lat' dir='ltr'><strong>viris</strong></span> <span class='ocrx_word' id='word_1_795' title='bbox 2099 5475 2333 5541; x_wconf 89' lang='lat' dir='ltr'><strong>repente</strong></span> <span class='ocrx_word' id='word_1_796' title='bbox 2382 5472 2664 5536; x_wconf 86' lang='lat' dir='ltr'><strong>velantur,</strong></span> <span class='ocrx_word' id='word_1_797' title='bbox 2706 5475 2765 5524; x_wconf 90' lang='lat' dir='ltr'><strong>et</strong></span> <span class='ocrx_word' id='word_1_798' title='bbox 2826 5470 2884 5523; x_wconf 90' lang='lat' dir='ltr'><strong>in</strong></span> <span class='ocrx_word' id='word_1_799' title='bbox 2938 5470 3189 5540; x_wconf 85' lang='lat' dir='ltr'><strong>propriis</strong></span> <span class='ocrx_word' id='word_1_800' title='bbox 3234 5471 3499 5525; x_wconf 89' lang='lat' dir='ltr'><strong>domibus</strong></span> <span class='ocrx_word' id='word_1_801' title='bbox 3568 5471 3651 5524; x_wconf 90' lang='lat' dir='ltr'><strong>di-</strong></span> 
     </span>
    </p>
   </div>
   <div class='ocr_carea' id='block_1_116' title="bbox 1943 5559 3643 5631">
    <p class='ocr_par' dir='ltr' id='par_1_116' title="bbox 1943 5559 3643 5631">
     <span class='ocr_line' id='line_1_117' title="bbox 1943 5559 3643 5631; baseline -0.002 -16"><span class='ocrx_word' id='word_1_802' title='bbox 1943 5576 2132 5617; x_wconf 86' lang='lat' dir='ltr'><strong>versas</strong></span> <span class='ocrx_word' id='word_1_803' title='bbox 2181 5559 2544 5615; x_wconf 87' lang='lat' dir='ltr'><strong>necessitates</strong></span> <span class='ocrx_word' id='word_1_804' title='bbox 2592 5563 2947 5631; x_wconf 91' lang='lat' dir='ltr'><strong>opponentes</strong></span> <span class='ocrx_word' id='word_1_805' title='bbox 3020 5559 3271 5614; x_wconf 88' lang='lat' dir='ltr'><strong>residere</strong></span> <span class='ocrx_word' id='word_1_806' title='bbox 3346 5560 3643 5615; x_wconf 85' lang='lat' dir='ltr'><strong>delectan-</strong></span> 
     </span>
    </p>
   </div>
  </div>
