3972 6192
353 290 454 341 799

1431 292 1841 348 BURCHARDI
1884 295 2419 354 WORMACIENSIS
2459 301 2796 358 EPISCOI’I.
3735 321 3824 369 800

349 417 464 480 tur,
498 413 568 468 de
590 413 800 485 quibus
832 415 894 468 in
941 414 1068 469 aliis
1097 415 1470 470 conventibus
1506 403 1701 471 coram
1743 419 2045 474 serenitate
2084 423 2130 474 A
2159 421 2294 488 rint,
2324 427 2494 494 atque
2525 425 2595 478 ad
2629 427 2908 480 secundas
2942 428 3170 499 nuptias
3209 431 3517 487 transitum
3574 433 3830 491 fecerint?

347 508 534 558 vestra
583 503 706 574 jam
775 503 994 558 dudum
1064 505 1403 559 ventilatum
1472 511 1531 559 et
1573 506 1874 561 deﬁnitum
1940 515 2043 572 est,

347 591 557 660 majori
593 592 905 663 solertique
962 593 1154 647 studio
1213 593 1600 648 admonendas
1644 599 1700 648 et
1753 595 2049 650 instruen-

347 681 448 732 das
496 680 565 734 ab
635 679 918 750 episcopis
969 681 1294 746 statuimus,
1349 686 1632 752 quatenus
1698 699 1817 738 sua
1877 685 2047 738 saluti

345 769 663 834 consulant,
723 784 795 822 ne
841 769 923 822 sic
995 768 1303 824 indiscrete
1364 769 1625 837 vivendo,
1681 774 1738 825 et
1812 773 2049 843 propria

343 855 629 926 noxiaque
660 855 921 910 libertate
975 858 1208 923 utendo,
1250 861 1306 912 et
1349 874 1452 928 per
1481 859 1700 913 diversa
1762 860 2044 930 vagando,

347 945 664 1014 periculum
697 943 1023 998 animarum
1068 962 1301 1000 suarum
1341 946 1658 1013 incurrant,
1704 963 1931 1017 semper
1976 948 2043 1001 il-

344 1033 441 1086 lud
473 1031 847 1101 apostolicum
894 1039 1023 1086 ante
1065 1035 1258 1087 oculos
1283 1033 1575 1100 habentes,
1625 1052 1740 1106 quo
1788 1036 2042 1090 dicitur:

349 1120 527 1173 Vidua
557 1135 684 1189 qua
705 1119 762 1172 in
789 1119 849 1172 in
875 1121 1094 1174 deliciis
1121 1127 1223 1189 est,
1257 1121 1449 1176 vivens
1477 1128 1705 1176 mortua
1727 1129 1829 1177 est.

345 1225 470 1278 CAP.
492 1225 753 1279 XXXVIII.
779 1255 848 1267 —
871 1229 944 1279 De
968 1227 1052 1280 his
1074 1230 1170 1294 qui
1196 1229 1401 1282 velatas
1422 1234 1471 1282 et
1497 1230 1606 1283 Deo
1628 1233 1962 1284 consecratas
1988 1232 2045 1284 in

873 1299 1186 1365 conjugium
1227 1300 1506 1354 duxerint.

413 1385 521 1449 (Ea:
567 1385 787 1437 concilio
855 1385 1166 1454 Aureliam,
1206 1391 1383 1456 capite
1443 1387 1551 1455 23.)
1584 1386 1638 1442 Si
1695 1387 1824 1458 quis
1881 1404 2040 1442 sacro

339 1473 619 1526 velamine
675 1479 1060 1527 consecratam
1124 1475 1183 1527 in
1249 1475 1583 1545 conjugium
1665 1475 1912 1542 duxerit,
1988 1481 2043 1529 et

339 1565 471 1630 post
496 1561 746 1615 dicatum
781 1563 890 1616 Deo
921 1562 1279 1632 propositum
1339 1563 1553 1617 incesta
1608 1564 1824 1618 fadera
1876 1566 2042 1618 sacri-

2159 511 2296 574 Qua
2327 517 2384 565 et
2419 511 2468 564 si
2489 512 2761 567 violentia
2787 514 3040 570 irruente
3069 517 3139 570 ab
3173 517 3367 589 aliquo
3419 535 3699 592 oppressa
3723 523 3826 578 fue-

2155 599 2295 664 rint,
2327 616 2392 653 ac
2419 605 2618 670 postea
2650 602 3025 659 delectatione
3063 606 3320 660 libidinis
3373 617 3737 678 permanente
3779 614 3829 667 in

2157 687 2423 758 conjugio
2456 689 2668 760 raptori
2695 691 2782 744 vel
2813 691 3062 747 violento
3095 695 3218 748 viro
3250 698 3658 766 consenserint,
3689 701 3830 754 dam-

2155 779 2391 832 natione
2438 781 2702 850 superius
2732 781 2884 836 dicta
2935 789 3242 839 teneantur
3269 787 3553 843 obnoxia.
3596 792 3670 845 De
3719 793 3828 845 tali-

2155 864 2261 919 bus
2309 867 2391 920 ait
2437 869 2788 938 Apostolus:
2841 870 2983 925 Cum
3048 873 3203 927 enim
3270 875 3567 930 luxuriata
3616 879 3827 942 fuerint,

2155 955 2373 1009 nubere
2425 956 2486 1010 in
2525 957 2745 1012 Christo
2814 960 3012 1014 volunt
3062 962 3337 1016 habentes
3397 965 3829 1034 damnationem,

2154 1043 2290 1114 quia
2318 1045 2566 1114 primam
2594 1047 2762 1100 fidem
2798 1047 3016 1102 irritam
3046 1050 3318 1104 fecerunt.

2615 1135 2741 1190 CAP.
2769 1137 2872 1190 XL.
2910 1168 2978 1176 —
3009 1142 3079 1192 De
3104 1139 3288 1194 eadem
3310 1158 3385 1193 re.

2251 1222 2360 1291 (Ex
2387 1221 2532 1276 decr.
2568 1225 2866 1294 Zephyrini
2883 1242 3062 1294 papa,
3093 1230 3270 1296 capite
3308 1229 3384 1297 4.)
3420 1231 3487 1284 Ut
3513 1231 3698 1286 vidua
3727 1249 3824 1286 non

2152 1309 2266 1364 sint
2293 1310 2353 1364 in
2384 1311 2620 1378 deliciis,
2655 1315 2774 1379 sed,
2808 1316 3123 1370 secundum
3149 1319 3500 1388 Apostolum,
3537 1320 3642 1373 sub
3689 1327 3828 1392 pote-

2153 1402 2295 1452 state
2328 1399 2581 1470 episcopi
2614 1401 2821 1456 vivant.

2613 1491 2740 1545 CAP.
2766 1491 2897 1545 XLI.
2920 1521 2992 1532 —
3013 1496 3082 1547 De
3109 1494 3294 1549 eadem
3311 1513 3385 1549 re.

2222 1577 2485 1646 (Apostol.
2521 1579 2700 1647 dicit.)
2735 1579 3008 1651 Pracipe,
3047 1582 3254 1652 inquit,
3297 1590 3360 1638 ut
3381 1585 3568 1640 vidua
3617 1586 3832 1658 irrepre-

343 1649 582 1719 legaque
631 1649 944 1714 miscuerit,
995 1655 1060 1704 ιιι
1112 1651 1171 1704 in
1236 1651 1558 1706 constitutis
1605 1653 1810 1706 GelaSii
1853 1670 2037 1724 ρδρεε,
2081 1697 2120 1751 Β
2149 1665 2459 1720 hensibiles
2490 1666 2623 1721 sint.
2656 1667 2838 1721 Vidua
2877 1668 3122 1738 eligatur
3147 1687 3264 1725 non
3305 1672 3494 1727 minus
3555 1675 3642 1730 XL
3672 1637 3834 1731 anrno-

341 1753 463 1806 cap.
504 1738 608 1803 XX,
634 1737 860 1807 legitur,
887 1737 1153 1808 protinus
1183 1756 1414 1810 aquum
1447 1746 1530 1794 est
1574 1757 1733 1794 sacra
1779 1758 2038 1796 commu-

341 1823 514 1878 nione
561 1825 809 1890 detrudi,
863 1831 918 1879 et
960 1827 1071 1880 nisi
1119 1844 1222 1898 per
1278 1829 1568 1897 publicam
1618 1830 2037 1901 probatamqne

342 1911 736 1982 panitentiam
764 1914 1000 1968 omnino
1025 1931 1144 1969 non
1180 1917 1376 1986 recipi.
1428 1917 1486 1972 Si
1519 1926 1708 1971 tamen
1764 1919 2039 1988 panitue-

336 2001 471 2068 rint,
517 2002 944 2056 transeuntibus
990 2003 1060 2057 de
1111 2006 1317 2058 saculo
1359 2005 1627 2060 viaticum
1682 2023 1799 2061 non
1858 2024 2035 2079 nege—

342 2095 449 2144 tur.
483 2091 548 2144 In
599 2091 1048 2145 Chalcedonensi
1095 2093 1360 2156 concilio,
1405 2111 1529 2164 cap.
1585 2096 1719 2162 XVI,
1759 2096 1868 2150 hoc
1913 2113 2038 2166 per-

340 2181 631 2246 petrantes
671 2180 1254 2235 excommunicantur.
1321 2182 1738 2238 Conﬁtentibus
1784 2183 2035 2238 auctori-

341 2269 456 2320 tate
501 2266 751 2338 episcopi
806 2267 1197 2324 misericordia
1243 2271 1500 2342 largitur.
1541 2273 1605 2326 In
1647 2271 1888 2342 epistola
1933 2272 2035 2343 Sy-

339 2353 464 2408 ricii
497 2371 674 2425 papa,
717 2372 840 2427 cap.
891 2358 978 2422 VI,
1016 2359 1216 2413 velata
1269 2364 1326 2414 et
1379 2361 1494 2414 Deo
1564 2366 1932 2427 consecrata,
1989 2360 2037 2414 si

342 2442 561 2512 abjecto
614 2445 908 2514 proposito
984 2447 1296 2502 sanctitatis
1370 2449 1693 2503 clanculum
1763 2449 2037 2519 sacrilega

342 2529 680 2599 contagione
727 2548 786 2585 se
835 2532 1186 2602 miscuerint,
1239 2525 1309 2590 -et
1369 2536 1580 2590 illicitis
1645 2537 2036 2606 complexibus

340 2617 565 2688 publica
612 2622 668 2672 et
732 2620 908 2676 libere
957 2622 1107 2676 ﬁlios
1147 2625 1592 2693 procreaverint,
1651 2623 1754 2679 has
1807 2625 2035 2696 nuptias

341 2705 700 2761 detestabiles
731 2725 765 2762 a
809 2710 1289 2766 monasteriorum
1346 2717 1514 2775 catu,
1552 2718 1609 2766 et
1662 2713 2032 2768 ecclesiarum

341 2796 712 2850 conventibus
749 2798 1130 2854 eliminandas
1159 2816 1280 2854 esse
1308 2801 1629 2872 judicatum
1655 2807 1738 2856 est
1773 2818 1785 2856 :
1827 2814 2034 2873 quate-

342 2898 449 2936 nus
495 2883 742 2939 detrusa
808 2888 1131 2956 ergastulis,
1203 2893 1428 2943 tantum
1483 2890 1702 2944 facinus
1762 2890 2032 2944 continua

2147 1768 2298 1819 rum,
2361 1754 2420 1807 in
2477 1754 2748 1824 Operibus
2823 1756 2986 1809 bonis
3042 1759 3437 1814 testimonium
3505 1762 3740 1830 habens,
3795 1765 3834 1818 si

2148 1842 2296 1896 ﬁlios
2345 1843 2627 1908 educavit,
2678 1848 2781 1897 etc.
2833 1844 3332 1902 Adolescentiores
3387 1849 3592 1903 viduas
3639 1851 3827 1906 devita.

2149 1930 2289 1984 Cum
2322 1932 2475 1985 enim
2508 1932 2810 1986 luxuriata
2839 1933 3074 2000 fuerint,
3109 1935 3168 1988 in
3214 1936 3437 1991 Christo
3485 1939 3702 1993 nubere
3747 1958 3830 1993 vo-

2145 2017 2291 2084 lunt,
2318 2018 2610 2085 [habentes
2661 2019 3106 2088 damnationem,
3162 2025 3297 2094 quia
3355 2026 3605 2096 primam
3680 2027 3830 2082 ﬁdem

2146 2105 2369 2160 irritam
2422 2108 2723 2162 fecerunt:
2776 2109 2949 2164 simul
2986 2116 3042 2165 et
3097 2112 3291 2168 otiosa
3341 2116 3644 2185 loquentes
3694 2117 3830 2188 quod

2145 2209 2261 2247 non
2307 2199 2549 2264 oportet.
2587 2197 2720 2250 Volo
2775 2213 2912 2268 ergo
2955 2197 3218 2268 juniores
3260 2201 3495 2271 nubere,
3556 2219 3830 2274 procreare

2145 2281 2313 2348 ﬁlios,
2358 2284 2815 2338 matresfamilias
2845 2302 2986 2355 esse,
3031 2288 3248 2342 nullam
3296 2291 3656 2346 occasionem
3713 2293 3831 2346 dare

2147 2371 2491 2439 adversario,
2559 2373 2849 2427 maledicti
2923 2376 3126 2445 gratia.
3181 2379 3304 2432 Iam
3376 2379 3532 2433 enim
3591 2382 3832 2452 quadam

2148 2475 2437 2514 conversa
2467 2466 2601 2515 sunt
2623 2468 2777 2516 retro
2807 2462 3095 2518 Satanam.

2147 2567 2273 2621 Car.
2298 2567 2455 2621 XLII.
2489 2599 2557 2607 —
2589 2571 2666 2623 De
2692 2570 2918 2635 feminis
2962 2586 3196 2638 quarum
3237 2576 3431 2628 mariti
3477 2575 3735 2641 obierint,
3786 2581 3837 2628 ut

2718 2656 2825 2693 non
2865 2643 2970 2695 cito
3002 2658 3057 2696 se
3089 2645 3280 2697 velent.

2215 2725 2324 2798 (Ea:
2365 2727 2586 2780 concilio
2630 2728 2934 2792 Aureliam,
2966 2732 3143 2799 capite
3187 2733 3263 2798 5.)
3298 2732 3377 2786 De
3433 2733 3667 2788 feminis
3705 2751 3838 2806 .qua

2143 2814 2296 2868 viros
2345 2815 2638 2881 amittunt,
2689 2817 2872 2885 placet
2921 2833 2990 2870 ne
3035 2834 3093 2871 se
3145 2818 3288 2873 sicut
3335 2819 3614 2876 hactenus
3671 2823 3837 2877 indis-

2144 2907 2295 2957 crete
2352 2902 2559 2972 velent,
2623 2905 2720 2958 sed
2783 2905 3024 2976 triginta
3051 2905 3171 2960 dies
3200 2911 3332 2977 post
3387 2908 3685 2964 decessum
3743 2910 3838 2964 viri

342 2971 746 3027 lamentatione
779 2973 1046 3029 defleant.
1085 2977 1241 3031 Unde
1311 2977 1483 3031 verbo
1526 2978 1753 3032 Domini
1785 2983 1839 3032 et
1866 2994 2041 3032 cano—
2080 2979 2122 3034 C
2151 2991 2240 3045 sui
2269 2971 2610 3062 exspectent,
2661 2994 2728 3046 Et
2757 2971 2891 3064 ροεξ
2912 2971 3271 3050 ιιιίοεείωιίω
3321 2996 3473 3050 diem
3520 3014 3630 3068 per
3657 2999 3839 3053 consi-

343 3059 471 3113 nica
499 3061 829 3116 auctoritate
859 3062 919 3117 in
952 3064 1055 3118 hac
1085 3071 1279 3119 sancta
1307 3066 1524 3136 synodo
1556 3066 1943 3137 pracipimus,
1977 3072 2042 3121 ut

343 3148 580 3203 omnino
607 3155 964 3227 separentur,
996 3159 1054 3207 et
1092 3153 1427 3223 juramento
1471 3155 1835 3227 colligentur,
1884 3156 2036 3210 ulte-

341 3236 461 3290 rius
519 3225 784 3292 sub'uno
836 3255 955 3293 non
1011 3241 1338 3296 cohabitare
1391 3247 1562 3312 tecto,
1617 3225 1723 3298 nec
1768 3243 2040 3298 familiari

341 3323 456 3378 frui
506 3325 812 3398 colloquio,
861 3335 1094 3400 excepto
1127 3329 1187 3384 in
1220 3331 1472 3395 ecclesia,
1526 3337 1627 3386 aut
1669 3331 1730 3386 in
1788 3332 2038 3404 publico,

344 3417 442 3467 aut
490 3429 613 3468 rem
669 3415 880 3470 habere
910 3418 1086 3472 ullam
1116 3435 1504 3486 communem,
1562 3421 1714 3475 unde
1791 3421 2038 3491 suspicio

345 3500 662 3556 illecebrosi
695 3503 984 3568 desiderii,
1049 3511 1150 3560 aut
1195 3508 1527 3562 scandalum
1574 3508 1867 3563 libidinosi
1908 3508 2041 3564 facti

333 3590 488 3660 juste
507 3592 686 3661 possit
734 3592 891 3649 oriri.
941 3594 1000 3650 Si
1051 3611 1165 3666 qua
1189 3596 1362 3650 etiam
1417 3597 1567 3650 inter
1623 3613 1682 3652 se
1735 3597 2042 3652 dividenda

343 3679 476 3746 sint,
510 3680 783 3745 dividant,
814 3689 869 3737 et
898 3689 1141 3754 uterque
1177 3701 1280 3738 sua
1309 3685 1622 3755 provideat,
1665 3691 1723 3741 et
1751 3685 2038 3740 incestuo-

343 3785 438 3822 sus
467 3769 589 3823 sine
619 3785 719 3840 spe
750 3771 1006 3842 conjugii
1033 3777 1284 3826 maneat.

355 3875 482 3947 CAP.
505 3877 716 3931 XXXIX.
737 3907 806 3916 -—-
826 3879 902 3932 De
919 3877 1102 3932 viduis
1131 3893 1249 3946 qua:
1311 3881 1614 3946 professum
1658 3880 2038 3934 continentiam

902 3951 1280 4018 pravaricata
1325 3955 1471 4003 sunt.

434 4053 543 4121 (Ea:
573 4055 794 4108 concilio
825 4053 1119 4124 Carthag.,
1167 4056 1344 4123 capite
1394 4053 1534 4122 104.)
1567 4055 1645 4109 De
1691 4054 1878 4108 viduis
1909 4071 2039 4126 qua

343 4141 658 4212 professam
721 4142 1134 4196 continentiam
1193 4142 1578 4212 pravaricata
1653 4148 1842 4197 sunt:
1895 4143 2040 4198 sicut

2150 3080 2290 3133 lium
2339 3080 2590 3152 episcopi
2647 3082 2756 3148 sui,
2801 3083 2910 3149 vel,
2968 3083 3016 3136 si
3049 3084 3350 3155 episcopus
3403 3086 3617 3140 absens
3657 3088 3836 3154 fuerit,

2149 3168 2385 3223 consilio
2429 3170 2674 3224 aliorum
2719 3171 3127 3241 religiosorum
3173 3163 3532 3229 sacerdotum
3591 3193 3840 3232 suorum-

2150 3273 2261 3328 que
2293 3257 2610 3313 amicorum
2636 3258 2689 3313 id
2740 3259 2893 3331 quod
2929 3260 3141 3331 eligere
3172 3261 3380 3316 debent
3409 3263 3630 3334 eligant
3661 3281 3675 3318 :
3707 3269 3760 3318 et
3787 3270 3838 3316 ut

2148 3351 2387 3416 rogetur
2424 3347 2691 3418 princeps
2721 3366 2755 3403 a
2783 3365 2939 3403 sacro
2966 3355 3272 3416 conventu,
3321 3357 3384 3404 ut
3413 3351 3475 3405 lii
3525 3353 3628 3422 qui
3663 3353 3838 3424 publi-

2149 3448 2271 3486 cam
2339 3438 2584 3504 egerunt
2642 3437 3067 3506 paenitentiam,
3120 3442 3178 3491 et
3239 3438 3472 3492 femina
3517 3456 3647 3510 qua
3705 3441 3837 3493 viros

2147 3520 2438 3588 amittunt,
2516 3539 2619 3576 sua
2689 3524 3026 3579 auctoritate
3101 3525 3283 3580 donec
3332 3526 3659 3582 deliberent
3712 3527 3839 3598 quid

2147 3615 2320 3680 agant
2349 3615 2640 3677 tueantur,
2669 3616 2724 3664 et
2744 3612 3067 3682 specialiter
3118 3630 3223 3684 pro
3253 3614 3341 3668 his
3393 3616 3644 3686 capitula
3703 3616 3838 3680 ﬁeri,

2148 3704 2206 3752 et
2237 3698 2380 3769 legis
2435 3699 2741 3753 mundana
2791 3700 3054 3771 capitulis
3107 3702 3412 3757 inserenda
3473 3704 3835 3758 decrevimus.

2147 3786 2275 3842 CAP.
2290 3787 2469 3841 XLIII.
2485 3817 2552 3828 —
2570 3789 2637 3842 Ut
2659 3788 2947 3844 viduitatis
2967 3793 3233 3859 professio
3250 3807 3433 3847 coram
3460 3781 3711 3862 episcopo
3731 3797 3835 3861 ﬁat.

2219 3878 2328 3941 (Em
2355 3876 2540 3930 concil.
2574 3879 2860 3945 Arausic.,
2895 3880 3073 3947 capite
3105 3879 3184 3945 6.)
3219 3879 3519 3934 Viduitatis
3557 3881 3835 3936 servanda

2147 3964 2562 4035 professionem
2591 3981 2783 4020 coram
2823 3955 3091 4037 episcopo
3119 3968 3178 4021 in
3219 3969 3527 4024 secretario
3573 3970 3833 4031 habitam,

2146 4053 2418 4124 imposita
2473 4069 2668 4108 coram
2725 4055 2992 4126 episcopo
3045 4060 3201 4110 veste
3261 4057 3496 4126 viduali,
3558 4075 3680 4112 non
3727 4073 3833 4112 esse

2146 4141 2498 4206 violandam,
2577 4141 2761 4212 ipsam
2829 4142 2958 4196 talis
3027 4144 3400 4212 professionis
3481 4145 3831 4200 desertricem

345 4230 561 4284 bonum
589 4235 671 4284 est
705 4229 976 4283 castitatis
1015 4231 1344 4301 pramium,
1376 4229 1456 4284 ita
1500 4236 1556 4285 et
1603 4231 1808 4302 majori
1850 4231 2039 4286 obser—
2076 4254 2124 4310 Ι)
2153 4229 2357 4284 merito
2389 4245 2508 4283 esse
2539 4230 2923 4284 damnandam
2955 4230 3335 4286 decernimus.

343 4317 534 4370 vantia
561 4323 618 4372 et
649 4318 1031 4389 praeceptione
1069 4319 1505 4374 custodiendum
1555 4325 1657 4387 est,
1703 4326 1765 4375 ut
1814 4321 1864 4374 si
1910 4338 2042 4392 qua

344 4403 552 4469 vidua,
594 4404 910 4474 quamlibet
937 4406 1123 4459 adhuc
1167 4405 1228 4459 in
1265 4405 1584 4460 minoribus
1630 4407 1796 4461 annis
1839 4409 2042 4479 posita

345 4495 402 4545 et
442 4497 668 4546 matura
705 4497 874 4547 atate
907 4510 939 4546 a
966 4493 1090 4547 viro
1137 4494 1372 4560 relicta,
1417 4511 1477 4548 se
1524 4494 1857 4551 devoverint
1901 4498 2039 4559 Deo,

345 4585 401 4634 et
429 4585 584 4635 veste
641 4580 830 4636 laicali
883 4581 1121 4653 abjecta,
1167 4583 1274 4636 sub
1333 4582 1662 4638 testimonio
1687 4583 1939 4655 episcopi
1985 4593 2044 4640 et

344 4669 604 4723 Ecclesia
642 4669 910 4741 religioso
957 4671 1160 4726 habitu
1214 4657 1627 4742 apparuerunt,
1682 4676 1878 4742 postea
1906 4689 2040 4726 vero

343 4757 411 4812 ad
442 4757 674 4830 nuptias
702 4760 1000 4813 saculares
1036 4759 1410 4826 transierunt,
1453 4760 1768 4814 secundum
1795 4763 2042 4830 Aposto-

341 4849 463 4902 Ium
518 4847 949 4902 damnationem
1007 4849 1304 4904 habeant:
1338 4847 1476 4919 quia
1531 4848 1708 4903 ﬁdem
1767 4848 2043 4904 castitatis

343 4953 513 5007 quam
547 4937 661 4991 Deo
701 4941 998 5003 voverunt,
1045 4937 1266 4991 irritam
1309 4938 1493 4991 facere
1543 4935 1651 4990 visi
1688 4941 1840 4992 sunt.
1882 4937 2043 4992 Tales

341 5041 478 5095 ergo
505 5042 771 5096 persona
810 5042 843 5080 a
883 5025 1336 5081 Christianorum
1380 5025 1790 5080 communione
1838 5041 2040 5097 seque-

345 5119 616 5182 strentur,
648 5131 838 5187 neque
881 5115 1056 5170 etiam
1106 5115 1167 5170 in
1218 5113 1476 5170 convivio
1527 5130 1660 5169 cum
1703 5114 2043 5170 Christianis

345 5204 784 5260 communicent.
831 5205 973 5260 Nam
1003 5204 1049 5258 si
1098 5205 1376 5259 adultera
1427 5203 1700 5274 conjuges
1731 5220 1842 5258 rea
1889 5209 2040 5272 sunt,

347 5292 394 5345 si
433 5292 548 5346 suis
577 5293 712 5347 viris
769 5293 1031 5348 obnoxia
1078 5293 1312 5358 fuerint,
1359 5299 1572 5363 quanto
1613 5291 1798 5363 magis
1854 5291 2044 5348 vidua

346 5396 476 5452 qua
515 5380 616 5434 Dei
661 5381 1091 5453 religiositatem
1122 5385 1507 5446 mutaverunt,
1538 5381 1779 5436 crimine
1823 5382 2045 5436 adulte-

346 5469 420 5524 rii
446 5469 823 5535 notabuntur,
865 5469 914 5523 si
965 5470 1330 5524 devotionem
1374 5485 1548 5541 quam
1574 5473 1778 5540 sponte
1825 5484 1930 5523 nec
1953 5485 2044 5522 co-

350 5563 472 5614 acte
536 5559 653 5613 Deo
695 5556 1028 5612 obtulerunt
1082 5557 1388 5614 libidinosa
1437 5558 1728 5612 voluntate
1765 5573 2046 5628 corrupe-

2222 4334 2349 4388 CAP.
2383 4335 2558 4390 XLIV.
2592 4365 2659 4374 —
2693 4337 2759 4390 Ut
2787 4336 2968 4390 nullus
2990 4337 3125 4390 velet
3148 4339 3232 4392 vel
3259 4337 3445 4405 iubeat
3470 4338 3672 4394 viduas
3699 4339 3777 4394 vel

2750 4407 2989 4472 virgines
3016 4407 3232 4462 nubere.

2221 4494 2329 4563 (Ea:
2355 4494 2578 4548 concilio
2629 4495 2892 4560 Toletan.,
2938 4493 3116 4565 capite
3168 4496 3270 4564 IO.)
3303 4497 3414 4550 Pro
3464 4499 3726 4553 consulto
3764 4511 3834 4551 ca-

2152 4582 2376 4649 stitatis,
2409 4582 2566 4654 quod
2595 4583 2840 4636 maxime
2889 4583 3254 4638 hortamento
3299 4585 3528 4640 concilii
3578 4587 3834 4658 proﬁcere

2151 4671 2377 4736 debeat,
2413 4675 2704 4726 annuente
2751 4671 3000 4742 glorioso
3047 4672 3280 4728 domino
3320 4679 3516 4728 nostro
3566 4672 3834 4729 Recaredo

2151 4774 2305 4829 rege,
2365 4759 2473 4814 hoc
2534 4763 2795 4814 sanctum
2848 4759 3097 4815 afﬁrmat
3168 4761 3498 4829 concilium,
3560 4768 3621 4816 ut
3671 4761 3834 4815 vidua

2151 4847 2361 4918 quibus
2389 4847 2671 4917 placuerit
2710 4853 2906 4902 tenere
2935 4849 3274 4915 castitatem,
3322 4850 3483 4904 nulla
3518 4849 3574 4903 vi
3627 4849 3693 4903 ad
3739 4863 3833 4903 nu-

2152 4937 2299 5006 ptias
2371 4935 2660 4992 iterandas
2733 4937 2927 4991 venire
2980 4942 3274 5007 cogantur.
3336 4938 3499 5002 Quod
3576 4939 3624 4992 si
3670 4939 3836 5009 prius-

2153 5041 2326 5096 quam
2364 5025 2748 5094 proﬁteantur
2808 5025 3245 5092 continentiam,
3287 5027 3504 5082 nubcre
3550 5026 3830 5097 elegerint,

2151 5113 2265 5168 illis
2294 5113 2514 5169 nubant
2555 5131 2698 5186 quos
2726 5115 2962 5185 propria
2999 5115 3289 5170 voluntate
3319 5115 3608 5170 voluerint
3637 5115 3831 5170 habere

2154 5203 2405 5257 maritos.
2471 5203 2683 5259 Similis
2729 5203 2982 5258 conditio
3055 5208 3113 5258 et
3157 5203 3477 5274 virginibus
3547 5203 3827 5258 habeatur.

2154 5307 2257 5345 nec
2285 5296 2483 5346 contra
2511 5292 2865 5346 voluntatem
2886 5296 3191 5362 parentum
3237 5291 3325 5346 vel
3357 5307 3518 5346 suam
3567 5292 3830 5359 cogantur

2154 5379 2393 5434 maritos
2423 5380 2697 5450 accipere.
2737 5377 2796 5433 Si
2841 5378 2972 5449 quis
3003 5393 3133 5432 vero
3173 5378 3534 5449 propositum
3576 5372 3829 5431 castitatis

2152 5467 2342 5522 vidua
2410 5469 2496 5522 vel
2560 5467 2802 5538 virginis
2846 5466 3195 5538 impedierit,
3245 5483 3280 5521 a
3338 5470 3529 5522 sancta
3579 5479 3825 5522 commu-

2155 5555 2328 5612 nione
2376 5561 2436 5610 et
2477 5572 2511 5610 a
2555 5555 2853 5611 liminibus
2907 5555 3161 5612 ecclesia
3212 5555 3492 5611 habeatur
3518 5561 3818 5610 extraneas.
