3972 6192
141 265 245 318 SOI
1120 263 1595 321 DECRETORUM
1638 267 1823 322 LIBRI
1860 268 1968 323 XX.
2009 298 2078 308 —
2121 269 2325 325 LIBER
2362 267 2690 324 OCTAVUS.
3555 276 3659 329 802

215 384 349 439 CAP.
384 386 536 440 XLV.
561 414 629 427 —
654 388 727 439 De
745 384 928 439 viduis
948 388 1287 455 propositum
1314 389 1765 457 relinquentibus.
1883 390 1930 443 Α
1956 389 2309 461 hypocrisim
2341 390 2781 445 ecclesiasticam
2804 391 3063 459 regulam
3094 394 3437 449 conturbare
3452 396 3653 463 voluit,

214 475 341 541 (Em
370 477 528 543 epist.
562 475 721 542 Greg.
755 490 913 543 papae
940 478 1106 528 missa
1122 475 1196 529 ad
1215 478 1605 547 Bonifacium.)
1638 477 1848 547 Viduas
1961 485 2017 532 et
2039 496 2152 533 non
2182 481 2437 549 legitime
2460 480 2517 532 in
2539 485 2666 533 voto
2688 496 2789 533 suo
2811 481 3145 550 permansit.
3166 488 3229 535 ut
3256 484 3652 552 paenitentiam

143 577 175 612 a
204 563 505 631 proposito
556 563 913 616 discedentes
951 564 1263 630 viduitatis,
1296 581 1469 634 super
1509 566 1717 636 quibus
1748 582 1853 620 nos
1963 574 2093 637 agat
2122 568 2191 621 de
2233 568 2500 621 illusione
2536 554 2818 635 nefanda;
2844 575 2901 622 et
2940 574 3256 623 revertatur
3295 572 3362 624 ad
3403 570 3457 625 id
3501 573 3654 641 quod

143 652 454 705 consulere
484 652 663 705 voluit
688 652 917 705 dilectio
945 656 1063 717 tua,
1096 653 1271 707 frater
1299 654 1653 720 charissima,
1685 656 1853 709 credo
1960 656 2283 728 spopondit,
2330 663 2386 710 et
2427 658 2483 710 in
2523 673 2681 710 sacro
2731 658 3047 711 ministerio
3090 658 3393 712 inchoavit.
3439 661 3580 713 Nam
3613 660 3660 713 si

146 745 199 792 te
232 756 398 792 nosse
431 758 464 793 a
490 745 685 794 sancto
714 742 914 807 Paulo,
945 745 997 794 et
1031 758 1062 795 a
1093 742 1288 795 multis
1320 743 1526 796 sanctis
1572 744 1853 811 Patribus,
1962 746 2419 799 consenserimus
2462 746 2611 816 quod
2663 746 2858 799 omnia
2892 752 3246 800 sacramenta
3284 747 3661 801 ecclesiastica

147 828 258 880 nisi
292 834 725 891 convertantur,
771 830 908 882 olim
949 845 1069 883 esse
1113 832 1430 883 damnatas.
1474 832 1624 895 Quas
1665 837 1720 884 et
1750 849 1855 885 nos
1964 833 2226 904 quisque,
2261 838 2431 904 prout
2459 834 2597 899 vult,
2629 834 2810 903 ﬁngat
2837 838 2895 887 et
2934 850 3052 888 non
3081 850 3213 888 vere
3244 836 3437 900 faciat,
3472 835 3663 889 omnis

148 917 464 985 apostolica
496 918 832 970 auctoritate
878 918 1249 984 damnandas,
1301 926 1359 972 et
1397 920 1855 973 acommunione
1964 922 2104 975 ordo
2137 921 2547 975 ecclesiasticus
2600 923 2996 986 conturbatur,
3026 939 3129 976 nec
3171 923 3461 977 catholicae
3523 924 3660 978 ﬁdei

147 1006 405 1059 ﬁdelium
446 1010 617 1076 atque
666 1023 700 1060 a
755 1005 1051 1060 liminibus
1111 1007 1365 1062 ecclesiae
1407 1009 1678 1062 arcendas
1729 1009 1853 1062 fore
1958 1010 2089 1078 jura
2120 1009 2457 1075 consistunt,
2493 1025 2597 1063 nec
2634 1026 2880 1063 canones
2920 1011 3063 1064 sacri
3104 1012 3209 1064 rite
3261 1012 3657 1067 observantur.

149 1109 477 1159 censemus,
523 1110 826 1164 usquequo
881 1094 1154 1148 obediant
1193 1096 1475 1166 episcopis
1524 1096 1643 1149 suis
1684 1102 1741 1151 et
1782 1098 1855 1151 ad
1964 1096 2111 1160 Quid
2140 1097 2292 1151 enim
2323 1097 2539 1168 profuit
2570 1097 2794 1152 Simoni
2841 1098 2998 1167 Mago
3052 1099 3401 1170 baptismum
3432 1117 3655 1155 sacrum

147 1181 370 1235 bonum
401 1183 553 1253 quod
596 1188 893 1253 coeperunt
919 1183 1115 1238 invitas
1154 1192 1254 1239 aut
1292 1186 1636 1238 voluntariae
1666 1202 1856 1239 rever-
1967 1187 2096 1239 ﬁcte
2137 1186 2447 1256 suscipere,
2481 1192 2538 1240 et
2567 1186 2625 1239 in
2668 1186 3096 1241 Christianitate
3127 1205 3571 1257 permansurum
3601 1206 3660 1242 se

148 1276 367 1325 tantur.
401 1272 478 1324 De
505 1271 821 1341 virginibus
851 1277 1043 1325 autem
1077 1290 1194 1327 non
1240 1273 1460 1339 velatis,
1513 1274 1557 1326 si
1598 1274 1858 1328 deviave-
1966 1272 2222 1338 ﬁnxisse,
2281 1290 2410 1327 cum
2466 1290 2568 1344 per
2635 1275 2958 1344 apostolum
3010 1275 3210 1330 fraude
3264 1277 3387 1345 eius
3439 1278 3663 1331 detecta

148 1358 288 1425 rint,
340 1375 373 1412 a
421 1366 629 1413 sancta!
668 1360 965 1414 memoria:
1010 1362 1425 1431 praedecessore
1473 1367 1666 1415 nostro
1715 1378 1861 1433 papa
1969 1362 2125 1433 quod
2191 1363 2301 1416 sibi
2364 1363 2625 1416 futurum
2692 1366 2840 1416 esset
2897 1364 3348 1433 praenuntiatum
3406 1369 3507 1418 est.
3568 1365 3664 1419 Ait

148 1449 491 1502 Innocentio
548 1450 736 1502 taliter
816 1450 1108 1504 decretum
1182 1450 1508 1505 habemus:
1569 1453 1667 1505 Has
1730 1468 1860 1505 vero
1968 1452 2168 1505 enim:
2220 1451 2461 1505 Pecunia
2533 1456 2631 1505 tua
2688 1456 2874 1505 tecum
2940 1452 3011 1505 sit
3068 1452 3127 1505 in
3181 1453 3531 1523 perditione:
3566 1470 3664 1508 cor

150 1552 283 1607 quae
327 1538 568 1591 necdum
611 1554 768 1591 sacro
799 1539 1082 1592 velamine
1129 1544 1313 1604 tectae,
1364 1545 1560 1593 tamen
1614 1540 1672 1592 in
1730 1556 1857 1610 pro-
1971 1541 2126 1594 enim
2166 1545 2332 1593 tuum
2376 1556 2494 1593 non
2534 1544 2618 1592 est
2663 1544 2879 1593 rectum
2946 1557 3139 1594 coram
3176 1542 3330 1595 Deo:
3378 1543 3661 1612 poeniten-

151 1626 345 1693 posito
374 1625 643 1695 virginali
683 1643 910 1696 semper
948 1644 1008 1681 se
1044 1628 1460 1682 simulaverunt
1499 1644 1857 1698 permanere,
1902 1673 1939 1724 Β
1971 1628 2108 1681 tiam
2140 1628 2335 1699 itaque
2366 1644 2472 1697 age
2505 1628 2573 1680 ab
2612 1627 2717 1680 hac
2758 1628 3013 1697 nequitia
3050 1634 3167 1691 tua,
3210 1634 3267 1683 et
3307 1645 3445 1700 roga
3486 1632 3664 1684 Deum

152 1715 287 1766 licet
325 1715 523 1768 velata:
585 1731 703 1769 non
759 1716 991 1781 fuerint,
1058 1717 1103 1768 si
1170 1718 1489 1787 nupserint,
1548 1717 1849 1787 aliquanto
1904 1715 1938 1724 “’
1971 1722 2035 1771 ut
2065 1718 2207 1771 forte
2242 1717 2565 1771 remittatur
2594 1715 2696 1769 tibi
2741 1716 2861 1769 hac
2893 1717 3165 1787 cogitatio
3218 1717 3407 1771 cordis
3449 1718 3534 1771 tui
3607 1718 3667 1772 in

151 1809 417 1871 tempore
478 1802 567 1855 his
616 1803 836 1872 agenda
867 1804 1206 1874 poenitentia
1254 1809 1388 1857 est:
1444 1804 1580 1875 quia
1631 1805 1861 1875 sponsio
1970 1806 2101 1860 felle
2157 1806 2311 1859 enim
2361 1804 2781 1872 amaritudinis,
2833 1809 2892 1858 et
2939 1805 3288 1875 obligatione
3347 1804 3669 1876 iniquitatis

153 1906 357 1943 earum
390 1906 422 1943 a
455 1891 697 1944 Domino
736 1893 1053 1945 tenebatur.
1104 1892 1160 1946 Si
1198 1892 1354 1946 enim
1398 1892 1548 1947 inter
1596 1893 1862 1947 homines
1970 1894 2136 1948 video
2164 1899 2219 1947 te
2254 1910 2395 1947 esse.
2441 1893 2574 1947 Ideo
2613 1896 2777 1958 tales,
2830 1892 2940 1945 nisi
2979 1893 3337 1962 resipiscant,
3389 1892 3670 1963 spirituali

153 1980 305 2032 solet
355 1979 519 2032 bona;
570 1979 701 2034 ﬁdei
742 1985 1064 2035 contractus
1127 1982 1283 2035 nulla
1331 1982 1553 2036 ratione
1605 1982 1859 2049 dissolvi,
1972 1983 2161 2053 gladio
2192 1988 2490 2052 percutere
2522 1998 2840 2035 censemus.
2874 1982 2996 2035 Non
3018 1981 3172 2034 enim
3205 1981 3288 2035 fas
3317 1986 3402 2034 est
3432 1981 3671 2051 Spiritui

154 2074 376 2137 quanto
411 2068 593 2136 magis
629 2068 736 2121 ista
780 2070 1139 2139 pollicitatio,
1182 2087 1356 2137 quam
1388 2087 1518 2124 cum
1554 2072 1667 2124 Deo
1698 2070 1859 2141 pepi-
1973 2076 2167 2124 sancto
2212 2069 2463 2136 mentiri,
2518 2069 2683 2123 sicuti
2734 2069 2983 2122 Ananias
3023 2073 3078 2123 et
3131 2069 3413 2139 Sapphira
3441 2070 3668 2123 mentiti

154 2156 260 2222 git,
298 2156 439 2209 solvi
469 2156 590 2210 sine
617 2156 863 2210 vindicta
901 2173 1014 2211 non
1044 2160 1291 2227 poterit?
1322 2165 1423 2213 etc.
1462 2161 1603 2212 Nam
1644 2160 1692 2212 si
1740 2160 1862 2213 vir-
1972 2164 2125 2225 sunt,
2158 2164 2215 2211 et
2245 2158 2431 2211 statim
2468 2158 2780 2228 perierunt.

156 2244 325 2312 gines
391 2245 648 2297 nondum
717 2246 912 2299 velatae
979 2245 1168 2300 taliter
1227 2246 1569 2316 poenitentia
1633 2246 1865 2316 publica
1973 2248 2101 2302 CAP.
2132 2247 2363 2303 XLVIII.
2387 2274 2456 2287 --
2477 2248 2547 2299 De
2573 2246 2755 2298 viduis
2770 2250 2819 2299 et
2839 2246 3034 2313 puellis
3057 2260 3175 2313 qua
3198 2248 3256 2298 in
3280 2245 3526 2300 domibus
3540 2261 3668 2311 pro-

159 2332 487 2401 puniuntur
524 2338 579 2386 et
622 2350 654 2386 a
685 2340 828 2387 coetu
879 2334 1141 2388 ﬁdelium
1182 2351 1362 2404 usque
1404 2336 1474 2388 ad
1523 2335 1865 2388 satisfactio-
2054 2396 2114 2404 ‘_
2431 2318 2674 2404 Ῑιίξδξίιξηπ
2706 2317 3381 2404 νσιίρίοηίεξιιεξείρςνίιηε·

160 2395 298 2474 nem
343 2422 738 2487 excluduntur,
784 2429 1000 2493 quanto
1049 2425 1238 2493 potius
1267 2395 1463 2478 .viduae
1501 2440 1630 2494 quas
1678 2423 1862 2493 perfe-
2206 2398 2428 2494 comm?
2472 2396 2710 2494 Tﬁletan-
2751 2411 2848 2494 lv’,
2880 2397 3057 2493 00?“?
3112 2396 3223 2494 57')
3260 2395 3339 2494 Pe
3388 2395 3576 2448 viduis
3607 2398 3672 2492 ft

168 2509 366 2561 ctioris
395 2510 656 2575 aetatatis,
682 2516 738 2564 et
764 2512 1093 2564 maturioris
1112 2512 1614 2582 sapientiaa,atque
1641 2509 1863 2564 consilii
1973 2486 2182 2583 Ρ¹¹θ¹¹¹⁵
2227 2484 2653 2583 (ἶυδδξξδδηυω
2688 2483 2982 2553 rellgmms
3020 2500 3092 2583 m_
3118 2483 3382 2583 άοωιδξιε
3422 2499 3673 2583 Prop?”

165 2599 435 2660 existunt,
486 2598 858 2670 virorumque
899 2600 1185 2653 consortio
1230 2600 1523 2654 multnties
1558 2616 1674 2653 usas
1708 2616 1732 2652 s

2126 2591 2158 2627 a
2188 2573 2521 2643 parentibus
2551 2588 2722 2643 quam
2755 2589 2858 2641 per
2886 2588 2943 2625 se
2977 2578 3364 2637 mutaverunt,
3399 2573 3445 2624 si
3477 2577 3674 2641 postea

166 2692 221 2739 et
246 2687 511 2740 habiturn
541 2660 832 2756 religionis
865 2694 1318 2758 assumpserunt,
1365 2694 1421 2742 et
1448 2689 1682 2742 demum
1737 2660 1868 2756 apo-
1976 2668 2201 2760 conf“.
2235 2661 2498 2760 insutu}?
2553 2662 2808 2760 Paiwm’
2873 2660 2962 2760 "fel
3027 2665 3672 2760 ?r$°9P‘a,,°a“‘_"{“m-

168 2779 538 2837 stataverunt,
609 2748 782 2845 atque
839 2776 908 2830 ad
966 2748 1218 2845 priorem
1278 2748 1556 2829 vomitum
1622 2748 1866 2828 sunt-re-
1974 2751 2243 2848 Ῡοξλιίυείέλ
2309 2748 2686 2848 crediderint.
2758 2748 3106 2847 copnlanda}
3194 2748 3389 2801 tandm
3440 2748 3670 2848 “mqu

166 2878 367 2927 versae,
400 2878 433 2915 a
472 2834 632 2917 nobis
663 2834 719 2917 et
764 2864 833 2918 ab
883 2834 1152 2918 omnibus
1181 2864 1445 2918 ﬁdelibus
1484 2881 1516 2917 a
1572 2864 1734 2918 limin

2102 2845 2296 2893 cantur
2326 2856 2356 2891 a
2399 2837 2803 2892 communione
2834 2837 3117 2906 suspensi,
3166 2851 3465 2907 quousque
3518 2834 3670 2905 quod

168 2926 422 3005 ecclesias
472 2958 528 3005 et
571 2967 603 3004 a
641 2956 793 3007 coetu
841 2952 1121 3018 ﬁdelium,
1174 2969 1357 3023 usque
1406 2953 1476 3006 ad
1535 2952 1736 3005 satisfal

2104 2927 2175 2981 ite
2249 2930 2730 2997 perpetraverunt
2797 2926 3106 2979 emendare
3183 2926 3555 2994 neglexerint,
3640 2940 3672 2975 a

168 3054 327 3101 nem,
361 3043 493 3091 sunt
524 3038 902 3109 leliminandm
934 3045 990 3093 et
1027 3040 1349 3093 carceribus
1382 3040 1697 3104 tradenda),
1734 3055 1871 3109 qua-
1980 3031 2388 3109 Fommumone
2445 3014 2551 3109 id
2586 3029 2847 3109 ommuin
2891 3015 3367 3109 Fbmuanomm
3413 3026 3669 3064 convmo

170 3129 305 3181 liter
350 3101 536 3196 juxta.
573 3127 803 3181 beatum
863 3128 1186 3197 apostolum
1253 3129 1519 3196 Paulum,
1580 3101 1870 3181 tradentes
1980 3105 2038 3197 if]
2069 3110 2413 3197 Ρθξῇθξιξυηι
2446 3102 2560 3197 sint
2586 3101 2948 3197 fequestl‘atj-

169 3215 504 3285 hujusmodi
532 3216 825 3269 hominem
876 3216 1123 3282 Satanas,
1174 3221 1235 3269 ut
1282 3217 1517 3286 spiritus
1563 3217 1749 3269 salvus
1794 3216 1866 3269 sit
1979 3187 3673 3286 CA3}EE;:_0“3§j‘{'1€{2§_6rfgffflff,3§a’?§f_"}fﬁ‘f;

170 3263 504 3315 Τ”·’”ἷ“⁷““
534 3263 825 3314 “”ΪΤ““’“’
877 3263 1123 3315 ”“.“““’“⁷
1178 3263 1234 3315 '.'
1282 3263 1514 3286 “¹’“““’
1563 3263 1747 3314 ”.“”“’
1794 3263 1865 3269 ”“
2049 3280 2178 3317 nam
2228 3266 2457 3317 velatam
2514 3277 2633 3331 quas
2679 3277 2895 3315 sacrum
2944 3263 3281 3329 propositum
3337 3266 3679 3323 transgressa

170 3322 228 3358 ιη
279 3304 372 3357 die
424 3303 697 3357 Domini?
738 3305 814 3358 De
862 3306 1069 3358 talibus
1120 3321 1272 3358 enim
1325 3311 1380 3358 et
1436 3306 1712 3358 Dominus
1770 3320 1873 3374 per
2052 3341 2131 3374 οη
2184 3336 2563 3374 Μηηνριηηάί
2594 3336 2815 3374 “mm.”

677 3345 689 3357 '
738 3336 814 3358 νυ
867 3336 1069 3358 “mm”
1120 3336 1272 3358 “‘"u
1325 3336 1380 3358 ’⁵⁸
1436 3336 1712 3358 υυίωυυδ
1771 3336 1863 3374 νει
2052 3341 2152 3398 est,
2184 3336 2563 3402 comprehendi
2583 3336 2833 3402 jusserit.

172 3394 403 3462 Moysen
437 3393 692 3462 loquitur
729 3393 924 3447 dicens
960 3410 972 3447 :
1017 3394 1254 3449 Auferte
1295 3394 1512 3447 malum
1561 3394 1632 3447 de
1684 3409 1736 3446 m

2110 3393 2171 3458 ἰὼ
2225 3393 2336 3472 νεά.
2385 3406 2542 3470 Greg.
2583 3393 2668 3456 'ad
2714 3404 3024 3472 Sepontium
3074 3401 3332 3471 episcop.)
3383 3399 3441 3454 Si
3491 3403 3678 3453 custos

170 3482 362 3535 vestri.
411 3482 490 3535 De
532 3482 740 3552 quibus
784 3488 839 3535 et
878 3498 981 3552 per
1026 3483 1367 3553 Prophetam
1409 3483 1530 3535 ait:
1565 3482 1738 3535 Laetal

2108 3493 2233 3562 giosi
2270 3492 2498 3545 habitus
2537 3490 2760 3556 fuisses,
2802 3496 2901 3543 aut
2946 3505 3067 3542 esse
3110 3504 3306 3541 nosses
3355 3487 3676 3556 episcopus,

163 3571 357 3637 ,ἰοδίιιδ
403 3586 533 3623 cum
576 3570 782 3623 Viderit
827 3571 1155 3637 Vindictam,
1210 3587 1413 3624 manus
1474 3587 1605 3623 suas
1663 3570 1876 3623 lambit
1982 3582 2159 3635 ﬁliam
2208 3580 2474 3651 gloriosas
2514 3578 2811 3632 memoriae
2851 3576 3100 3630 Tulliani
3132 3575 3391 3645 magistri
3433 3576 3678 3638 militiae,

171 3660 228 3711 in
261 3658 543 3727 sanguine
578 3660 906 3728 peccatoris.
942 3661 1017 3714 De
1048 3660 1255 3713 talibus
1290 3674 1539 3729 namque
1581 3663 1638 3712 et
1675 3674 1873 3712 eorum
1984 3675 2038 3723 te
2070 3669 2184 3722 illic
2234 3668 2447 3738 posito,
2500 3683 2605 3721 nec
2649 3665 2920 3735 projectis
2976 3664 3258 3733 religiosis
3308 3663 3559 3716 vestibus
3608 3663 3679 3715 ad

172 3746 460 3799 similibus
523 3752 695 3816 atque
753 3748 968 3802 eisdem
1049 3748 1540 3801 consentientibus
1606 3746 1871 3801 dicitur:
1983 3758 2312 3812 saecularem
2368 3754 2575 3808 reverti
2636 3753 2918 3817 habitum,
2984 3767 3089 3805 nec
3139 3751 3209 3804 ad
3265 3766 3366 3803 nos
3426 3749 3679 3803 licuisset

173 3836 310 3905 quia
341 3851 459 3888 non
503 3836 689 3888 solum
729 3836 830 3906 qui
877 3835 1110 3903 faciunt,
1140 3836 1239 3890 sed
1276 3836 1449 3889 etiam
1489 3835 1589 3906 qui
1630 3851 1741 3889 con:

2109 3861 2309 3899 rersam
2342 3843 2639 3912 epistolam
2689 3840 2995 3895 destinare.
3038 3839 3144 3892 Sed
3187 3839 3323 3909 quia
3356 3837 3534 3889 nimia
3580 3838 3677 3889 de-

174 3925 325 3977 tiunt
355 3923 714 3989 facientibus,
749 3925 832 3978 rei
864 3929 1016 3978 sunt.

2110 3952 2129 3987 ι
2160 3950 2221 3986 ac
2263 3939 2490 4001 torpore
2528 3928 2891 3999 deprimeris,
2941 3927 3001 3980 in
3032 3933 3132 3980 tuo
3172 3926 3445 3980 dedecore
3482 3940 3571 3977 res
3608 3925 3678 3977 ad

179 4029 306 4084 CAP.
336 4029 517 4083 XLVI.
571 4059 640 4069 --
684 4031 751 4084 Ut
805 4030 983 4084 vidua
1016 4032 1203 4084 velatae
1241 4030 1316 4084 ad
1355 4033 1579 4098 nuptias
1646 4032 1727 4083 ire
1769 4046 1875 4083 non
1987 4038 2238 4093 praesens
2290 4020 2491 4074 illicita
2521 4019 2759 4088 impune
2806 4016 3111 4071 commissa
3169 4020 3275 4069 est.
3338 4015 3479 4067 Nam
3535 4012 3679 4066 sicut

903 4102 1146 4155 άεὺθαητο
1986 4110 2210 4181 praefati
2239 4125 2455 4173 sumus,
2503 4108 2547 4160 si
2579 4107 2855 4161 sollicitus
2892 4122 3063 4169 esses,
3093 4103 3254 4174 prius
3292 4102 3359 4155 ad
3397 4118 3500 4155 nos
3534 4102 3677 4155 ultio

246 4204 358 4273 (Ex
400 4205 541 4259 decr.
613 4206 823 4259 Gelasii
888 4223 1045 4275 papae
1097 4206 1171 4259 ad
1244 4207 1547 4261 Sicilienses
1603 4207 1874 4274 episcopos
1914 4225 1956 4277 ι)
1988 4198 2244 4254 mulieris
2284 4197 2657 4268 pravissimaa.
2690 4210 2863 4265 quam
2916 4194 3083 4263 culpa
3120 4191 3317 4245 debuit
3359 4190 3674 4261 pervenire.

176 4296 378 4359 missis,
423 4295 605 4362 capite
643 4295 722 4362 9.)
770 4295 964 4364 Neque
1006 4295 1205 4347 viduas
1241 4295 1313 4347 ad
1352 4295 1584 4363 nuptias
1626 4294 1871 4347 transire
1983 4288 2125 4353 Quia
2155 4302 2292 4356 ergo
2322 4290 2549 4339 tantum
2582 4284 2776 4347 hebes,
2800 4288 3142 4351 tantumque
3175 4296 3234 4333 es
3266 4282 3581 4349 negligens,
3615 4284 3679 4331 ut

177 4382 449 4450 patimur,
483 4397 611 4451 quae
644 4383 911 4452 religioso
939 4382 1234 4452 proposito
1284 4382 1557 4435 diuturna
1604 4383 1871 4435 observa-
1984 4378 2091 4430 nisi
2124 4376 2459 4430 canonicam
2486 4374 2617 4427 vita!
2650 4372 2826 4426 fueris
2856 4371 3256 4424 coercitionem
3294 4372 3587 4439 expertus,
3620 4368 3679 4421 in

172 4470 331 4523 tione
363 4475 820 4538 permanserunt.
849 4470 1116 4524 Similiter
1148 4470 1395 4540 virgines
1422 4472 1636 4523 nubere
1669 4470 1871 4539 prohi-
1982 4466 2110 4519 aliis
2153 4463 2567 4519 districtionem
2618 4467 2675 4515 et
2712 4460 3070 4531 disciplinam
3111 4458 3328 4512 nescias
3368 4457 3676 4517 custodire.

172 4557 398 4624 bemus,
427 4575 567 4628 quas
606 4560 771 4612 annis
818 4560 1085 4630 plurimis
1131 4559 1192 4613 in
1234 4559 1595 4613 monasteriis
1644 4565 1869 4613 aetatem
1984 4554 2232 4625 qualiter
2272 4553 2480 4606 debeas
2518 4568 2640 4604 esse
2684 4550 2979 4612 sollicitus,
3026 4564 3280 4618 congruo
3323 4547 3448 4613 tibi,
3493 4547 3538 4599 si
3569 4547 3679 4599 Do-

171 4646 466 4716 peregisse
498 4648 819 4716 contigerit.
1984 4644 2142 4697 mino
2170 4642 2474 4713 placuerit,
2523 4644 2784 4709 tempore
2829 4638 3315 4690 demonstremus.
3368 4634 3681 4688 Praesentia

170 4754 301 4808 CAP.
350 4753 549 4807 XLVII.
600 4784 667 4794 —
701 4756 782 4807 De
836 4754 1006 4808 vidua
1036 4771 1154 4823 qua:
1199 4755 1296 4809 sub
1342 4755 1558 4807 obtentu
1584 4754 1738 4821 religi

2112 4748 2160 4784 ll‘
2208 4730 2417 4800 scripta
2462 4728 2780 4797 suscipiens
2825 4726 3049 4794 evigila,
3088 4729 3144 4777 et
3173 4725 3446 4778 excitatus
3477 4723 3676 4775 saltem

526 4826 700 4878 velum
724 4826 799 4879 ad
820 4832 1025 4895 tempus
1045 4809 1154 4879 sibi
1176 4827 1510 4893 imposuerit.
1689 4809 1713 4821 υ
1983 4836 2295 4890 exsequere
2347 4817 2500 4889 quod
2543 4831 2772 4886 pressus
2812 4830 2965 4867 nunc
3009 4828 3192 4883 usque
3232 4811 3460 4881 ignavia
3498 4809 3679 4862 distu-

242 4912 351 4979 (Ex
379 4916 537 4981 epist.
576 4915 786 4967 Nicolai
816 4930 994 4983 papae,
1026 4916 1202 4980 capite
1238 4915 1313 4981 5.)
1351 4913 1613 4967 Nicolaus
1645 4913 1870 4982 episco-
1981 4910 2116 4963 listi.
2155 4906 2447 4962 Instantius
2496 4920 2633 4974 ergo
2689 4908 2803 4956 tua:
2855 4903 2948 4967 sit,
3004 4901 3331 4971 praedictam
3379 4896 3678 4950 mulierem

168 5016 279 5069 pus
327 5016 525 5053 servus
582 5018 878 5055 servorum
921 5004 1043 5069 Dei,
1104 5000 1577 5055 reverendissimo
1636 5004 1695 5053 et
1739 5015 1870 5052 san-
1983 5015 2096 5051 una
2145 5014 2274 5050 cum
2313 4993 2509 5063 Sergio
2559 4992 2858 5047 defensore
2920 4987 3424 5060 comprehendere,
3474 4991 3528 5037 et
3574 4988 3677 5037 sta-

172 5090 427 5144 ctissimo
455 5090 723 5143 confratri
755 5096 952 5144 nostro
984 5090 1277 5143 Adalwino
1332 5094 1540 5142 sancta:
1589 5088 1868 5141 Vivenen-
1982 5088 2086 5140 tim
2131 5101 2245 5138 non
2283 5084 2467 5137 solum
2508 5081 2576 5134 ad
2628 5082 2774 5134 male
2827 5082 3219 5147 contemptum
3259 5075 3514 5128 habitum
3556 5072 3679 5125 sine

174 5181 248 5232 sis
280 5178 540 5232 Ecclesiae
581 5179 1026 5249 archiepiscopo.
1062 5179 1223 5242 Quod
1265 5182 1457 5231 autem
1504 5176 1870 5245 interrogasti
1984 5173 2340 5229 excusatione
2387 5171 2578 5241 aliqua
2609 5185 2892 5232 revocare,
2936 5167 3033 5220 sed
3080 5166 3252 5219 etiam
3297 5164 3354 5216 in
3391 5167 3677 5215 monaste-

173 5267 242 5320 de
301 5266 515 5320 femina
571 5283 700 5338 quas
761 5273 890 5338 post
948 5267 1169 5321 obitum
1230 5266 1418 5319 mariti
1480 5265 1567 5317 sui
1610 5265 1870 5317 velamen
1985 5264 2067 5318 rio
2108 5261 2206 5314 ubi
2262 5260 2497 5313 omnino
2528 5257 2778 5312 districte
2815 5256 2999 5308 valeat
3030 5252 3305 5307 custodiri
3349 5250 3676 5315 detrudere,

174 5371 397 5409 sacrum
430 5372 602 5426 super
632 5362 804 5427 caput
832 5372 1000 5411 suum
1032 5357 1327 5427 imposuit,
1377 5360 1433 5408 et
1460 5353 1624 5407 ﬁnxit
1674 5369 1731 5406 se
1767 5353 1872 5406 sub
1984 5358 2039 5406 et
2061 5352 2141 5405 ita
2165 5365 2396 5403 omnem
2427 5348 2575 5401 circa
2607 5346 2762 5399 illam
2810 5341 3250 5438 sollicitudinem
3294 5340 3585 5438 exhibere,
3611 5346 3683 5438 ‘ut

174 5445 379 5497 eodem
422 5426 717 5499 velamine
753 5426 1250 5500 sanctimonialem
1292 5460 1432 5509 esse,
1488 5450 1684 5514 postea
1736 5458 1871 5496 vero
1984 5454 2154 5511 quam
2181 5437 2252 5490 sit
2281 5435 2568 5490 nefarium
2613 5433 2764 5505 quod
2796 5430 3104 5495 commisit,
3139 5446 3205 5482 ex
3247 5435 3343 5482 tua
3384 5428 3564 5499 possit
3595 5426 3678 5480 di-

175 5532 245 5585 ad
304 5533 537 5602 nuptias
603 5534 790 5598 rediit,
829 5535 1043 5589 bonum
1097 5534 1235 5588 mihi
1292 5533 1519 5587 videtur
1572 5531 1708 5603 quia
1770 5546 1874 5603 per
1984 5527 2273 5581 strictione
2324 5539 2683 5594 cognoscere.
2741 5521 2863 5585 Qua
2902 5521 2961 5573 in
3001 5535 3063 5573 re
3101 5519 3148 5572 si
3189 5519 3335 5589 quis,
3374 5517 3522 5587 quod
3564 5530 3681 5567 non
