4028 6190
349 215 452 268 803

1434 207 1837 265 BURCHARDI
1880 183 2411 264 woaMACIENSI's
2450 203 2779 260 EPISCOPI.

3752 210 3844 262 804

349 333 654 389 οτθᾱίωιιεο
686 333 960 387 laicorum
1013 330 1206 403 aliquo
1277 331 1384 386 tibi
1440 331 1672 400 ingenio
1739 330 2043 384 tentaverit
2088 330 2134 384 A
2165 330 2292 384 CAP.
2349 329 2481 383 LIV.
2523 358 2588 403 έ-
2635 327 2796 403 Quod
2845 328 3087 403 mulieres
3108 327 3350 403 Αυενὶιῑιε,Δ
3379 330 3446 382 in
3495 327 3846 396 monasteriis,

352 423 767 489 obsistendum,
801 443 831 476 a
862 421 1235 475 sanctissimae
1265 437 1396 474 eum
1442 419 1871 474 communionis
1914 435 2045 489 par-

349 511 688 581 ticipatione
749 509 1052 581 suspende,
1103 509 1384 579 nobisque
1444 509 1774 562 renuntiare
1820 508 2046 573 festina,

348 604 412 653 ut
445 604 725 671 quantum
761 601 806 652 si
838 597 1183 652 exsecrabile
1213 597 1363 667 quod
1399 597 1719 666 prmsumit,
1744 601 2047 667 postquam

353 688 810 742 consideratione
869 685 1108 757 propria
1162 702 1275 739 non
1323 685 1584 745 advertit.
1634 684 2050 740 emendationis

352 774 625 844 qualitate
667 777 984 843 cognoscat.
1021 774 1085 826 In
1133 772 1222 826 his
1251 777 1439 826 autem
1474 772 1741 826 omnibus
1764 772 1864 843 |ita
1915 787 2048 825 cau-

352 866 476 914 tum
536 878 598 914 ac
626 863 791 915 stude
842 861 1172 932 vigilantem
1225 865 1281 914 te
1340 861 1662 927 ostendere,
1717 866 1782 915 ut
1819 861 2048 931 culpam

352 956 513 1004 tuam
568 966 685 1004 non
739 951 1032 1021 geminare
1104 951 1416 1020 neglectus,
1483 950 1575 1004 sed
1637 949 2051 1020 aliquantisper

356 1040 540 1092 valeat
560 1043 615 1116 et
634 1039 956 1092 sollicitudo
981 1039 1262 1093 minuere.

354 1162 494 1216 CAP.
535 1163 592 1215 L.
626 1191 694 1200 -—
731 1164 806 1215 De
841 1161 1024 1215 viduis
1076 1162 1290 1227 velatis,
1337 1163 1390 1215 si
1437 1162 1807 1231 voluptatibus
1860 1163 2052 1216 carnis

891 1235 1152 1286 inseruire
1180 1237 1523 1287 accusantur.

425 1341 533 1403 (Ea:
561 1339 782 1392 concilio
825 1338 1106 1403 Meldensi,
1145 1340 1322 1407 capite
1363 1338 1439 1408 2.)
1476 1339 1540 1392 Ut
1580 1337 1691 1392 illm
1734 1353 1863 1408 qua:
1889 1336 2051 1408 quasi

355 1426 817 1480 sanctimoniales
873 1428 976 1478 sub
1041 1426 1327 1479 velamine
1379 1425 1671 1495 religionis
1730 1426 1936 1496 degere
1969 1425 2049 1478 vi-

355 1515 582 1580 dentur,
625 1515 721 1568 sed
774 1515 964 1583 potius
1012 1514 1071 1566 in
1119 1514 1337 1568 deliciis
1387 1515 1660 1582 viventes,
1709 1520 1952 1567 mortuae
1993 1515 2053 1568 in

357 1602 565 1656 divinis
618 1602 795 1655 oculis
843 1607 1267 1672 computantur,
1320 1618 1423 1672 per
1473 1603 1792 1673 provincias
1845 1603 2054 1657 discur—
2093 1619 2132 1672 Β

356 1696 564 1758 rentes,
597 1691 837 1744 curiosae
868 1697 923 1744 et
956 1691 1224 1755 verbostc,
1258 1691 1303 1744 si
1335 1691 1669 1745 libidinibus
1720 1691 2053 1762 cazterisque

357 1779 542 1833 carnis
587 1779 970 1850 voluptatibus
1021 1780 1294 1834 inservire
1347 1785 1704 1847 accusantur,
1765 1780 1810 1833 si
1863 1780 2054 1835 mani-

358 1870 497 1922 feste
525 1868 714 1938 detegi
741 1869 1054 1938 potuerint,
1085 1869 1398 1939 episcopali
1430 1869 1768 1923 auctoritate
1801 1874 1857 1922 et
1896 1870 2054 1940 regia

356 1961 635 2026 potestate
657 1958 715 2010 in
745 1958 954 2011 talibus
986 1958 1118 2010 locis
1149 1958 1396 2011 residere
1445 1958 1548 2012 sub
1595 1958 1921 2012 testimonio
1963 1975 2053 2012 re-

359 2045 558 2115 ligioso
606 2051 903 2114 cogantur,
955 2045 1052 2098 ubi
1116 2046 1516 2115 paenitentiam
1571 2046 1617 2099 si
1673 2045 1910 2100 fecerint
1964 2047 2054 2100 di-

357 2149 552 2204 gnam,
594 2138 970 2204 assequantur
1013 2133 1186 2187 etiam
1233 2133 1602 2187 fructuosam.
1637 2134 1694 2188 Si
1747 2134 1901 2188 enim
1943 2151 2060 2188 ma-

357 2222 563 2276 nifeste
623 2222 812 2291 detegi
865 2237 981 2274 non
1037 2222 1342 2290 valuerint,
1402 2237 1536 2291 erga
1595 2223 1896 2276 Ecclesium
1943 2239 2058 2276 sum

360 2311 645 2381 opinionis
670 2311 880 2363 malam
911 2310 1119 2362 famam
1143 2311 1415 2364 canonice
1443 2325 1690 2380 purgare
1739 2315 2017 2380 cogantur
2043 2326 2054 2364 :

360 2406 416 2454 et
443 2405 509 2454 ut
537 2399 858 2470 religiosius
889 2399 958 2452 de
990 2404 1194 2453 caetero
1242 2399 1452 2465 vivant,
1501 2407 1558 2453 et
1601 2399 1660 2452 in
1701 2401 2058 2454 monasteriis

361 2490 791 2553 conversentur,
848 2487 1160 2557 episcopali
1198 2489 1424 2541 decreto
1482 2492 1538 2541 et
1579 2487 1736 2557 regia
1781 2493 2059 2558 potestate

364 2581 755 2631 coerceantur.
795 2578 869 2630 De
899 2576 988 2629 his
1020 2575 1193 2630 etiam
1224 2575 1524 2645 Apostolus
1555 2575 1690 2629 dicit
1721 2590 1734 2628 :
1765 2574 1902 2638 Quae
1929 2588 2060 2626 cum

362 2663 657 2717 fornicatae
684 2662 916 2730 fuerint,
951 2662 1009 2716 in
1041 2662 1264 2716 Christo
1295 2663 1510 2715 nubere
1542 2661 1760 2715 volunt.

365 2772 492 2825 CAP.
528 2769 614 2824 LI.
655 2799 725 2807 —
769 2770 833 2824 Ut
871 2769 1128 2835 sacrilegi
1165 2767 1557 2835 dijudicentur,
1609 2769 1705 2835 qui
1741 2781 1796 2820 se
1829 2766 2061 2820 sacratis

924 2841 1145 2905 feminis
1170 2841 1502 2893 miscuerint.

441 2946 562 3013 (E1.-
618 2945 840 2999 concilio
892 2945 1207 3009 aretatensi,
1255 2946 1430 3013 capite
1485 2945 1564 3012 7.)
1616 2942 1922 2997 Sciendum
1981 2944 2062 2995 est

368 3033 636 3088 omnibus
675 3033 823 3104 quod
874 3033 988 3086 Deo
1031 3036 1381 3086 sacratarum
1430 3032 1776 3086 feminarum
1822 3045 2062 3100 corpora

365 3139 468 3194 per
497 3107 690 3175 votum
741 3121 993 3191 propriae
1055 3120 1380 3192 sponsionis
1431 3126 1487 3174 et
1535 3121 1706 3173 verba
1753 3118 2061 3173 sacerdotis

369 3213 484 3265 Deo
532 3213 862 3263 consecrata
912 3211 1125 3280 templa
1177 3225 1300 3264 esse
1331 3209 1751 3279 Scripturarum
1809 3207 2063 3261 testimo-

369 3296 479 3350 niis
532 3296 1004 3366 comprobantur,
1061 3301 1118 3350 et
1166 3296 1294 3350 ideo
1347 3297 1656 3350 violatores
1712 3310 1909 3348 earum
1972 3311 2064 3347 sa-

368 3384 562 3455 crilegi
611 3400 674 3438 ac
692 3383 855 3455 juxta
900 3384 1234 3455 Apostolum
1267 3383 1373 3438 filii
1401 3383 1741 3456 perditionis
1790 3399 1911 3437 esse
1959 3399 2062 3436 no-

369 3478 626 3527 scuntur.

369 3580 498 3634 CAP.
534 3579 645 3633 LII.
677 3608 749 3619 ——
778 3582 852 3634 De
872 3579 957 3634 his
980 3581 1076 3648 qui
1105 3579 1543 3634 sanctimoniales
1569 3581 1826 3648 virgines,
1861 3578 2061 3632 viduas

971 3652 1180 3705 velatas
1211 3653 1458 3720 rapiunt.

439 3759 548 3824 (Ea:
572 3757 792 3812 conc-ilio
840 3757 1119 3824 Meldensi,
1171 3759 1346 3826 capite
1375 3756 1452 3826 8.)
1500 3755 1608 3821 Qui
1653 3753 2061 3809 sanctimonia-

369 3846 448 3900 les
475 3845 725 3916 virgines
751 3846 838 3898 vel
880 3845 1079 3899 viduas
1127 3846 1378 3916 rapiunt,
1429 3849 1484 3898 et
1533 3860 1839 3914 progressu
1891 3843 2064 3897 etiam

368 3934 624 3988 criminis
654 3935 713 3987 in
752 3933 1090 4004 conjugium
1135 3938 1392 3998 sumunt,
1425 3932 1670 4003 publicas
1711 3931 2064 4008 poenitentiae

370 4023 726 4092 subigantur.
761 4022 901 4093 Ipsae
943 4038 1073 4075 vero
1120 4021 1349 4075 femina:
1404 4021 1541 4074 locis
1571 4021 1840 4091 congruis
1889 4020 2068 4090 paeni-

369 4112 560 4165 tentiae
602 4110 990 4175 rctrudantur,
1035 4114 1091 4163 et
1141 4109 1206 4162 ad
1249 4109 1511 4163 habitum
1551 4109 1847 4179 religionis
1878 4109 2066 4163 redire

369 4204 668 4269 cogantur.
712 4198 837 4267 Ipse
883 4202 1075 4251 autem
1125 4197 1487 4251 incestuosus
1535 4196 1657 4250 sine
1705 4213 1804 4268 spe
1850 4197 2065 4251 uxoria:

370 4284 752 4355 copulationis
779 4285 1112 4356 perenniter
1152 4290 1398 4350 maneat,
1443 4285 1552 4338 nisi
1593 4287 1838 4340 nescisse
1879 4301 1938 4340 se
1971 4301 2065 4340 ve-

370 4374 544 4427 latam
575 4389 894 4442 expurgare
925 4371 1196 4443 potuerit.
1232 4373 1291 4427 Si
1320 4389 1470 4435 vero.
1506 4374 1661 4444 quod
1711 4374 1884 4428 absit!
1942 4390 2068 4428 eon-

366 4462 530 4532 jugio
567 4461 777 4514 iterare
813 4460 1310 4532 praesumpserint,
1357 4461 1564 4516 acriori
1596 4461 1911 4516 subdantur
1940 4462 2064 4516 vin-

372 4549 555 4615 dictas,
590 4553 645 4602 et
671 4549 918 4620 amplius
949 4549 1364 4620 propellantur.
1413 4549 1521 4614 Qui
1565 4565 1622 4602 se
1661 4549 1804 4604 forte
1835 4551 2068 4604 obedire

373 4637 608 4693 monitis
637 4637 984 4692 salutaribus
1018 4637 1331 4703 noluerint,
1368 4638 1946 4693 anathematizentur.

375 4745 500 4800 CAP.
546 4746 683 4800 ιλιι.
728 4774 796 4783 -
830 4747 897 4798 Ut
926 4745 1109 4798 clerici
1135 4758 1227 4798 seu
1274 4745 1404 4799 laici
1427 4759 1546 4798 cum
1591 4743 1723 4797 bono
1767 4746 2069 4800 testimonio

719 4831 840 4869 cum
877 4818 1051 4870 sacris
1079 4817 1276 4884 puellis
1305 4815 1455 4884 loqui
1484 4814 1728 4868 debeant.

442 4921 561 4983 (Ea:
601 4907 829 4976 boncitio
862 4921 1134 4990 Spalensi,
1167 4923 1344 4989 capite
1375 4922 1484 4990 10.)
1510 4921 1639 4974 Haec
1665 4921 1882 4975 cautela
1924 4919 2072 4975 circa

375 5025 572 5065 omnes
610 5014 887 5077 servetur,
930 5015 993 5064 ut
1043 5009 1174 5064 laici
1217 5009 1425 5063 remoti
1473 5026 1506 5062 a
1534 5009 1932 5080 peculiaritate
1964 5009 2072 5062 vir-

377 5098 597 5166 ginum,
643 5115 749 5153 nec
800 5115 981 5170 usque
1008 5098 1079 5152 ad
1123 5097 1470 5152 vestibulum
1497 5097 1747 5152 habeant
1769 5098 2072 5152 accedendi

376 5187 655 5240 familiare
710 5188 1078 5257 permissum,
1150 5202 1256 5240 nec
1322 5185 1445 5255 ipse
1507 5187 1607 5257 qui
1672 5193 1877 5258 praeest
1941 5203 2072 5240 cum

378 5273 498 5326 sola
528 5275 780 5346 colloqui
808 5277 997 5343 debet,
1032 5276 1127 5330 sed
1169 5274 1273 5329 sub
1311 5274 1640 5330 testimonio
1678 5275 1923 5329 duarum
1975 5280 2087 5334 aut.

377 5361 552 5415 trium
629 5379 909 5433 sororum,
979 5366 1060 5420 ita
1126 5380 1256 5420 rara
1321 5364 1393 5419 sit
1431 5363 1698 5432 accessio,
1769 5364 2072 5435 brevisque

377 5449 613 5504 locutio.

2410 404 2508 453 aut
2535 402 2592 453 in
2613 399 2860 453 domibus
2885 402 2996 453 suis
3026 400 3270 453 habitum
3299 399 3612 453 observent.

2229 503 2340 570 (Ea:
2359 503 2506 558 decr.
2529 504 2765 570 Eugenii
2784 519 2944 572 papae
2971 505 3146 572 capite
3175 503 3292 574 28.)
3325 503 3604 558 Mulieres
3634 503 3851 558 obtentu

2155 592 2456 663 religionis
2521 592 2740 658 velatae,
2814 598 2910 645 aut
2973 592 3032 646 in
3087 593 3451 646 monasterio
3528 592 3854 661 regulariter

2157 681 2370 748 vivant,
2430 685 2530 735 aut
2593 681 2652 735 in
2719 681 2982 736 domibus
3033 681 3148 734 suis
3198 687 3544 752 susceptum
3617 681 3850 736 habitum

2160 773 2310 822 caste
2342 769 2660 824 ebservent.

2161 875 2288 930 CAP.
2321 875 2425 929 LV.
2472 905 2541 914 —
2601 877 2667 929 Ut
2699 874 3141 929 adolescentiores
3195 874 3397 937 vidum,
3465 875 3556 928 vel
3589 877 3852 930 sanctimo-

2461 946 2655 1014 niales,
2687 947 2757 1000 ab
2779 948 3019 1015 episcopo
3058 961 3163 999 non
3191 947 3568 1013 negligantur

2235 1035 2338 1102 (Ea:
2363 1036 2588 1089 concilio
2626 1035 2910 1101 Carthag.,
2952 1037 3128 1102 capite
3169 1035 3316 1103 t0?)
3358 1033 3450 1086 Ad
3485 1038 3711 1088 reatum
3749 1035 3850 1104 epi-

2160 1123 2320 1192 scopi
2361 1124 2631 1193 pertinet,
2674 1125 2761 1177 vel
2809 1122 3126 1194 presbyteri
3164 1122 3263 1193 qui
3305 1122 3613 1191 parocliiaa
3654 1130 3848 1192 praeest

2161 1211 2208 1264 si
2280 1213 2664 1267 sustentandae
2721 1212 2790 1266 ab
2855 1212 3098 1266 Ecclesia
3149 1211 3278 1264 vitae
3341 1211 3658 1281 praesentis
3710 1227 3852 1265 causa
3940 1263 3941 1281 1

2161 1299 2638 1355 adolescentiores
2701 1301 2889 1354 vidum
2963 1301 3051 1354 vel
3119 1299 3611 1354 sanctimoniales
3677 1316 3850 1353 eorum

2161 1388 2649 1444 familiaritatibus
2677 1389 3074 1459 subjiciantur.

2163 1493 2290 1549 CAP.
2330 1494 2459 1548 LVI.
2495 1525 2560 1535 —-
2595 1497 2658 1549 Ut
2689 1497 3060 1563 unusquisque
3101 1496 3388 1562 cpiscopus
3445 1495 3672 1547 clericos
3697 1497 3750 1548 in
3776 1510 3849 1548 suo

2232 1568 2499 1702 ;piscopio
2583 1572 2861 1632 vagantes,
2929 1565 3002 1619 ad
3064 1581 3224 1619 suum
3280 1567 3611 1634 episcopum
3701 1566 3850 1620 redire

2265 1639 2430 1690 aciat.

2265 1639 2430 1690 'aciat.

2234 1726 2344 1793 (Ea:
2389 1727 2607 1780 concilio
2661 1727 2926 1792 Mogunt.,
2982 1727 3160 1794 capite
3206 1724 3315 1794 19.)
3362 1725 3440 1779 Ut
3480 1725 3850 1795 unusquisque

2163 1813 2464 1884 episcopus
2495 1814 2551 1867 in
2575 1830 2676 1868 sua
2705 1815 2981 1884 parochia
3033 1814 3346 1884 diligenter
3388 1813 3752 1884 presbyteros
3782 1817 3847 1868 vel

2163 1902 2400 1956 clericos
2431 1902 2704 1972 inquirat,
2736 1902 2886 1956 unde
2919 1901 3032 1955 sint
3064 1918 3076 1955 :
3113 1907 3171 1954 et
3200 1901 3248 1953 si
3273 1902 3545 1972 aliquem
3581 1903 3846 1973 fugitivum

2167 1991 2472 2058 invenerit,
2505 1993 2574 2046 ad
2607 2007 2773 2045 suum
2808 1990 3138 2061 episcopum
3171 1990 3366 2044 redire
3396 1991 3598 2045 faciat.

2529 2098 2655 2152 CAP.
2692 2098 2844 2150 LVII.
2889 2125 2957 2138 —
2986 2100 3058 2150 De
3085 2097 3299 2150 clericis
3326 2099 3517 2163 vagis.

2235 2187 2346 2254 (Ea:
2383 2186 2562 2240 eodem
2605 2189 2780 2255 capite
2827 2186 2938 2254 18.)
2993 2187 3069 2239 De
3123 2186 3347 2238 clericis
3401 2185 3595 2256 vagis,
3645 2201 3733 2238 seu
3769 2184 3843 2239 de-

2167 2274 2472 2344 acepbalis,
2505 2274 2558 2328 id
2589 2279 2689 2341 est,
2725 2274 2793 2327 de
2825 2273 2914 2328 his
2957 2273 3056 2344 qui
3099 2279 3237 2328 sunt
3276 2278 3405 2328 sine
3450 2274 3658 2344 capite,
3694 2289 3849 2343 neque

2165 2360 2225 2414 in
2265 2362 2493 2416 servitio
2535 2361 2760 2417 Domini
2799 2362 2996 2427 nostri,
3043 2377 3231 2432 neque
3279 2362 3390 2416 sub
3449 2362 3736 2432 episcopo,
3767 2377 3850 2414 ne-

2168 2466 2278 2520 que
2310 2450 2414 2504 sub
2443 2450 2668 2518 abbate,
2699 2450 2798 2504 sed
2845 2450 2966 2504 sine
3006 2451 3288 2504 canonica
3328 2451 3420 2504 vel
3477 2450 3727 2521 regulari
3755 2449 3852 2502 vita

2167 2539 2459 2608 degentes,
2491 2544 2554 2593 ut
2582 2540 2639 2592 in
2683 2539 2824 2592 libro
2845 2538 3164 2592 ofﬁciorum
3202 2540 3488 2606 secundo,
3527 2556 3650 2610 cap.
3684 2538 3850 2602 tertio,

2168 2628 2238 2682 de
2289 2628 2379 2680 his
2425 2627 2681 2680 dicitur:
2725 2627 2838 2682 Hos
2901 2642 3087 2698 neque
3147 2627 3300 2681 inter
3355 2628 3562 2692 laicos,
3619 2633 3676 2681 et
3721 2628 3852 2680 inter

2169 2717 2530 2770 saecularium
2573 2714 2896 2770 ofﬁciorum
2942 2715 3156 2782 studia,
3201 2731 3394 2786 neque
3443 2717 3599 2770 inter
3647 2716 3852 2769 clericos

2169 2805 2373 2874 religio
2416 2808 2601 2859 tentat
2633 2803 2845 2869 divina,
2897 2804 2991 2859 sed
3027 2805 3239 2858 solutos
3295 2809 3477 2875 atque
3529 2804 3849 2866 aberrantes,

2100 2901 2140 2956 C
2171 2894 2292 2946 sola
2333 2893 2514 2963 turpis
2550 2892 2668 2946 vita
2712 2893 3109 2963 complectitur
3147 2899 3205 2946 et
3243 2908 3435 2962 vaga:
3489 2894 3701 2964 quique
3737 2893 3852 2946 dum

2169 2982 2391 3035 nullum
2423 2985 2705 3045 metuunt,
2739 2981 3034 3052 explenda!
3078 2981 3392 3052 voluptatis
3429 2998 3552 3035 suae
3583 2982 3846 3035 licentiam

2169 3073 2477 3134 sectantur,
2519 3073 2576 3123 et
2620 3069 2799 3139 quasi.
2828 3068 3098 3122 animalia
3140 3069 3311 3122 bruta
3359 3069 3631 3124 libertate
3677 3085 3736 3122 ac
3770 3069 3848 3121 de-

2171 3157 2379 3211 siderio
2434 3158 2713 3223 feruntur,
2756 3157 3030 3211 habentes
3086 3157 3315 3226 signum
3382 3157 3704 3228 religionis,
3753 3172 3847 3209 non

2168 3244 2468 3314 religionis
2488 3244 2761 3306 ofﬁcium.
2784 3244 3230 3315 bypocentauris
3251 3245 3499 3311 similes,
3534 3261 3718 3316 neque
3739 3243 3848 3314 equi

2172 3348 2277 3387 nec
2306 3333 2587 3387 homines.
2613 3332 3428 3403 Talesomninepraacipimus,
3461 3340 3529 3387 ut
3557 3334 3848 3403 ubicunque

2171 3421 2389 3476 inventi
2438 3422 2669 3493 fuerint,
2716 3421 2970 3494 episcopi
3027 3422 3150 3476 sine
3213 3422 3332 3476 ulla
3395 3439 3564 3476 mora
3617 3439 3708 3475 eos
3761 3420 3844 3473 sub

2171 3511 2433 3565 custodia
2476 3511 2874 3582 constringant
2930 3511 3225 3578 canonica,
3278 3515 3337 3564 et
3382 3512 3713 3565 nullatenus
3773 3525 3846 3561 eos

2171 3599 2420 3669 amplius
2459 3599 2536 3653 ita
2565 3600 2920 3655 errabundos
2968 3604 3025 3654 et
3071 3616 3245 3671 vagos
3292 3601 3619 3654 secundum
3663 3597 3846 3652 deside-

2174 3688 2256 3741 ria
2310 3687 2668 3759 voluptatum
2715 3704 2947 3742 suarum
2989 3687 3177 3742 vivere
3225 3689 3590 3758 permittant.
3631 3687 3724 3741 Sin
3772 3700 3846 3737 au-

2174 3780 2289 3829 tem
2356 3775 2636 3846 episcopis
2712 3775 2828 3830 suis
2915 3775 3185 3829 canonice
3262 3775 3504 3830 obedire
3570 3773 3842 3834 noluerint,

2173 3865 2741 3918 excommunicentur
2787 3879 2967 3935 usque
3031 3863 3100 3918 ad
3145 3864 3431 3934 judicium
3485 3862 3730 3935 episcopi
3776 3877 3844 3914 re-

2175 3952 2364 4024 gionis
2413 3952 2590 4005 illius.
2642 3951 2743 4007 Sin
2793 3959 2984 4006 autem
3038 3968 3142 4006 nec
3179 3951 3263 4006 illi
3312 3967 3411 4006 eos
3452 3952 3731 4023 corrigere
3772 3965 3842 4001 va-

2174 4039 2410 4106 luerint,
2457 4039 2695 4094 omnino
2748 4041 2854 4095 sub
2893 4039 3136 4093 vinculis
3189 4041 3666 4112 constringantur
3696 4051 3842 4107 usque

2177 4129 2246 4183 ad
2296 4128 2599 4199 synodum,
2651 4132 2716 4182 ut
2761 4128 2843 4182 ibi
2895 4127 2975 4180 eis
3029 4127 3314 4182 indicetur
3351 4133 3552 4183 utrum
3609 4127 3678 4181 ad
3718 4125 3839 4196 judi-

2176 4217 2329 4271 cium
2396 4216 2673 4287 principis
2739 4220 2836 4270 aut
2900 4214 2967 4268 ad
3030 4215 3416 4270 universalem
3446 4215 3720 4286 synodum
3761 4211 3840 4265 de-

2176 4305 2458 4374 ferantur,
2491 4305 2597 4360 sub
2634 4304 2890 4358 custodia
2917 4303 3166 4375 publica.
3543 4321 3550 4325 ‘

2179 4411 2307 4465 Cxp.
2340 4411 2522 4465 LVIII.
2559 4441 2626 4449 —
2653 4412 2720 4465 Ut
2753 4410 3024 4464 monachae
3054 4412 3346 4464 monastice
3372 4413 3587 4477 vivant,
3639 4413 3686 4461 et
3711 4419 3836 4461 cano-

2426 4485 2544 4536 nice
2571 4482 2861 4536 secundum
2877 4483 3193 4535 canonicam
3215 4483 3385 4535 vitam
3414 4485 3627 4534 uiuant.

2261 4570 2375 4637 (Ea:
2413 4569 2592 4624 eodem
2631 4571 2852 4623 concilio
2882 4572 2969 4622 cui
3003 4571 3258 4634 interfuit
3292 4571 3528 4624 Carolus
3565 4571 3759 4636 imper.,
3794 4566 3832 4613 et

2181 4657 2480 4727 Ricolphus
2519 4658 2784 4726 archiep.,
2861 4659 2917 4710 in
2956 4659 3178 4712 claustr.
3235 4658 3291 4712 S.
3345 4659 3501 4724 Διὰ,
3546 4658 3710 4725 capite
3748 4654 3831 4710 l3.)

2178 4746 2503 4800 Abbatissas
2568 4751 2759 4800 autem
2827 4761 2956 4799 cum
3031 4745 3564 4800 sanctimonialibus
3633 4740 3830 4795 omnino

2179 4839 2330 4888 recte
2359 4839 2415 4888 et
2457 4835 2611 4904 juste
2641 4835 2828 4888 vivere
2869 4850 3186 4888 censemus.
3229 4835 3366 4897 Quae
3397 4850 3532 4888 vero
3573 4827 3829 4903 professio-

2181 4938 2311 4976 nem
2367 4923 2679 4977 secundum
2736 4921 2992 4992 regulam
3043 4921 3224 4976 sancti
3265 4921 3556 4975 Benedicti
3594 4917 3826 4973 fecerunt,

2179 5011 2520 5081 regulariter
2548 5011 2760 5064 vivant.
2794 5011 2890 5065 Sin
2917 5015 3132 5079 autem,
3180 5009 3457 5064 canonice
3505 5009 3682 5062 vivant
3726 5002 3826 5072 ple-

2180 5098 2350 5166 niter,
2397 5104 2453 5153 et
2491 5099 2597 5153 sub
2638 5099 2904 5169 diligenti
2961 5115 3098 5152 cura
3147 5098 3471 5152 custodiam
3527 5096 3760 5155 habeant,
3786 5092 3828 5140 et

2179 5187 2239 5239 in
2269 5187 2530 5241 claustris
2580 5187 2697 5240 suis
2736 5191 3131 5258 permaneant,
3183 5203 3287 5240 nec
3331 5186 3484 5240 foras
3529 5183 3718 5238 exitum
3755 5179 3829 5230 ha-

2179 5275 2371 5329 beant.
2407 5275 2516 5330 Sed
2550 5280 2605 5330 et
2636 5275 2775 5346 ipsae
2805 5275 3105 5330 abbatissae
3151 5274 3210 5328 in
3259 5273 3608 5328 monasteriis
3636 5266 3823 5322 sedeant

2181 5379 2286 5417 nec
2326 5365 2480 5418 foras
2520 5365 2753 5432 vadunt,
2800 5364 2922 5418 sine
2969 5363 3197 5417 licentia
3241 5367 3298 5418 et
3345 5361 3577 5417 consilio
3616 5348 3820 5428 episcopi

2183 5467 2290 5503 ευι.
