4028 6190
179 177 293 231 805
1170 158 1660 218 DECRETOBUM
1703 157 1891 211 LIBRI
1928 156 2033 212 XX.
2072 184 2140 195 ——
2180 152 2387 209 LIBER
2429 152 2756 207 OCTAVUS.
3482 172 3501 181 ί
3630 158 3733 210 806

179 297 320 351 Car.
366 293 506 348 LIX.
564 322 634 331 —
685 292 756 345 Ut
786 283 1227 343 sanctimoniales
1268 285 1567 339 abbatissae
1622 295 1735 335 suae
1791 282 1905 334 sint
1942 279 1989 333 Α
2021 275 2301 332 hensibile
2346 274 2651 337 invenerit,
2704 274 2993 344 corrigere
3046 279 3283 347 satagat.
3317 276 3731 333 Sanctimonia-

889 359 1210 412 obedientes.
1746 376 1751 381 '
2035 367 2173 412 linm
2221 365 2416 412 etiam-
2474 364 2810 412 pudicitiam
2860 364 3149 412 subtiliter
3196 364 3518 412 investiget.
3576 368 3639 412 Et
3690 368 3731 412 si

889 360 1210 413 obedientes.
1746 376 1751 381 ι

261 458 376 524 (Ea:
406 454 607 517 eodem,
657 451 835 518 capite
888 447 995 518 14.)
1044 443 1545 508 Sanctimoniales,
1597 438 1722 501 nisi
1770 438 1919 492 forte

185 544 483 599 abbatissa
540 556 642 594 sua
696 554 801 609 pro
880 537 1073 606 aliqua
1132 533 1472 587 necessitate
1540 527 1920 581 incumbente

184 634 488 691 mittente,
540 642 912 699 nequaquam
969 624 1037 678 de
1094 620 1447 676 monasterio
1513 615 1916 687 egrediantur.

186 722 294 775 Hm
345 736 482 774 vero
513 733 643 789 quas
698 715 945 769 famulos
978 715 1074 766 aut
1103 710 1349 765 famulas
1400 723 1521 761 non
1556 704 1796 775 habent,
1847 706 1917 759 ad

187 808 513 863 exercenda
571 804 806 873 negotia
864 803 932 857 ad
990 800 1238 855 mediam
1290 793 1635 851 monasterii
1685 798 1919 863 portam

186 897 562 968 perveniant,
618 897 675 947 et
726 891 809 946 ibi
864 904 1060 945 coram
1108 887 1347 941 testibus
1391 882 1699 953 negotium
1746 898 1917 936 suum

188 985 516 1036 exerceant.

189 1072 323 1126 CAP.
364 1068 476 1124 LX.
529 1096 603 1108 —
656 1067 741 1118 De
789 1064 1009 1129 feminis
1075 1076 1192 1130 qua:
1236 1062 1469 1128 propter
1526 1056 1920 1109 continentiam

623 1136 939 1189 muliebrem
968 1137 1181 1185 mutant
1210 1130 1479 1184 habitum.

271 1232 380 1297 (Ea:
429 1227 651 1282 concilio
708 1226 979 1290 Grangen.
1033 1222 1208 1289 capite
1260 1216 1368 1285 13.)
1423 1215 1485 1270 Si
1535 1231 1647 1285 qua
1704 1214 1920 1268 mulier

187 1322 440 1390 propter
489 1312 906 1368 continentiam
939 1326 1067 1381 quae
1116 1310 1370 1379 putatur,
1403 1304 1670 1358 habitum
1706 1308 1917 1374 mutat,

191 1412 253 1460 et
307 1421 414 1477 pro
469 1404 634 1457 solito
674 1398 949 1454 muliebri
1003 1396 1214 1451 amictu
1261 1393 1489 1449 virilem
1523 1392 1717 1460 sumit,
1777 1409 1917 1447 ana-

192 1496 401 1549 thema
434 1492 524 1544 sit.

194 1584 338 1638 CAr.
370 1582 505 1636 XLI.
570 1608 644 1620 —
679 1579 761 1631 De
817 1577 910 1630 illo
984 1577 1081 1643 qui
1133 1575 1513 1638 virginitatem
1574 1570 1917 1637 custodierit,
1961 1561 2001 1614 Β

631 1650 858 1717 nuptias
888 1654 1070 1700 autem
1102 1646 1487 1699 exsecraverit.

278 1745 389 1811 (Ea:
414 1738 611 1806 eodem,
648 1739 829 1807 capite
849 1734 925 1804 9.)
956 1734 1298 1803 Quicunque
1322 1730 1713 1801 virginitatem
1738 1734 1923 1782 custo-

200 1832 399 1897 diens,
460 1834 557 1882 aut
616 1823 984 1880 continentia:
1052 1823 1314 1888 studens,
1377 1820 1533 1872 velut
1586 1820 1925 1871 horrescens

200 1920 443 1991 nuptias
493 1921 757 1980 temerat,
810 1928 914 1967 nec
961 1917 1205 1982 propter
1252 1910 1362 1962 hoc
1411 1908 1563 1993 quod
1616 1907 1833 1961 bonum
1869 1911 1927 1959 et

201 2013 471 2063 sanctum
520 2010 605 2059 est
658 2017 874 2057 nomen
904 1999 1259 2070 virginitatis
1307 1995 1566 2063 assumit,
1620 1993 1926 2048 anathema

203 2098 303 2151 sit.

204 2188 342 2242 CAP.
374 2184 541 2239 XLII.
584 2213 650 2221 --
684 2183 756 2234 De
784 2179 1003 2245 feminis
1035 2191 1161 2245 qua:
1190 2178 1413 2243 propter
1458 2173 1773 2239 religionem
1816 2173 1925 2224 cri-

826 2264 916 2302 nes
951 2248 1306 2301 totonderint.

286 2349 399 2415 (Ea:
428 2344 624 2409 eodem,
654 2341 833 2409 capite
882 2324 1076 2401 l7.)'Si
1109 2351 1226 2405 qua
1267 2332 1479 2387 mulier
1509 2335 1746 2401 propter
1776 2329 1924 2383 divi-

202 2452 353 2492 num
408 2434 644 2497 cultum,
697 2432 762 2482 ut
810 2425 1080 2490 assumat,
1118 2424 1306 2477 crines
1357 2421 1627 2484 attendit,
1685 2435 1829 2489 quos
1874 2418 1924 2471 ei

209 2528 363 2580 Deus
420 2522 487 2576 ad
545 2514 917 2589 subjectionis
971 2512 1321 2565 memoriam
1372 2510 1591 2575 tribuit,
1649 2512 1927 2577 tanquam

203 2615 563 2685 praeceptum
599 2604 914 2662 dissolvens
945 2601 1315 2664 obedientize,
1348 2599 1659 2652 anathema
1689 2596 1781 2649 sit.

206 2712 345 2775 CAP.
369 2718 555 2772 XLIII.
590 2744 658 2754 —-—
691 2715 766 2766 De
792 2712 905 2764 illis
936 2710 1285 2832 qutiprtopter
1314 2707 1703 2761 continentiam
1736 2702 1927 2771 palliis

907 2795 994 2832 ves
1025 2796 1119 2832 um
1152 2794 1234 2831 ur.

907 2794 1234 2833 vesuuntur.

2033 367 2174 421 lium
2221 365 2417 431 etiam,
2474 364 2811 434 pudicitiam
2860 364 3149 418 subtiliter
3196 364 3519 435 investiget.
3574 368 3639 420 Et
3690 368 3737 420 si

2033 455 2226 525 aliqua
2262 452 2554 506 invenitur
2603 468 2751 522 quae,
2790 453 3050 522 neglecto
3093 453 3390 522 proposito
3439 454 3735 521 castitatis,

2032 543 2241 596 clerico
2270 545 2370 594 aut
2400 540 2546 594 laico
2579 541 2950 611 impudenter
2981 540 3306 608 misceatur,
3342 544 3397 594 et
3425 541 3485 593 in
3515 541 3738 610 privata

2032 628 2296 693 custodia
2341 628 2691 693 retrudatur,
2724 628 2822 681 ubi
2854 629 3006 698 quod
3058 629 3213 682 male
3244 628 3535 682 commisit
3567 628 3741 699 digne

2031 719 2329 788 paeniteat.
2372 717 2675 771 Interdicat
2718 716 2890 769 etiam
2924 734 2991 771 ex
3023 717 3363 771 auctoritate
3410 722 3737 771 sanctorum

2031 822 2345 872 canonum,
2405 811 2470 860 ut
2519 806 2713 860 nullus
2760 807 2937 860 laicus
2992 811 3091 859 aut
3138 806 3376 860 clericus
3422 806 3480 859 in
3536 823 3737 860 earum

2030 896 2294 951 claustris
2361 900 2418 949 et
2482 896 2712 949 secretis
2770 894 3222 948 habitationibus
3284 911 3571 949 accessum
3634 895 3736 949 ha-

2030 987 2185 1047 beat,
2217 1000 2405 1055 ncque
2444 984 2783 1056 presbyteri,
2822 984 2931 1037 nisi
2978 990 3198 1038 tantum
3233 985 3303 1038 ad
3351 986 3605 1052 missam,
3640 1002 3740 1039 ex-

2030 1076 2190 1146 pleta
2219 1073 2392 1127 missa
2420 1075 2489 1129 ad
2520 1073 2786 1128 ecclesias
2817 1090 2947 1127 suas
2978 1074 3232 1129 redeant.
3270 1074 3549 1128 Omnibus
3586 1090 3743 1143 prae-

2032 1170 2193 1218 terea
2219 1162 2445 1232 publice
2477 1167 2533 1217 et
2562 1162 2830 1234 privatim
2877 1161 3201 1228 denuntiet,
3234 1168 3514 1233 quantum
3544 1163 3742 1233 piacu-

2029 1254 2156 1307 lum
2209 1251 2300 1318 sit,
2356 1251 2455 1322 qui
2486 1267 2753 1322 sponsam
2804 1250 3011 1305 Christi
3058 1251 3260 1306 vitiare
3308 1252 3630 1321 praesumit.
3684 1250 3743 1304 Si

2033 1341 2191 1395 enim
2223 1340 2321 1394 ille
2372 1356 2505 1393 reus
2551 1344 2781 1393 tenetur
2822 1339 2921 1409 qui
2952 1355 3218 1409 sponsam
3260 1340 3514 1393 hominis
3547 1340 3740 1405 violat,

2031 1432 2253 1498 quanto
2297 1428 2480 1497 magis
2524 1444 2656 1481 reus
2688 1426 3002 1497 majestatis
3051 1428 3299 1481 efﬁcitur
3331 1428 3430 1499 qui
3473 1445 3742 1499 sponsam

2031 1517 2448 1588 omnipotentis
2483 1518 2581 1570 Dei
2610 1515 2977 1585 corrumpit?

2035 1625 2167 1679 CAP.
2203 1624 2401 1678 LXVII.
2463 1654 2533 1663 ——
2597 1626 2663 1679 Ut
2709 1622 2929 1676 abbates
2973 1624 3031 1675 in
3074 1627 3340 1691 potestate
3379 1626 3742 1694 episcoporum

2731 1696 3050 1747 consistant.

2105 1782 2223 1853 (Ea:
2252 1784 2477 1837 concilio
2528 1784 2849 1847 Aureliano,
2897 1784 3074 1851 capite
3098 1782 3178 1851 4.)
3224 1782 3472 1836 Abbates
3506 1799 3605 1854 pro
3636 1783 3744 1835 hu-

2035 1872 2285 1924 militate
2343 1870 2646 1939 religionis
2694 1870 2754 1922 in
2813 1869 3209 1940 episcoporum
3272 1876 3555 1939 potestate
3607 1886 3744 1924 con-

2033 1960 2260 2026 sistant,
2298 1965 2353 2012 et
2385 1959 2433 2011 si
2466 1958 2605 2028 quid
2638 1963 2795 2011 extra
2834 1958 3095 2028 regulam
3125 1959 3383 2026 fecerint,
3426 1960 3497 2013 ab
3528 1959 3746 2029 episco-

2033 2048 2127 2117 pis
2159 2047 2543 2117 corrigantur.
2578 2046 2704 2098 Non
2736 2047 2932 2109 semel,
2966 2046 3063 2099 sed
3096 2046 3305 2116 saepius
3335 2047 3396 2099 in
3428 2063 3602 2111 anno,
3633 2046 3747 2116 epi-

2034 2135 2193 2205 scopi
2238 2134 2473 2189 visitent
2520 2134 2868 2188 monasteria
2916 2135 3350 2201 monachorum,
3406 2140 3462 2188 et
3508 2135 3556 2187 si
3608 2134 3747 2206 quid

2034 2223 2451 2294 corrigendum
2502 2222 2693 2289 fuerit,
2746 2222 3051 2293 corrigant.
3098 2223 3356 2276 Monachi
3409 2229 3601 2277 autem
3649 2223 3746 2275 ab-

2033 2312 2269 2366 batibus
2317 2311 2476 2364 omni
2532 2311 2860 2365 obedientia
2917 2316 2973 2365 et
3032 2311 3334 2365 devotione
3396 2312 3742 2380 subjaceant.

2034 2401 2200 2464 Quod
2232 2401 2281 2453 si
2332 2401 2459 2471 quis
2491 2416 2594 2470 per
2641 2400 3056 2454 contumaciam
3116 2401 3396 2454 exstiterit
3427 2400 3743 2467 indevotus,

2035 2505 2100 2541 ac
2131 2505 2240 2559 per
2283 2489 2407 2542 loca
2437 2489 2629 2559 aliqua
2678 2490 2890 2559 vagari,
2926 2494 3025 2543 aut
3066 2490 3352 2559 peculiare
3385 2489 3619 2558 aliquod
3645 2488 3746 2541 ha-

2037 2578 2175 2631 bere
2230 2578 2685 2648 praesumpserit,
2733 2579 2927 2631 omnia
2975 2594 3105 2649 quae
3162 2578 3495 2647 acquisierit
3540 2578 3610 2630 ab
3656 2576 3749 2629 ab-

2030 2658 2270 2720 batibus
2322 2667 2654 2720 auferantur
2705 2667 3022 2721 secundum
3082 2666 3343 2735 regulam
3397 2664 3747 2717 monasterio

2035 2754 2363 2825 profutura.
2442 2755 2551 2826 Ipsi
2604 2760 2793 2810 autem
2846 2756 2946 2826 qui
3000 2754 3215 2808 fuerint
3269 2754 3589 2824 pervagati,
3650 2753 3746 2807 ubi

286 2880 412 2948 (Ea:
442 2875 628 2931 concil.
681 2871 969 2935 Cabillon.,
1021 2870 1201 2937 capite
1235 2867 1346 2934 1‘2.)
1387 2866 1446 2919 Si
1490 2864 1621 2934 quis
1667 2862 1921 2915 virorum
1964 2846 2004 2900 (ἶ
2034 2843 2257 2948 inventi
2304 2843 2536 2948 ἷυθξίιξξν
2569 2859 2699 2897 cum
2731 2844 2948 2948 auxilio
2989 2842 3548 2948 ξθρίδοοξίβδηίίξιδῖη
3582 2841 3744 2912 fuga‘

206 2972 454 3041 propter
504 2960 943 3024 continentiam,
1002 2973 1131 3026 quae
1179 2959 1435 3025 putatur,
1489 2952 1705 3041 amictu
1763 2949 1923 3020 pallii

208 3039 426 3123 utitur,
477 3051 640 3124 quasi
670 3065 773 3121 per
802 3049 908 3102 hoc
935 3044 1147 3099 habere
1176 3058 1233 3096 se
1259 3042 1542 3110 justitiam
1580 3039 1838 3106 credens,
1870 3043 1925 3091 et

208 3144 469 3215 despicit
543 3158 641 3195 eos
706 3137 807 3209 qui
872 3150 1003 3189 cum
1064 3131 1384 3187 reverentia
1441 3129 1625 3200 byrris
1681 3131 1737 3180 et
1801 3127 1925 3180 aliis

209 3232 628 3290 communibus
677 3232 733 3282 et
779 3224 961 3279 solitis
1009 3222 1260 3276 vestibus
1311 3224 1570 3286 utuntur,
1619 3216 1927 3270 anathema

216 3325 320 3378 sit.

213 3433 353 3486 CAP.
392 3426 568 3481 LXIV.
598 3453 667 3464 —
693 3425 772 3476 De
796 3423 907 3475 illis
926 3421 1021 3489 qui
1051 3418 1426 3484 virginitatem
1458 3413 1760 3477 observant,
1781 3414 1831 3463 et
1853 3412 1928 3464 sic

904 3490 1255 3544 extolluntur.

294 3590 405 3653 (Ex
432 3586 631 3652 eodem,
666 3584 844 3651 capite
874 3578 983 3650 10.)
1027 3578 1085 3631 Si
1116 3576 1244 3647 quis
1284 3590 1351 3628 ex
1384 3573 1474 3627 his
1500 3571 1600 3641 qui
1630 3568 1929 3637 virginita-

214 3682 345 3730 tem
428 3677 660 3743 propter
728 3670 907 3722 Deum
990 3667 1218 3718 servant
1278 3660 1572 3716 extollitur
1627 3657 1929 3710 adversum

214 3763 583 3832 conjugatos,
620 3758 924 3812 anathema
958 3754 1046 3807 sit.

216 3852 357 3906 CAP.
427 3849 574 3903 LXV.
622 3875 694 3888 —
742 3844 894 3910 Quod
931 3858 1037 3896 non
1062 3843 1136 3894 sit
1170 3835 1617 3910 permittendum
1642 3833 1929 3910 monachos

362 3926 411 3973 et
440 3920 726 3972 monachus
755 3906 813 3969 in
842 3929 946 3967 uno
979 3906 1301 3966 monasterio
1333 3908 1495 3963 simul
1525 3906 1793 3959 habitare.

300 4009 417 4078 (Ea:
447 4022 555 4073 reg.
592 4008 757 4071 Greg.
807 4001 1013 4072 papae.)
1058 4002 1117 4053 ln
1150 4000 1307 4051 nullo
1358 3998 1480 4050 loco
1527 3993 1843 4047 monachos
1875 3996 1932 4046 et

2035 2948 2125 2985 ces
2159 2932 2267 2985 sub
2293 2933 2551 2987 custodia
2584 2937 2925 2987 revocentur
2954 2937 3010 2986 et
3039 2931 3529 3003 constringantur.

2072 3020 2205 3074 CAP.
2243 3021 2656 3077 LXVIII.—Dc
2682 3008 2960 3076 monachis
2992 3023 3090 3090 qui
3116 3022 3256 3089 ﬁlios
3284 3021 3707 3088 procreaverint.

2110 3110 2224 3178 (Ea:
2269 3111 2433 3164 dictis
2482 3111 2537 3165 S.
2598 3110 2825 3180 Isidor.)
2877 3109 3134 3164 Monachi
3185 3108 3337 3162 filios
3378 3113 3747 3178 procreantes

2038 3196 2096 3250 in
2129 3214 2356 3253 carcere
2388 3199 2779 3264 recludantur,
2829 3203 3055 3253 tantum
3106 3197 3327 3250 facinus
3359 3196 3633 3250 continua
3674 3196 3750 3250 la-

2038 3288 2394 3341 mentatione
2425 3287 2723 3352 deilentes,
2774 3290 2837 3340 ut
2863 3287 2945 3340 eis
2974 3288 3061 3341 vel
3096 3286 3167 3340 ad
3205 3291 3452 3340 mortem
3486 3286 3608 3339 sola
3640 3285 3747 3338 mi-

2039 3374 2350 3429 sericordia
2376 3376 2435 3428 in
2463 3375 2887 3428 communionis
2918 3374 3104 3444 gratia
3127 3374 3310 3444 possit
3342 3374 3653 3444 indulgeri.

2041 3480 2170 3533 CAP.
2206 3482 2378 3535 LXIX.
2406 3510 2476 3519 -—
2508 3483 2579 3534 De
2608 3481 3122 3534 sanctimonialibus
3146 3495 3264 3547 qua:
3284 3482 3392 3533 vim
3406 3480 3748 3533 barbaricam

2715 3552 3079 3618 pertulerunt.

2112 3638 2231 3705 (Ea:
2279 3638 2424 3692 decr.
2481 3640 2670 3692 Leonis
2694 3653 2880 3706 papae,
2930 3640 3108 3707 capite
3148 3636 3266 3706 49.)
3305 3639 3383 3691 De
3413 3638 3501 3691 his
3551 3643 3743 3692 autem

2040 3741 2189 3795 quae,
2224 3725 2283 3779 in
2333 3741 2495 3779 sacro
2526 3724 2876 3795 virginitatis
2910 3724 3206 3796 proposito
3238 3726 3584 3790 constitutae,
3616 3726 3745 3779 bar-

2038 3812 2291 3867 baricam
2337 3816 2624 3885 pertulere
2653 3813 3005 3880 violentiam,
3046 3818 3102 3866 et
3132 3813 3519 3883 integritatem
3553 3815 3746 3885 pudo-

2040 3902 2120 3956 ris
2148 3918 2267 3957 non
2298 3902 2359 3956 in
2389 3903 2585 3956 animo
2634 3901 2732 3955 sed
2762 3917 3000 3970 corpore
3035 3900 3431 3971 perdiderunt,
3483 3918 3550 3956 ea
3582 3902 3745 3956 nobis

2040 3988 2268 4041 videtur
2311 3987 2588 4041 servanda
2635 3985 2974 4053 moderatio,
3024 3990 3089 4038 ut
3121 4000 3309 4054 neque
3352 3986 3411 4039 in
3442 3986 3743 4040 viduarum

218 4075 540 4153 monachas
586 4092 977 4163 permittimus
1009 4104 1189 4143 unum
1240 4083 1651 4140 monasterium
1693 4081 1923 4147 habere,
1971 4123 2011 4175 Β
2043 4076 2389 4146 dejiciantur
2436 4076 2699 4146 gradum,
2733 4090 2920 4145 neque
2953 4075 3013 4127 in
3057 4089 3346 4127 sacrarum
3401 4080 3457 4128 et
3487 4090 3744 4145 perseve-

219 4186 331 4239 sed
364 4200 464 4239 nec
509 4200 573 4237 ea
607 4198 734 4253 quae
786 4178 1039 4249 duplicia
1087 4180 1307 4241 vocant,
1342 4178 1398 4226 et
1431 4172 1478 4226 si
1509 4171 1647 4242 quid
1679 4171 1789 4223 tale
1823 4174 1923 4224 est.

220 4273 553 4343 Religiosus
601 4271 901 4341 episcopus
950 4265 1221 4320 mulieres
1273 4262 1507 4332 quidem
1552 4260 1613 4312 in
1653 4275 1753 4311 suo
1803 4259 1926 4311 loco

219 4364 457 4416 studeat
485 4375 737 4423 manere,
772 4355 1082 4410 monachos
1105 4356 1295 4405 autem
1328 4350 1482 4403 aliud
1516 4347 1926 4401 monasterium

217 4449 514 4504 aedificare
561 4449 741 4516 cogat.
792 4443 892 4498 Sin
943 4446 1133 4495 autem
1185 4436 1434 4508 plurima
1483 4436 1597 4488 sint
1626 4434 1761 4487 talia
1805 4449 1929 4487 mo-

215 4536 498 4601 nasteria,
546 4538 886 4606 separentur
928 4531 989 4584 in
1028 4528 1153 4582 aliis
1196 4524 1559 4581 monasteriis
1612 4524 1928 4587 monachae,

216 4634 287 4683 et
318 4626 377 4679 in
424 4625 547 4678 aliis
592 4621 877 4678 monachi.
936 4622 1044 4674 Res
1078 4622 1270 4671 autem
1323 4630 1463 4685 quas
1517 4612 1729 4665 habent
1773 4627 1928 4665 com-

214 4730 456 4781 munes,
505 4713 818 4768 secundum
846 4711 978 4780 jura
1022 4707 1103 4760 eis
1142 4702 1528 4773 competentia
1577 4700 1930 4754 distribuan-

214 4813 346 4861 tur.

218 4915 363 4969 CAP.
427 4909 598 4964 LXVI.
644 4937 705 4947 —
762 4908 829 4961 Ut
880 4906 1159 4971 episcopus
1190 4900 1521 4953 monasteria
1552 4895 1930 4950 monachorum

506 4985 555 5032 et
586 4970 1083 5032 sanctimonialium
1113 4975 1424 5039 frequenter
1455 4970 1656 5022 visitet.

306 5071 420 5139 (Eae
450 5068 623 5122 concil
674 5066 1014 5129 Rothomag.,
1065 5062 1240 5128 capite
1266 5058 1345 5124 3.)
1378 5059 1444 5110 Ut
1474 5056 1773 5125 episcopus
1804 5069 1930 5107 mo-

219 5156 481 5215 nasteria
514 5155 929 5210 monachorum
960 5155 1017 5203 et
1050 5145 1573 5200 sanctimonialium
1601 5145 1933 5213 frequenter

222 5250 500 5309 introeat,
539 5248 595 5297 et
624 5258 751 5296 cum
787 5238 1053 5310 gravibus
1086 5240 1141 5289 et
1172 5234 1453 5303 religiosis
1482 5231 1763 5303 personis,
1799 5234 1853 5283 et
1874 5230 1931 5282 in

223 5350 455 5400 eorum,
487 5333 570 5386 vel
607 5332 662 5384 in
692 5345 885 5384 earum
911 5330 1195 5380 conventu
1224 5322 1498 5385 residens,
1531 5335 1732 5374 eorum
1756 5318 1929 5371 vitam

226 5429 291 5477 et
311 5421 793 5475 ρυηνοιεεειιίυηαη]
811 5409 1415 5483 diligenterdisculiat,
1433 5415 1508 5475 et,
1530 5410 1574 5461 si
1590 5407 1726 5479 quid
1745 5421 1930 5477 repre-

2043 4164 2293 4218 rantium
2353 4165 2642 4234 virginum
2698 4179 2942 4217 numero
3002 4168 3361 4216 censeantur.
3422 4162 3637 4226 Quibus
3697 4164 3745 4217 si

2042 4253 2101 4307 in
2134 4254 2403 4308 omnibus
2432 4252 2806 4323 virginalibus
2835 4251 3333 4306 observationibus
3359 4256 3744 4322 perseverant,

2044 4348 2101 4396 et
2162 4342 2515 4396 castimoniae
2570 4341 2916 4395 soliditatem
2985 4345 3179 4394 mente
3237 4341 3586 4407 custodiunt,
3649 4358 3743 4395 sa-

2042 4435 2469 4484 cramentorum
2526 4445 2646 4483 non
2706 4434 2793 4482 est
2846 4428 3109 4498 neganda
3162 4429 3493 4483 communio
3545 4447 3557 4483 :
3610 4431 3746 4501 quia

2042 4520 2320 4589 injustam
2352 4525 2436 4572 est
2483 4518 2609 4572 illas
2640 4518 2697 4571 in
2744 4534 2812 4570 eo
2845 4518 2931 4570 vel
2979 4516 3165 4587 argui,
3210 4518 3296 4570 vel
3346 4519 3553 4584 notari,
3589 4519 3741 4589 quod

2042 4625 2157 4662 non
2189 4608 2451 4661 voluntas
2481 4605 2733 4669 admisit,
2766 4605 2863 4659 sed
2898 4604 2978 4657 vis
3010 4604 3232 4657 hostilis
3260 4605 3491 4674 eripuit.

2042 4713 2178 4767 CAP.
2218 4714 2357 4768 LXX.
2393 4744 2462 4752 —
2512 4716 2590 4766 De
2619 4711 2858 4779 quadam
2899 4710 3181 4763 abbatissa
3213 4727 3331 4779 qua:
3361 4726 3416 4763 se
3443 4714 3744 4779 proclama-

2102 4791 2261 4838 rerat
2287 4800 2450 4852 super
2477 4784 2743 4836 militibus
2774 4786 2831 4834 in
2861 4786 3096 4834 claustro
3127 4798 3223 4835 suo
3255 4783 3676 4848 hospitantibus.

2113 4873 2231 4941 (Ea:
2251 4875 2414 4939 regis.
2447 4873 2610 4936 Greg.
2636 4870 2709 4923 ad
2731 4870 3092 4922 Fortunatum
3118 4872 3423 4937 episcopum
3448 4872 3738 4938 Neapolit,

2042 4962 2219 5029 capite
2242 4964 2260 5013 1
2278 4962 2390 5029 12.)
2411 4957 2727 5012 Insinuavit
2744 4957 2909 5010 nobis
2932 4957 3095 5010 latrix
3115 4959 3481 5027 praesentium
3502 4960 3742 5027 Agnella

2044 5048 2347 5113 abbatissa,
2407 5046 2561 5116 quod
2616 5046 2766 5100 intra
2818 5045 3234 5098 monasterium
3290 5044 3472 5113 ipsius
3528 5047 3741 5100 milites

2043 5136 2423 5206 hospitentur.
2478 5136 2542 5188 Et
2572 5135 2810 5187 omnino
2841 5134 2910 5187 de
2941 5132 3313 5186 fraternitatis
3343 5139 3544 5189 vestrae
3591 5135 3741 5189 solli-

2042 5224 2290 5279 citudine
2347 5223 2539 5277 mirati
2591 5239 2810 5289 sumus,
2867 5238 2967 5275 cur
3018 5221 3126 5274 hoc
3177 5221 3465 5291 patienter
3522 5224 3738 5287 tulerit,

2044 5318 2245 5368 etnon
2293 5312 2432 5365 illud
2465 5327 2595 5365 cum
2643 5309 2803 5364 omni
2836 5308 3125 5364 celeritate
3176 5310 3372 5363 fecerit
3422 5313 3736 5367 emendari.

2048 5402 2205 5455 Unde
2253 5402 2577 5463 hortamur,
2636 5404 2701 5453 ut
2741 5399 2825 5452 vel
2878 5413 3032 5451 nunc
3085 5398 3258 5451 studii
3314 5399 3485 5452 vestri
3534 5400 3607 5452 sit
3653 5400 3740 5453 in-
