3972 6192
373 257 472 307 807

1445 253 1854 308 BURCHARDI
1890 250 2426 309 WORMACIENSIS
2465 251 2776 309 EPISCOPI
2788 292 2802 306 .
3744 258 3834 310 808

371 380 594 432 stanter
648 376 729 430 ets
798 379 1048 447 quorum
1104 375 1340 431 interest
1395 375 1718 444 imminere,
1778 381 2060 447 quatenus
2099 375 2148 432 Α
2179 377 2309 432 CAP.
2347 378 2557 432 LXXIX.
2589 406 2660 417 —
2686 377 2948 430 Janitrim
2968 375 3204 431 claustri
3227 391 3332 430 non
3374 377 3622 444 eligatur,
3651 381 3755 433 nisi
3780 387 3839 434 te-

371 467 493 520 sine
541 465 736 536 aliqua
785 465 990 519 exinde
1039 466 1394 520 excusatione
1440 465 1732 532 tollantur,
1783 471 1839 519 et
1875 466 2069 519 nullus

372 555 490 610 illic
540 554 782 608 ulterius
833 559 1086 608 meatum
1137 555 1396 625 accipiat,
1450 571 1555 610 nec
1601 555 1839 609 callidus
1890 555 2070 609 hostis

375 644 730 698 occasionem
787 642 1101 710 inveniens,
1161 644 1230 697 de
1289 643 1622 713 deceptione
1670 643 1923 713 religiosi
1974 643 2071 697 ba-

373 732 546 797 bitus,
580 730 731 802 quod
762 729 936 784 absit!
970 731 1154 785 valeat
1183 732 1486 786 exsultare.

372 839 503 894 CAP.
549 839 718 894 LXXI.
753 869 821 878 -—
854 837 1008 903 Quod
1036 853 1120 891 res
1148 839 1520 892 ecclesiastica:
1551 839 1626 892 ad
1675 841 1839 893 laicos
1883 839 2068 908 dispo-

887 909 1075 962 nenda:
1097 924 1202 962 non
1226 913 1539 978 respiciant.

444 999 554 1068 (Em
585 1001 806 1054 concilio
832 999 982 1068 apud
1009 999 1421 1068 Compendium.
1453 1001 1632 1068 capite
1667 997 1766 1066 10.)
1797 998 2070 1071 Synodali

371 1087 597 1141 decreto
645 1087 926 1140 sancitum
959 1091 1063 1150 est,
1099 1102 1169 1140 ne
1201 1087 1332 1140 laici
1367 1088 1452 1140 vel
1500 1088 1799 1141 saeculares
1836 1088 1904 1142 de
1933 1087 2070 1140 viris

372 1177 488 1230 Deo
541 1175 740 1230 dicatis
791 1176 1164 1246 Ecclesiaeque
1217 1175 1581 1230 facultatibus
1629 1176 1846 1246 aliquid
1896 1175 1967 1230 ad
2011 1192 2070 1229 se

369 1268 574 1334 putent
602 1264 688 1317 vel
719 1268 1073 1333 praesumant
1102 1267 1316 1333 praeter
1342 1263 1724 1316 ret'erentiam
1758 1264 2069 1332 pertinere,

371 1367 614 1422 quorum
667 1367 1028 1421 quarumque
1072 1351 1458 1405 sacerdotibus
1499 1351 1840 1422 disponendi
1889 1351 2070 1405 indis-

372 1457 532 1494 cusse
563 1458 595 1494 a
627 1442 743 1494 Deo
775 1457 913 1494 cura
958 1439 1260 1493 commissa
1295 1440 1548 1494 docetur.
1599 1440 1657 1494 Si
1693 1440 1822 1510 quis
1872 1443 2072 1494 contra

370 1527 494 1580 haec
524 1527 718 1580 venire
751 1527 1203 1596 praesumpserit,
1241 1529 1604 1581 anathemate
1635 1527 1889 1580 feriatur.

760 1633 888 1687 CAP.
935 1633 1136 1687 LXXII.
1171 1661 1238 1674 —
1271 1635 1341 1686 De
1370 1633 1558 1687 eadem
1587 1649 1665 1687 re.

443 1721 558 1788 (Ea:
611 1721 810 1786 eodem,
867 1724 1045 1789 capite
1102 1722 1174 1790 3.)
1223 1723 1299 1774 De
1356 1722 1491 1775 viris
1546 1723 1660 1776 Deo
1719 1721 1919 1776 dicatis
1977 1721 2066 1775 vel

371 1807 765 1861 ecclesiasticis
817 1807 1181 1861 facultatibus
1238 1809 1455 1879 aliquid
1507 1808 1868 1879 disponendi,
1910 1808 2066 1862 nulla

372 1896 582 1964 legitur
625 1895 802 1962 laicis,
837 1895 1098 1966 quamvis
1146 1897 1444 1966 religiosis,
1499 1913 1752 1968 unquam
1795 1897 2067 1952 attributa

369 1983 625 2038 facultas.

371 2089 498 2144 CAP.
526 2090 746 2145 LXXIII.
765 2119 826 2131 ——
850 2092 916 2144 Ut
931 2090 1149 2143 abbates
1167 2091 1242 2144 ad
1261 2091 1528 2161 synodum
1553 2093 1632 2144 ire
1652 2106 1758 2145 non
1782 2095 2066 2158 cogantur,

862 2164 973 2214 nisi
999 2177 1098 2229 pro
1128 2162 1449 2215 rationabili
1487 2177 1564 2214 re.

441 2250 556 2316 (Ea:
584 2250 805 2303 concilio
864 2251 1176 2312 Turonensi,
1223 2252 1397 2318 capite
1451 2251 1560 2315 ll.)
1592 2248 1901 2319 Episcopus
1948 2265 2065 2304 non

371 2336 541 2390 debet
589 2337 852 2391 abbatem
903 2353 1104 2407 cogere
1135 2338 1203 2391 ad
1241 2338 1526 2406 synodum
1576 2337 1680 2404 ire,
1730 2337 1839 2392 nisi
1872 2339 2067 2410 aliqua

363 2425 728 2480 rationabilis
757 2443 925 2479 causa
955 2425 1247 2480 consistat.

367 2531 496 2586 Car.
529 2531 750 2586 LXXIV.
782 2563 848 2571 —
873 2534 938 2586 Ut
958 2534 1395 2597 congregationes
1416 2532 1796 2586 monachorum
1826 2535 1941 2586 sine
1962 2534 2064 2587 col-

697 2603 1008 2656 laudatione
1033 2605 1271 2672 episcopi
1294 2605 1414 2672 ﬁeri
1439 2619 1545 2656 non
1576 2604 1735 2656 liceat

437 2691 547 2755 (Ea:
603 2691 825 2743 concilio
878 2692 1209 2758 Epaonensi,
1259 2693 1437 2758 capite
1495 2691 1602 2760 10.)
1661 2690 1907 2744 Cellulas
1964 2707 2062 2745 no-

361 2793 459 2831 vas
490 2782 587 2832 aut
633 2779 1203 2849 congregatiunculas
1253 2779 1665 2832 monachorum
1697 2779 1911 2850 absque
1956 2796 2058 2832 no-

363 2867 491 2921 titia
516 2867 768 2938 episcopi
795 2867 1166 2938 prohibemus
1197 2868 1438 2922 institui.

363 2975 493 3027 CAP.
521 2975 710 3030 LXXV.
732 3004 800 3013 —-
816 2975 897 3028 De
916 2975 1222 3043 virginibus
1248 2976 1443 3040 sacris,
1467 2990 1586 3043 quae
1603 2974 1922 3044 parentibus
1937 2977 2058 3045 pri-

719 3062 735 3070 κ
1098 3051 1318 3099 cantur.

435 3133 543 3203 (Ea:
572 3135 794 3188 concilio
849 3136 1130 3201 Africano,
1174 3135 1352 3202 capite
1404 3133 1519 3202 ll.)
1551 3134 1622 3188 Ut
1672 3133 1919 3200 virgines
1969 3150 2059 3186 sa-

362 3236 490 3282 cras,
537 3221 583 3274 si
626 3221 959 3291 parentibus
989 3239 1021 3274 a
1052 3222 1261 3292 quibus
1307 3221 1774 3276 custodiebantur
1821 3221 2058 3292 privatae

359 3309 596 3376 fuerint,
645 3310 715 3364 ab
765 3310 1031 3381 episcopo
1076 3309 1491 3364 custodiantur.
1542 3311 1646 3363 Ubi
1696 3314 1884 3364 autem
1937 3311 2058 3381 epi-

358 3412 564 3468 scopus
608 3398 814 3452 absens
861 3403 964 3464 est,
1023 3397 1388 3468 providentia
1432 3397 1791 3468 gravioribus
1829 3398 2060 3452 feminis

359 3487 818 3555 commendetur,
865 3491 930 3540 ut
958 3487 1128 3539 simul
1161 3486 1484 3540 habitantes
1515 3485 1758 3539 invicem
1789 3502 1848 3539 se
1878 3492 2059 3540 custo—

359 3574 538 3640 diant,
590 3591 676 3638 ne,
710 3575 923 3646 passim
974 3575 1257 3646 vagando,
1311 3575 1570 3629 Ecclesia
1615 3574 1828 3629 laedant
1871 3575 2059 3629 existi-

361 3663 696 3718 mationem.

358 3769 488 3824 Csp.
535 3769 752 3824 LXXVI.
780 3801 848 3809 —
872 3772 978 3838 Qui
1004 3771 1273 3837 religiosis
1292 3771 1513 3836 feminis
1537 3769 1932 3838 preponendus
1963 3771 2053 3822 sit.

429 3877 540 3944 (Ea:
583 3878 807 3930 concilio
869 3877 1305 3944 Carlhaginensi,
1363 3875 1545 3944 capite
1594 3875 1709 3945 97.)
1765 3873 1874 3938 Qui
1931 3873 2060 3927 reli-

357 3965 530 4034 giosis
589 3964 818 4020 feminis
865 3964 1288 4036 praeponendus
1338 3963 1429 4030 sit,
1481 3963 1553 4017 ab
1600 3961 1866 4032 episcopo
1919 3978 2059 4033 pro-

358 4054 544 4108 betur.

359 4161 486 4214 CAP.
531 4160 781 4213 LXXVII.
810 4189 870 4200 —
906 4162 980 4213 De
1008 4156 1536 4220 sanctimonialibus,
1567 4155 1704 4226 quid
1731 4157 1790 4208 in
1821 4157 2056 4210 claustro

974 4231 1159 4295 facere
1187 4229 1432 4281 debeant.

429 4337 540 4403 (Ea:
583 4337 806 4390 concilio
854 4337 1189 4402 Moguntina,
1242 4335 1420 4400 capite
1465 4334 1538 4402 6.)
1587 4333 2058 4388 Sanctimoniales

357 4423 416 4476 in
476 4424 827 4477 monasterio
876 4423 1199 4476 constituta:
1251 4421 1498 4476 habeant
1554 4421 1808 4476 studium
1862 4422 1918 4476 in
1969 4423 2057 4477 le-

358 4513 545 4580 gendo
589 4518 643 4566 et
673 4511 731 4566 in
764 4511 1073 4579 cantando,
1105 4516 1161 4564 et
1202 4510 1370 4564 horas
1396 4511 1698 4564 canonicas
1727 4512 2059 4566 solemuiter

358 4601 575 4670 pariter
619 4601 926 4668 celebrent,
961 4605 1016 4654 et
1045 4616 1267 4661 omnes.
1305 4599 1551 4669 exceptis
1583 4615 1724 4670 quas
1753 4599 2057 4654 infirmitas

357 4692 536 4751 tenet,
586 4687 646 4740 in
695 4686 1036 4741 dormitorio
1079 4683 1387 4751 dormiant,
1433 4689 1490 4738 et
1536 4684 1802 4738 omnibus
1855 4684 2057 4737 diebus

357 4775 426 4830 ad
456 4775 772 4845 capitulum
805 4780 862 4828 et
894 4774 962 4828 ad
995 4774 1330 4828 collationes
1359 4774 1612 4833 veniant,
1651 4777 1707 4824 et
1735 4774 1994 4842 regulam
2026 4788 2058 4825 a

353 4865 563 4918 sanctis
615 4862 876 4918 Patribus
927 4862 1042 4916 illis
1091 4861 1460 4917 constitutam
1510 4860 1817 4932 diligenter
1863 4859 2055 4914 obser-

355 4957 508 5007 vent.

356 5059 483 5114 CAP.
517 5059 782 5114 LXXVIII.
803 5090 871 5096 —
890 5058 1083 5113 Nullus
1111 5059 1280 5111 laicus
1301 5057 1541 5110 claustra
1561 5056 2058 5110 sanctimonialium

620 5129 988 5196 ingrediatur,
1028 5130 1140 5182 nisi
1173 5129 1246 5181 ad
1276 5143 1440 5196 opera
1469 5127 1786 5182 exercenda.

423 5239 534 5301 (Ea:
563 5235 762 5299 eodem,
785 5238 962 5304 capite
1000 5237 1058 5288 l6
1090 5235 1106 5304 )
1140 5234 1338 5287 Nullus
1368 5249 1561 5286 vassus
1592 5233 1914 5300 abbatissae,
1948 5248 2053 5286 nec

353 5323 617 5377 minister
672 5323 900 5394 aliquis,
962 5339 1064 5377 nec
1115 5322 1374 5389 clericus,
1428 5337 1532 5376 nec
1580 5322 1757 5375 laicus
1809 5322 2057 5376 claustra

354 5413 694 5466 ancillarum
726 5413 825 5467 Dei
854 5411 1232 5482 ingrediatur,
1267 5409 1377 5463 nisi
1407 5409 1554 5464 forte
1585 5409 1816 5481 quando
1851 5425 2056 5465 neces-

354 5501 492 5556 sitas
524 5500 802 5572 operandi
827 5499 1127 5555 incumbit.

2627 450 2938 502 stimonium
2978 448 3172 500 habeat
3203 448 3414 502 bonum.

2251 537 2378 604 (Ea:
2402 535 2606 603 eodem,
2647 552 2767 604 cap.
2828 536 2938 602 15.)
2989 536 3246 591 Portaria
3280 551 3395 590 non
3443 537 3701 607 eligatur,
3746 539 3842 592 nisi

2178 641 2303 696 quae
2353 631 2519 680 aetate
2570 633 2798 679 matura
2844 625 2934 693 sit,
2987 629 3043 678 et
3070 625 3459 680 testimonium
3513 627 3714 681 habeat
3755 628 3842 681 bo-

2176 731 2340 781 num,
2373 720 2429 768 et
2455 715 2584 768 vitae
2608 714 2922 786 probabilis
2948 713 3037 769 sit.

2181 805 2305 858 Car.
2333 804 2515 858 LXXX.
2548 834 2617 842 —
2643 805 2709 858 Ut
2736 803 3036 862 abbatissa.
3075 805 3188 856 nisi
3209 819 3310 872 per
3339 804 3612 856 licentiam
3641 806 3728 858 sui
3751 809 3841 873 epi-

2493 877 2643 944 scopi
2672 890 2706 927 a
2732 877 3055 927 monasterio
3079 889 3185 927 non
3215 874 3546 942 egrediatur.

2248 965 2366 1030 (Ea:
2397 965 2620 1018 concilio
2668 961 2971 1030 Gangren.,
3007 963 3182 1031 capite
3213 961 3290 1032 9.)
3321 961 3622 1016 Abbatissa
3650 979 3844 1034 nequa-

2178 1069 2349 1124 quam
2383 1053 2452 1107 de
2503 1052 2848 1106 monasterio
2882 1050 3234 1118 egrediatur,
3285 1050 3393 1104 nisi
3422 1067 3528 1120 per
3577 1051 3844 1106 licentiam

2179 1141 2432 1213 episcopi
2463 1141 2572 1194 sui.
2609 1141 2675 1194 Et
2707 1140 2754 1193 si
2784 1139 3014 1209 quando
3044 1139 3194 1193 foras
3224 1139 3434 1210 pergit,
3463 1139 3535 1194 de
3565 1141 3847 1194 sanctimo-

2177 1230 2426 1284 nialibus
2459 1245 2600 1299 quas
2630 1244 2822 1282 secum
2871 1227 3029 1282 ducit
3057 1244 3254 1282 curam
3305 1227 3616 1283 maximam
3644 1229 3845 1296 habeat,

2178 1321 2245 1371 ut
2274 1317 2431 1370 nulla
2461 1317 2542 1369 eis
2566 1316 2734 1370 detur
2757 1315 2977 1370 occasio
3009 1317 3304 1386 peccandi.

2181 1406 2310 1460 CAP.
2341 1407 2553 1460 LXXXI.
2590 1435 2659 1444 —
2692 1407 2758 1460 Ut
2787 1419 2926 1459 unus
2947 1404 3113 1458 abbas
3135 1404 3342 1459 duobus
3363 1407 3708 1459 monasteriis
3725 1420 3846 1474 pra-

2782 1491 2893 1530 esse
2926 1491 3032 1529 non
3058 1477 3267 1530 debeat.

2253 1565 2365 1631 (Em
2392 1565 2611 1618 concilio
2660 1566 2945 1628 Arausic.,
2989 1568 3165 1632 capite
3207 1564 3320 1633 54.)
3373 1565 3562 1618 Unum
3610 1563 3847 1618 abbatem

2108 1659 2148 1712 Β
2176 1652 2400 1705 duobus
2427 1651 2786 1706 monasteriis
2813 1651 3214 1706 interdicimus
3244 1652 3576 1722 praesidere.

2215 1742 2342 1795 CAP.
2387 1741 2624 1795 LXXXII.
2657 1771 2725 1780 -——-
2758 1743 2824 1795 Ut
2845 1741 3094 1794 monachi
3121 1745 3418 1810 compatres
3446 1755 3556 1794 non
3587 1739 3817 1794 habeant.

2248 1831 2335 1884 Eae
2360 1830 2582 1883 concilio
2628 1829 3125 1896 Augustodunensi,
3157 1831 3335 1897 capite
3365 1829 3441 1896 5.)
3491 1829 3562 1883 Ut
3612 1827 3847 1882 monachi

2177 1918 2261 1971 vel
2299 1917 2590 1970 monachae
2621 1921 2943 1986 compatres
2974 1916 3184 1970 habere
3215 1933 3330 1969 non
3362 1920 3734 1986 prmsuniant.

2177 2005 2306 2060 CAP.
2349 2005 2616 2060 LXXXIII.
2647 2037 2713 2044 —
2745 2005 3142 2129 Quoddfegnin?
3180 2007 3236 2059 in
3267 2010 3533 2060 conventu
3563 2005 3740 2059 docere
3760 2021 3846 2058 non

2939 2092 2964 2129 e
3002 2091 3100 2129 ean
3133 2120 3143 2129 .

2939 2091 3143 2130 eaeam.

2247 2163 2365 2233 (Ea:
2390 2162 2616 2218 concilio
2659 2162 3123 2230 Carthaginensi.)
3167 2161 3368 2216 Mulier
3411 2161 3678 2233 quamvis
3707 2161 3845 2215 docta

2175 2249 2234 2303 in
2262 2256 2544 2304 conventu
2578 2251 2778 2305 docere
2804 2267 2922 2304 non
2953 2251 3179 2305 audeat.

2175 2339 2303 2393 Car.
2329 2339 2591 2394 LXXXIV.
2609 2371 2670 2378 —
2691 2343 2758 2394 Ut
2775 2341 2983 2405 femina
3002 2341 3372 2408 pmnitentiam
3389 2339 3529 2392 dare
3544 2333 3649 2394 non
3662 2340 3845 2405 debeat,

2431 2425 2525 2464 nec
2556 2411 2740 2464 sedere
2768 2414 2911 2464 inter
2932 2412 3233 2464 sacerdotes
3256 2413 3315 2464 in
3342 2413 3614 2465 convivio.

2243 2499 2354 2567 (Ea:
2412 2501 2635 2554 concilio
2691 2502 2956 2566 Remensi,
3000 2505 3268 2569 praesente
3316 2499 3593 2554 Ludovico
3638 2502 3848 2568 impera-

2173 2592 2303 2654 tore,
2355 2590 2530 2657 capite
2575 2587 2651 2658 5.)
2702 2588 2936 2642 Femina
2981 2605 3093 2642 non
3136 2589 3232 2642 det
3281 2588 3704 2659 paenitentiam.
3761 2603 3851 2641 nec

2171 2675 2466 2745 corporale
2507 2691 2636 2728 cum
2693 2675 3000 2740 oblatione,
3049 2691 3154 2729 nec
3193 2675 3427 2736 calicem
3480 2693 3654 2746 super
3694 2677 3850 2730 altare

2171 2768 2367 2832 ponat,
2418 2778 2520 2816 nec
2563 2762 2714 2816 inter
2763 2763 3056 2817 ordinatos
3087 2768 3196 2818 stet
3238 2764 3298 2818 in
3346 2764 3608 2830 ecclesia,
3637 2780 3736 2818 nec
3770 2780 3848 2817 se-

2171 2852 2304 2905 deat
2330 2851 2483 2904 inter
2512 2851 2832 2906 sacerdotes
2862 2852 2922 2905 in
2947 2852 3222 2906 convivio.

2101 2935 2140 2986 C
2171 2958 2299 3010 CAP.
2325 2957 2559 3012 LXXXV.
2578 2988 2645 2996 —
2663 2959 2742 3012 De
2761 2957 3075 3011 mulieribus
3097 2960 3335 3012 virorum
3353 2974 3555 3014 causas
3579 2960 3849 3013 discutien-

2933 3029 3098 3083 tibus.

2241 3115 2350 3185 (Ea:
2394 3118 2581 3171 concil.
2649 3119 2968 3184 Nanneten.,
3029 3134 3150 3187 cap.
3213 3119 3287 3180 8.)
3351 3118 3496 3172 Cum
3563 3118 3849 3188 Apostolus

2168 3204 2317 3257 dicat
2348 3224 2360 3258 :
2398 3205 2660 3259 Mulieres
2708 3205 2769 3260 in
2801 3207 3038 3261 ecclesia
3083 3211 3308 3260 taceant
3337 3223 3350 3260 :
3385 3223 3506 3260 non
3539 3208 3692 3262 enim
3732 3223 3850 3278 per-

2169 3292 2419 3346 mittitur
2449 3293 2530 3347 eis
2580 3295 2759 3366 loqui,
2792 3300 2960 3366 turpe
2992 3299 3078 3349 est
3108 3295 3264 3349 enim
3308 3295 3542 3350 mulieri
3585 3297 3643 3349 in
3691 3296 3849 3349 eccle-

2169 3380 2253 3432 sia
2281 3379 2439 3450 loqui
2474 3398 2487 3436 :
2517 3382 2731 3436 mirum
2775 3383 3022 3448 videtur,
3065 3383 3219 3452 quod
3249 3383 3516 3453 quaedam
3569 3382 3852 3437 muliercu-

2167 3468 2238 3522 lae
2271 3473 2472 3523 contra
2511 3470 2733 3524 divinas
2789 3470 3184 3542 humanasque
3230 3471 3406 3539 leges,
3461 3472 3662 3525 attrita
3686 3471 3851 3524 fronte

2168 3555 2536 3626 impudenter
2579 3563 2832 3628 agentes,
2893 3559 3102 3629 placita
3151 3560 3445 3629 generalia
3499 3565 3559 3614 et
3612 3559 3852 3630 publicos

2169 3650 2484 3700 conventus
2553 3646 2945 3702 indesinenter
3002 3648 3236 3714 adeunt,
3302 3653 3359 3702 et
3415 3649 3646 3719 negotia
3707 3647 3853 3716 regni

2169 3733 2559 3805 utilitatesque
2642 3735 2975 3806 reipublice
3039 3737 3225 3807 magis
3299 3738 3643 3808 perturbant
3695 3751 3850 3808 quam

2168 3821 2494 3891 disponant,
2527 3838 2657 3876 cum
2713 3823 2984 3878 indecens
3013 3825 3108 3891 sit,
3134 3829 3190 3878 et
3219 3824 3390 3879 etiam
3424 3825 3580 3880 inter
3603 3825 3852 3880 barbaras

2169 3915 2367 3980 gentes
2417 3912 2887 3981 reprehensibile,
2922 3914 3191 3967 mulieres
3235 3914 3492 3968 virorum
3525 3930 3721 3968 causas
3750 3913 3849 3967 dis-

2167 4004 2382 4066 cutere,
2415 4005 2472 4053 et
2521 4017 2649 4071 quae
2679 4001 2749 4055 de
2800 4001 3062 4056 lanificiis
3091 4003 3228 4065 suis,
3275 4008 3331 4056 et
3360 4003 3637 4073 operibus
3667 4002 3850 4056 textri-

2169 4086 2335 4154 libus,
2369 4093 2426 4141 et
2455 4089 2794 4144 mulieribus
2835 4091 2988 4145 inter
3016 4091 3348 4162 genitiarias
3379 4109 3513 4145 suas
3551 4092 3849 4146 residentes

2170 4175 2488 4230 debuerant
2543 4178 2853 4248 disputare,
2909 4179 2965 4232 in
3016 4187 3300 4234 conventu
3357 4181 3590 4250 publico
3623 4196 3687 4234 ac
3727 4179 3846 4231 siin

2168 4265 2325 4318 curia
2372 4265 2708 4332 residentes,
2751 4267 3097 4321 senatoriam
3149 4268 3256 4322 sibi
3286 4274 3570 4339 usurpant
3613 4267 3846 4321 auctori-

2168 4357 2363 4407 tatem.
2399 4353 2535 4417 Quae.
2568 4354 2954 4424 ignominiosa
2986 4356 3362 4427 praesumptio
3395 4357 3718 4410 fautoribus
3742 4369 3848 4406 ma-

2167 4441 2253 4512 gis
2311 4442 2652 4512 imputanda
2697 4444 2942 4514 videtur,
2993 4460 3167 4515 quam
3216 4443 3467 4498 feminis.
3529 4443 3688 4498 Unde
3730 4441 3849 4512 quia

2168 4527 2375 4582 divinas
2427 4530 2598 4598 leges,
2629 4535 2691 4583 ut
2736 4547 2908 4600 supra
2955 4537 3333 4585 monstratum
3370 4536 3474 4594 est,
3501 4531 3612 4585 hoc
3637 4538 3848 4584 contra-

2166 4615 2385 4684 dicunt,
2417 4621 2475 4670 et
2518 4618 2788 4671 humanae.
2833 4617 3214 4672 nihilominus
3242 4619 3491 4688 idipsum
3534 4617 3847 4688 prohibent,

2167 4708 2226 4758 ut
2261 4704 2489 4759 feminae
2522 4705 2665 4759 nihil
2695 4705 2847 4758 aliud
2877 4713 3300 4776 prosequantur
3322 4707 3380 4760 in
3412 4707 3664 4776 publico,
3692 4719 3848 4776 quam

2167 4808 2330 4845 suam
2363 4809 2612 4848 causam.
2660 4793 2754 4847 Ait
2788 4793 2943 4848 enim
2976 4795 3064 4848 lex
3107 4793 3501 4848 Theodosiana
3533 4811 3546 4848 :
3581 4794 3740 4848 Nulla
3769 4807 3849 4844 ra-

2166 4881 2323 4935 tione
2354 4881 2583 4936 feminas
2622 4883 2870 4954 amplius
2898 4899 3071 4954 quam
3102 4899 3234 4936 suas
3277 4899 3474 4937 causas
3523 4882 3723 4955 agendi
3763 4881 3845 4934 ba-

2165 4969 2341 5024 beant
2388 4975 2751 5041 potestatem,
2784 4987 2888 5025 nec
2917 4972 3161 5042 alicujus
3189 4987 3418 5025 causam
3448 4988 3481 5025 a
3512 4988 3572 5024 se
3603 4969 3846 5024 noverint

2166 5059 2629 5130 prosequendam
2661 5075 2674 5112 :
2704 5059 2918 5114 idcirco
2962 5077 3026 5114 ex
3074 5060 3414 5114 auctoritate
3465 5059 3730 5114 canonica
3774 5057 3846 5110 in-

2166 5147 2520 5212 terdicimus,
2555 5153 2621 5202 ut
2649 5149 2806 5202 nulla
2849 5149 3296 5203 sanctimonialis
3329 5149 3510 5220 virgo,
3541 5147 3628 5202 vel
3670 5145 3841 5206 vidua.

2165 5240 2477 5290 conventus
2527 5237 2826 5306 generales
2884 5237 3068 5297 adeat,
3127 5238 3238 5291 nisi
3292 5254 3326 5291 a
3381 5237 3634 5308 principe
3687 5231 3846 5289 fuerit

2167 5331 2393 5380 evocata
2443 5330 2543 5379 aut
2591 5326 2662 5380 ab
2710 5327 2978 5397 episcopo
3047 5342 3150 5380 suo
3194 5343 3207 5382 :
3245 5326 3352 5381 nisi
3404 5327 3544 5381 forte
3609 5322 3843 5396 propria!

2167 5413 2521 5468 necessitatis
2552 5413 2695 5468 ratio
2725 5414 3039 5484 impulerit,
3073 5419 3130 5468 et
3177 5414 3288 5469 hoc
3317 5415 3500 5486 ipsum
3535 5429 3660 5468 cum
3688 5411 3842 5465 licen-

2165 5501 2246 5556 tia
2272 5506 2326 5556 et
2356 5502 2562 5557 nuntio
2590 5502 2842 5575 episcopi
2869 5503 2978 5558 sui.
