4028 6190
183 240 306 292 809

707 457 867 496 suum
897 448 1199 515 relinquere
1226 457 1416 518 possit.

264 524 393 594 (Ea:
447 530 639 581 concit.
698 532 979 603 Mongunt.
1024 551 1142 605 cap.
1204 540 1312 610 18.)
1358 543 1551 597 Abbas
1599 548 1791 613 potest
1821 565 1927 618 pro

178 613 629 681 humiliatione,
683 624 740 672 et
781 636 913 675 cum
966 628 1341 692 permissione
1396 631 1677 701 episcopi,
1733 634 1925 693 locum

180 719 369 757 suum
416 706 788 776 relinquere:
834 716 1025 766 tamen
1081 714 1284 769 fratres
1327 719 1550 789 eligant
1594 720 1705 774 sibi
1743 724 1923 779 abba-

178 794 310 843 tem
348 792 420 845 de
453 792 591 862 ipsis
617 796 663 848 si
696 796 965 865 habeant,
998 800 1082 854 sin
1118 809 1308 858 autem
1350 807 1418 860 de
1451 809 1759 864 extraneis.
1810 815 1923 869 Nec

181 881 506 949 episcopus
538 882 707 936 debet
757 886 1019 941 abbatem
1050 890 1329 946 violenter
1375 896 1629 949 retinere
1678 897 1738 953 in
1799 901 1921 958 loco

178 984 321 1021 suo.
374 970 756 1040 Congregatio
810 975 979 1029 debet
1032 979 1244 1049 eligere
1294 982 1401 1037 sibi
1449 984 1718 1040 abbatem
1788 998 1921 1059 post

180 1061 443 1110 mortem
477 1059 698 1113 abbatis
728 1063 832 1122 sui,
875 1064 962 1118 vel
1010 1081 1077 1119 eo
1107 1069 1350 1137 vivente,
1383 1072 1430 1126 si
1476 1073 1602 1142 ipse
1643 1075 1917 1135 discesse-

179 1145 287 1206 rit,
324 1147 412 1198 vel
446 1149 778 1216 peccaverit.
816 1152 942 1220 Ipse
978 1155 1129 1209 enim
1157 1174 1273 1212 non
1308 1166 1494 1230 potest
1524 1163 1780 1234 aliquem
1820 1186 1916 1224 or-

179 1232 397 1286 dinare
429 1233 498 1287 de
533 1237 649 1289 suis
670 1239 1014 1312 propinquis
1051 1245 1138 1298 vel
1179 1247 1396 1316 amicis,
1432 1249 1559 1304 sine
1618 1254 1913 1313 voluntate

179 1321 459 1376 fratrum.

177 1408 257 1462 CA
269 1426 320 1464 P.
344 1411 635 1467 LXXXVII.
652 1444 721 1454 —
733 1416 888 1481 Quod
900 1418 1069 1545 laiczltis
1082 1426 1137 1545 ἔῃ
1155 1424 1373 1547 ρῗοιεεία
1387 1428 1662 1485 lectionem
1677 1435 1912 1491 recitare

874 1506 977 1543 non
1053 1509 1079 1545 c
1117 1510 1180 1547 ea
1210 1535 1223 1547 .

874 1506 977 1543 non
1014 1506 1223 1549 aeoeat.

252 1569 379 1634 (Ea:
414 1569 611 1636 eodem,
654 1588 778 1641 cap.
826 1577 933 1644 19.)
982 1579 1178 1635 Laicus
1224 1600 1339 1638 non
1389 1587 1564 1642 debet
1608 1590 1667 1643 in
1715 1593 1904 1647 eccle-

174 1656 267 1709 sia
302 1658 605 1712 lectionem
639 1664 903 1731 recitare,
938 1683 1042 1721 nec
1078 1670 1313 1725 alleluia
1353 1674 1564 1745 dicere,
1596 1679 1710 1732 nisi
1747 1683 1903 1750 psal-
1948 1673 1988 1726 Β

174 1762 311 1799 mos
340 1753 560 1802 tantum
596 1755 650 1803 et
680 1756 1043 1822 responsoria
1072 1759 1199 1814 sine
1231 1762 1484 1818 alleluia.

174 1836 313 1887 Car.
343 1836 657 1893 LXXXVIII.
683 1869 752 1922 τ-
792 1842 949 1922 Quod
967 1860 1071 1898 non
1093 1848 1257 1922 liceat
1296 1854 1547 1922 episcopo
1582 1856 1903 1913 abstrahere

362 1923 475 2030 νεῖῗ
508 1915 845 1980 monasterii,
878 1919 1129 1982 quamvis
1161 1935 1292 1987 erga
1325 1915 1389 1974 se
1412 1915 1720 1992 peccaverit

365 1996 397 2030 α
474 1994 553 2030 as.

365 1994 553 2034 αοοίιε.

250 2066 375 2131 (Ea:
410 2067 606 2133 eodem,
658 2085 778 2138 cap.
832 2074 946 2143 20.)
1008 2076 1296 2149 Episcopo
1355 2097 1468 2135 non
1501 2082 1639 2138 libet
1694 2088 1898 2142 tollere

170 2154 594 2225 possessionem
631 2161 987 2228 monasterii,
1024 2168 1295 2234 quamvis
1327 2174 1647 2239 peccaverit
1699 2174 1892 2237 abbas,

174 2244 278 2297 sed
313 2244 503 2297 mittat
532 2263 660 2299 eum
694 2247 754 2301 in
787 2249 944 2303 aliud
976 2257 1426 2326 monasterium,
1459 2260 1516 2313 in
1548 2268 1895 2331 potestatem

174 2332 416 2385 alterius
448 2333 685 2388 abbatis.

324 2420 454 2474 CAP.
481 2422 739 2478 LXXXIX.
769 2454 831 2464 —
856 2427 933 2480 Ne
958 2432 1215 2554 Zionatchi
1232 2433 1441 2500 placita
1462 2439 1752 2492 saecularia

921 2514 954 2551 a
997 2515 1097 2553 ean
1133 2545 1144 2554 .

921 2514 1144 2555 aaeant.

249 2581 360 2646 (Ea:
400 2579 579 2634 eodem
609 2622 622 2647 ,
649 2597 770 2651 cap.
820 2587 936 2654 21.)
981 2589 1059 2640 Ac
1087 2588 1297 2644 deinde
1332 2591 1708 2661 decrevimus,
1747 2597 1892 2651 sicut

175 2673 379 2722 sancta
405 2670 605 2739 regula
637 2671 795 2735 dicit,
837 2679 898 2726 ut
941 2678 1362 2733 monasterium
1407 2682 1502 2735 ubi
1535 2684 1660 2737 ﬁeri
1691 2686 1888 2754 possit,

164 2772 279 2826 per
303 2756 552 2810 decanos
584 2759 930 2813 ordinetur:
979 2763 1117 2831 quia
1164 2766 1251 2819 illi
1291 2771 1587 2838 praepositi
1637 2788 1787 2842 saepe
1828 2773 1887 2827 in

165 2845 486 2899 elationem
508 2845 790 2913 incidunt,
818 2852 873 2901 et
904 2849 962 2901 in
986 2850 1258 2921 laqueum
1293 2854 1523 2911 diaboli.
1560 2859 1671 2912 Hoc
1696 2866 1887 2915 tamen

166 2934 421 2988 omnino
450 2934 733 3001 volumus,
780 2941 840 2990 ut
871 2953 985 2990 non
1033 2941 1303 2995 monachi
1328 2944 1400 2997 ad
1438 2949 1733 3001 saecularia
1768 2950 1884 3018 pla-
1918 2957 1957 3013 C

164 3022 286 3075 cita
318 3020 611 3073 ullatenus
637 3021 891 3090 veniant,
932 3040 1119 3096 neque
1170 3028 1292 3097 ipse
1341 3031 1512 3086 abbas
1545 3035 1668 3089 sine
1708 3036 1881 3091 licen-

167 3113 251 3164 tia
284 3109 545 3179 episcopi
592 3110 699 3171 sui,
753 3117 809 3164 et
838 3128 967 3165 cum
1009 3118 1311 3171 necessitas
1342 3121 1535 3191 exigit.
1585 3128 1723 3178 tunc
1780 3143 1884 3195 per

158 3198 501 3267 jussionem
533 3203 587 3251 et
614 3199 916 3254 consilium
958 3202 1210 3275 episcopi
1241 3208 1328 3261 sui
1366 3210 1502 3265 illuc
1530 3214 1715 3268 vadat.
1770 3216 1879 3270 Ne-

166 3301 474 3357 quaquam
528 3290 720 3340 tamen
767 3289 1157 3345 contentiones
1215 3300 1309 3350 aut
1360 3297 1483 3351 lites
1532 3300 1753 3371 aliquas
1800 3303 1881 3358 ibi

167 3387 413 3426 movere
465 3379 792 3443 praesumat,
843 3378 941 3431 sed
998 3380 1276 3452 quidquid
1341 3389 1737 3457 quaarendum,
1791 3393 1877 3447 vel

162 3461 353 3514 etiam
386 3461 845 3530 respondendum
867 3464 958 3534 sit,
988 3482 1091 3536 per
1118 3470 1416 3527 advocatos
1467 3492 1599 3529 suos
1640 3478 1747 3532 hoc
1788 3480 1878 3533 fa-

158 3549 305 3603 ciat.
343 3548 590 3603 Abbates
620 3556 677 3604 et
708 3554 970 3608 monachi
1011 3571 1191 3627 usque
1248 3560 1318 3613 ad
1368 3562 1876 3635 interrogationem

158 3636 471 3691 silentium
524 3637 792 3706 habeant,
827 3646 1041 3697 etcum
1072 3643 1523 3719 interrogantur,
1575 3668 1703 3707 cum
1762 3657 1877 3710 hu-

160 3725 421 3779 militate
454 3730 508 3779 et
565 3730 881 3783 reverentia
929 3734 1356 3803 respondeant:
1410 3740 1563 3794 Alias
1614 3746 1876 3812 querelas

156 3813 375 3867 omino
431 3813 701 3869 devitent.
765 3817 824 3870 In
902 3835 1101 3874 eorum
1156 3824 1403 3879 claustro
1477 3838 1871 3901 permaneant,

156 3904 483 3972 nullusque
530 3919 596 3956 ex
627 3905 707 3957 eis
742 3906 891 3959 foras
921 3909 1109 3978 vadat,
1144 3911 1253 3964 nisi
1318 3931 1421 3984 per
1477 3918 1873 3976 necessitatem

154 3991 238 4045 ab
269 3990 480 4044 abbate
511 3991 768 4046 mittatur
798 3994 858 4047 in
892 3996 1276 4053 obedientiam
1305 4018 1317 4055 :
1356 4018 1456 4056 nec
1502 4004 1640 4058 foris
1704 4023 1873 4062 man-

153 4079 348 4134 ducet
393 4094 575 4149 neque
622 4080 780 4136 bibat
817 4083 940 4137 sine
978 4087 1353 4155 permissione
1390 4091 1629 4159 abbatis,
1672 4112 1777 4151 nec
1801 4099 1869 4153 ad

152 4166 435 4223 convivia
460 4170 752 4224 saecularia
781 4172 971 4226 vadat.

528 4258 657 4311 CAP.
688 4260 788 4313 XC.
819 4290 886 4299 —
918 4263 999 4315 De
1019 4265 1229 4330 negotio
1253 4267 1518 4323 secutori.

236 4344 368 4415 (Ea:
392 4345 585 4413 eodem,
619 4363 738 4417 cap.
769 4350 881 4419 22.)
933 4351 1171 4405 Ministri
1204 4359 1393 4408 autem
1434 4356 1626 4411 altaris
1674 4358 1867 4415 Domi-

148 4434 241 4501 ni,
282 4433 377 4486 vel
403 4436 683 4501 monachi,
717 4437 884 4491 nobis
918 4440 1148 4508 placuit,
1186 4445 1249 4496 ut
1277 4458 1306 4495 a
1357 4445 1602 4515 negotiis
1631 4450 1866 4503 saecula-

146 4523 334 4577 ribus
366 4524 598 4577 omnino
649 4525 992 4580 abstineant.
1037 4529 1206 4582 Multa
1259 4536 1392 4585 sunt
1442 4549 1577 4603 ergo
1637 4538 1865 4606 negotia

142 4610 483 4677 saecularia,
520 4612 587 4666 de
646 4614 733 4667 bis
784 4620 976 4668 tamen
1028 4633 1206 4686 pauca
1254 4621 1732 4692 perstringamus,
1793 4628 1864 4680 ad

142 4715 292 4771 qum
331 4700 576 4768 pertinet
606 4703 791 4756 omnis
826 4703 1028 4768 libido,
1088 4722 1201 4759 non
1258 4710 1445 4763 solum
1495 4711 1864 4769 immunditia

143 4787 354 4842 carnis
422 4788 513 4842 sed
586 4790 759 4844 etiam
832 4792 1017 4845 omnis
1073 4796 1317 4849 carnalis
1383 4800 1858 4871 concupiscentia.

141 4874 453 4945 Quidquid
488 4877 615 4946 plus
641 4878 794 4948 justo
817 4880 1036 4949 appetit
1064 4882 1257 4949 homo,
1281 4888 1446 4957 turpe
1479 4888 1701 4943 lucrum
1729 4895 1811 4945 est
1843 4906 1858 4944 ε

138 4978 408 5019 munera
448 4963 657 5035 injusta
710 4968 965 5036 accipere
1023 4969 1109 5023 vel
1168 4972 1339 5026 etiam
1391 4975 1527 5029 dare
1602 4994 1705 5048 pro
1749 4979 1859 5032 ali-

137 5069 270 5125 quo
307 5053 562 5106 saaculari
589 5061 943 5124 conquaestu,
993 5057 1178 5125 pretio
1208 5060 1457 5131 aliquem
1510 5067 1856 5137 conducere,

134 5139 576 5209 contentiones,
600 5147 658 5197 et
684 5143 833 5211 lites,
865 5148 920 5197 et
951 5144 1099 5198 rixas
1137 5162 1352 5215 amare,
1386 5152 1444 5205 in
1479 5154 1702 5223 placitis
1750 5173 1853 5210 see-

136 5228 447 5284 cularibus
487 5230 797 5301 disputare,
833 5237 1063 5302 excepta
1089 5234 1421 5292 defensione
1461 5243 1855 5311 orphanorum

137 5323 202 5372 et
260 5317 591 5383 viduarum,
651 5320 1025 5373 conductores
1082 5327 1182 5376 aut
1261 5335 1661 5394 procuratores
1733 5349 1854 5387 esse

140 5404 519 5461 saecularium
554 5418 764 5474 rerum,
801 5410 985 5479 turpis
1032 5411 1193 5464 verbi
1232 5414 1316 5466 vel
1363 5414 1492 5469 facti
1540 5419 1854 5486 jocularem

138 5511 303 5560 esse,
356 5495 444 5548 vel
486 5496 680 5566 jocum
739 5500 1069 5552 sacularem
1121 5500 1383 5571 diligere,
1454 5506 1606 5559 aleas
1658 5524 1852 5564 amare

520 5601 797 5667 pATROI..
851 5604 1020 5669 CXL.

1178 253 1666 315 DECRETORUM
1710 261 1901 319 LIBRI
1939 265 2045 321 XX.
2090 298 2155 308 —
2198 271 2403 329 LIBER
2444 275 2773 337 OCTAVUS.

174 365 325 419 Car.
364 365 651 423 LXXXVI.
688 400 757 410 —
791 371 945 437 Quod
972 374 1140 431 abbas
1178 395 1282 448 pro
1321 381 1717 440 humiliatione
1766 388 1938 445 locum

3642 309 3748 362 810

1969 396 2010 448 A
2050 402 2458 453 ornamentum
2506 401 2914 463 inconveniens
2966 416 3264 485 proposito
3313 437 3414 476 suo
3462 441 3740 501 quaerere,

3076 482 3091 485 _
3478 482 3497 496 .
3636 482 3738 501 ην,

2042 482 2101 535 in
2132 483 2352 539 deliciis
2379 488 2565 543 vivere
2612 495 2776 563 velle,
2828 500 3024 565 gulam
3070 508 3122 557 et
3170 506 3502 566 ebrietatem
3556 520 3738 588 sequi,

2038 573 2298 642 pondera
2329 574 2544 645 injusta
2566 582 2651 635 vel
2702 600 2999 641 mensuras
3048 590 3257 648 habere
3279 637 3293 663 ,
3328 602 3621 669 negotium
3650 606 3740 661 in-

2033 661 2258 731 justum
2288 678 2573 723 exercere.
2622 671 2733 725 Nec
2783 680 2973 730 tamen
3013 679 3237 748 justum
3304 690 3599 758 negotium
3659 701 3744 750 est

2036 756 2120 804 est
2174 753 2679 814 contradicendum
2741 769 2976 834 propter
3016 773 3377 829 necessitates
3440 778 3738 838 diversas:

2035 836 2172 905 quia
2206 838 2448 908 legimus
2480 853 2701 902 sanctos
2732 856 3021 921 apostolos
3052 863 3397 935 negotiasse,
3440 874 3494 923 et
3528 870 3590 926 in
3648 890 3741 927 rc-

2028 923 2168 994 ‘gula
2197 924 2251 980 S.
2289 928 2575 989 Benedicti
2604 940 2937 1011 praecipitur
2965 923 3304 1021 praavidere,
3338 923 3440 1026 per
3492 977 3740 1030 quorum

2032 1028 2241 1068 manus
2281 1023 2576 1089 negotium
2630 1034 2961 1087 monasterii
3004 1040 3275 1095 transeat.
3320 1044 3496 1101 Canes
3525 1054 3581 1103 et
3609 1067 3742 1106 aves

2028 1104 2195 1173 sequi
2228 1106 2298 1159 ad
2328 1114 2675 1182 venandum,
2710 1124 2765 1172 et
2813 1120 2872 1174 in
2902 1126 3169 1181 omnibus
3220 1132 3569 1201 quibuslibet
3604 1156 3738 1194 cau-

2028 1192 2104 1246 sis
2155 1198 2516 1264 superﬂuum
2560 1220 2698 1260 esse.
2756 1210 2889 1263 Ecce
2920 1212 3056 1267 talia
3098 1220 3153 1268 et
3183 1218 3271 1271 his
3306 1222 3516 1279 similia
3564 1226 3738 1281 mini-

2024 1281 2157 1335 stris
2218 1286 2414 1341 altaris
2468 1291 2696 1347 Domini
2756 1313 2980 1353 necnon
3023 1307 3079 1356 et
3135 1311 3429 1365 monachis
3500 1316 3737 1371 omnino

2022 1372 2494 1433 contradicimus.
2532 1381 2608 1435 De
2643 1384 2851 1453 quibus
2882 1388 3018 1443 dicit
3048 1394 3349 1461 Apostolus
3379 1416 3392 1454 :
3430 1403 3605 1459 Nemo
3633 1406 3740 1460 mi-

2021 1457 2196 1513 litans
2224 1461 2340 1517 Deo
2371 1465 2626 1537 implicat
2657 1487 2715 1524 se
2755 1476 3003 1544 negotiis
3026 1484 3412 1542 smeularibus.

2241 1568 2368 1623 CAP.
2389 1572 2527 1627 XCI.
2558 1606 2625 1614 -—
2648 1580 2721 1631 De
2749 1580 2953 1635 clericis
2982 1585 3185 1653 injuste
3202 1594 3519 1650 tonsuratis.

2091 1652 2204 1723 (Ea:
2224 1658 2424 1728 eodem,
2456 1678 2575 1731 cap.
2628 1666 2744 1733 23.)
2803 1669 2878 1722 De
2926 1652 3147 1728 clericis
3185 1693 3320 1733 vero
3369 1681 3477 1737 hoc
3519 1687 3729 1741 statui-

2016 1757 2166 1807 mus,
2205 1750 2266 1798 ut
2307 1747 2365 1801 hi
2395 1750 2492 1819 qui
2542 1753 2817 1809 hactenus
2864 1757 3081 1815 inventi
3121 1772 3254 1819 sunt
3293 1768 3411 1824 sive
3460 1776 3734 1830 canonico

2012 1829 2132 1885 sive
2162 1832 2224 1886 in
2252 1839 2589 1893 monachico
2610 1842 2810 1898 ordine
2833 1850 3114 1905 tousurati
3147 1853 3269 1910 sine
3292 1872 3489 1914 eorum
3532 1863 3729 1916 volun-

2012 1922 2151 1988 tate,
2187 1921 2233 1974 si
2260 1923 2426 1978 liberi
2470 1932 2619 1992 sunt,
2676 1935 2737 1983 ut
2778 1932 2857 1987 ita
2904 1948 3297 2009 permaneant,
3340 1944 3408 1999 'et
3462 1948 3732 2021 deinceps

2010 2009 2333 2064 cavendum
2370 2016 2431 2065 ut
2480 2016 2673 2069 nullus
2702 2021 3027 2092 tondeatur,
3077 2028 3186 2082 nisi
3238 2033 3488 2103 legitima
3538 2009 3723 2104 aetate,

2009 2100 2067 2147 et
2098 2102 2427 2166 spontanea
2466 2103 2777 2169 voluntate,
2810 2112 2894 2163 vel
2928 2129 3059 2168 cum
3092 2117 3315 2174 licentia
3351 2124 3574 2179 domini
3615 2129 3724 2192 sui,

2006 2183 2096 2236 vel
2117 2200 2400 2242 consensu
2432 2198 2758 2259 parentum.

2006 2286 2136 2341 CAP.
2172 2290 2329 2345 XCII.
2387 2324 2463 2389 -Ζ
2516 2298 2596 2379 Ut.
2638 2304 2875 2389 episcopi
2897 2308 3011 2359 sive
3069 2310 3309 2389 abbates,
3341 2322 3467 2371 ante
3502 2334 3557 2373 se
3578 2321 3708 2389 joca

2443 2371 2631 2436 turpia
2663 2374 2788 2438 ﬁeri
2812 2392 2914 2429 non
2941 2383 3282 2446 permittant.

2075 2448 2189 2515 (Ea:
2209 2451 2412 2520 eodem,
2443 2471 2562 2524 cap.
2615 2460 2723 2528 24.)
2775 2463 2841 2516 Ut
2885 2467 3136 2539 episcopi
3198 2476 3251 2525 et
3299 2475 3532 2531 abbates
3584 2486 3719 2537 ante

2004 2552 2063 2587 se
2088 2538 2224 2605 joca
2262 2542 2457 2611 turpia
2488 2545 2673 2602 facere
2716 2567 2830 2606 non
2878 2559 3236 2626 permittant,
3290 2565 3387 2618 sed
3437 2582 3719 2639 pauperes

2003 2628 2058 2676 et
2101 2625 2437 2697 indigentes
2483 2649 2673 2689 secum
2698 2640 2765 2693 ad
2812 2657 3067 2699 mensam
3119 2625 3384 2717 habeant,
3438 2625 3500 2708 et
3550 2625 3715 2713 lectio

2002 2712 2199 2767 divina
2240 2716 2320 2769 ibi
2352 2729 2641 2792 personet,
2677 2732 2732 2781 et
2790 2739 3020 2787 sumant
3058 2736 3249 2791 cibum
3299 2756 3427 2795 cum
3476 2743 3712 2801 benedi-

1999 2800 2209 2869 ctione,
2244 2810 2302 2859 et
2332 2807 2500 2863 laude
2542 2813 2769 2870 Domini
2809 2822 3122 2877 secundum
3172 2830 3503 2896 Apostolum
3537 2849 3551 2886 :
3584 2835 3710 2890 Sive

2001 2890 2365 2948 manducetis
2391 2898 2508 2952 sive
2536 2900 2751 2970 bibitis,
2787 2909 2983 2962 omnia
3014 2910 3069 2965 in
3104 2911 3271 2967 laude
3324 2916 3423 2970 Dei
3466 2920 3702 2978 faciatis.

1998 2977 2125 3031 CAP.
2159 2980 2350 3038 XCIII.
2387 3016 2450 3025 —-
2494 2988 2575 3042 De
2635 2993 2745 3047 illis
2811 2998 2908 3063 qui
2936 2998 3004 3051 ab
3055 3004 3301 3069 episcopo
3322 3020 3413 3059 seu
3467 3008 3535 3060 ab
3578 3011 3705 3064 aliis

2275 3076 2525 3148 avaritiae
2554 3094 2718 3133 causa
2738 3083 2949 3137 seducti
2974 3102 3029 3139 se
3054 3091 3417 3148 totonderunt.

2067 3136 2184 3205 (Ea:
2226 3144 2427 3212 eodem,
2497 3164 2616 3217 cap.
2672 3154 2781 3220 25.)
2844 3136 3551 3221 Constituit"senemsacer
3596 3169 3701 3224 iste

1992 3233 2324 3299 conventus,
2358 3238 2423 3288 ut
2460 3236 2714 3309 episcopi
2744 3242 2859 3296 sive
2895 3245 3149 3314 abbates,
3181 3251 3279 3319 qui
3327 3269 3443 3308 non
3473 3256 3532 3309 in
3579 3258 3698 3313 fru-

1991 3319 2145 3369 ctum
2179 3320 2530 3394 animarum,
2582 3329 2679 3382 sed
2710 3329 2771 3384 in
2802 3334 3105 3391 avaritiam
3155 3344 3211 3392 et
3259 3345 3428 3413 turpe
3471 3346 3697 3402 lucrum

1989 3402 2301 3471 inhiantes,
2337 3413 2621 3480 quoslibet
2648 3416 2915 3475 homines
2946 3423 3163 3479 illectos
3192 3428 3696 3490 circumveniendo

1989 3494 2362 3551 totonderunt
2393 3505 2450 3554 et
2482 3517 2570 3554 res
2617 3520 2815 3559 eorum
2857 3510 2956 3563 tali
3013 3516 3388 3581 persuasione
3447 3536 3562 3575 non
3611 3539 3696 3577 so-

1987 3583 2107 3636 lum
2155 3595 2517 3659 acceperunt,
2570 3592 2663 3647 sed
2707 3595 2900 3663 potius
2929 3600 3357 3673 surripuerunt,
3404 3610 3691 3677 paeniten-

1986 3672 2081 3726 tiae
2109 3676 2394 3731 canonicae
2451 3679 2566 3734 sive
2597 3683 2873 3755 regulari,
2943 3693 3140 3759 utpote
3195 3695 3377 3764 turpis
3411 3697 3550 3751 lucri
3601 3716 3687 3753 se-

1986 3764 2251 3831 ctatores,
2305 3764 2681 3835 subjaceaut:
2767 3772 2828 3825 hi
2888 3791 3021 3830 vero
3099 3778 3197 3848 qui
3251 3783 3410 3836 vanis
3444 3787 3686 3853 promis-

1986 3843 2239 3899 sionibus
2318 3849 2513 3915 illecti,
2592 3853 2679 3907 vel
2761 3843 3133 3925 quibuslibet
3162 3843 3685 3925 machinationibus

1985 3933 2264 4002 persuasi,
2296 3937 2506 3991 mentis
2554 3938 2755 4011 inopes
2803 3945 3009 4016 effecti,
3064 3965 3256 4005 rerum
3305 3971 3538 4011 suarum
3584 3959 3682 4014 do-

1986 4017 2128 4071 mini
2174 4036 2297 4076 esse
2353 4026 2682 4089 nescientes,
2734 4046 2959 4089 comam
3017 4036 3420 4108 deposuerunt,
3486 4045 3548 4100 in
3616 4063 3684 4103 eo

1984 4108 2135 4175 quod
2178 4119 2476 4180 cceperunt
2523 4132 2886 4186 perseverare
2932 4132 3226 4196 cogantur.
3270 4131 3380 4186 Res
3426 4150 3678 4207 namque

1900 4239 1943 4292 Β
1984 4210 2111 4263 quae
2140 4195 2210 4249 ab
2267 4199 2471 4255 illectis
2498 4210 2554 4257 et
2603 4195 3030 4279 negligentibus
3081 4216 3248 4286 datae,
3282 4219 3351 4274 ab
3404 4195 3602 4277 avaris.
3624 4230 3682 4279 et

1984 4284 2408 4352 negligentibus
2436 4307 2549 4345 non
2581 4296 2768 4351 solum
2803 4307 3046 4372 accepta:
3078 4306 3176 4359 sed
3226 4314 3405 4379 raptas
3438 4328 3681 4368 noscun-

1978 4373 2093 4437 tur,
2122 4371 2447 4431 haaredibus
2494 4382 2825 4453 reddantur,
2879 4371 2978 4460 qui
3012 4371 3310 4449 dementia
3348 4407 3674 4470 parentum,

1978 4457 2212 4510 avaritia
2256 4459 2616 4521 incentorum
2666 4473 3010 4531 exhasredati
3068 4496 3189 4534 esse
3229 4493 3563 4542 noscuntur.
3620 4490 3678 4545 Si

1975 4558 2108 4595 vero
2166 4548 2553 4608 nescientibus
2604 4559 2884 4632 episcopis
2910 4572 3006 4620 aut
3055 4569 3374 4636 abbatibus.
3423 4576 3676 4633 ministri

1975 4645 2198 4698 eorum,
2224 4637 2468 4704 quilibet
2514 4642 2780 4702 videlicet
2820 4651 2878 4705 in
2913 4654 3084 4722 clero,
3134 4657 3241 4713 hoc
3291 4661 3487 4719 fecisse
3532 4682 3673 4721 con-

1972 4718 2298 4789 vincuntur,
2353 4727 2603 4799 episcopi
2653 4740 2707 4788 et
2755 4737 3008 4809 abbates,
3058 4718 3325 4803 desidia:
3390 4752 3474 4807 illi
3539 4770 3671 4809 vero

1969 4809 2279 4877 rapacitate
2336 4820 2393 4867 et
2448 4818 2702 4888 avaritia,
2758 4825 3111 4893 judicentnr.
3172 4837 3287 4892 Hoc
3322 4856 3453 4895 vero
3516 4845 3666 4913 quod

1971 4896 2098 4965 quis
2126 4898 2241 4951 Deo
2272 4900 2427 4969 juste
2453 4908 2509 4971 et
2539 4907 2958 4970 rationabiliter
3004 4921 3073 4975 de
3107 4926 3277 4981 rebus
3328 4928 3445 4983 suis
3481 4896 3667 4997 otiert,

1968 4984 2210 5038 ﬁrmiter
2245 4989 2487 5044 Ecclesia
2512 4997 2708 5050 tenere
2740 4999 2927 5057 debet.

1968 5089 2096 5144 CAP.
2131 5091 2309 5147 XCIV.
2343 5125 2412 5135 —-
2446 5099 2512 5151 Ut
2541 5100 2819 5182 abbatissa
2838 5123 3103 5182 magnam
3143 5133 3337 5177 curam
3381 5124 3577 5181 habeat
3605 5127 3669 5182 de

2534 5180 2940 5241 congregatione
2977 5196 3097 5237 sua.

2038 5249 2151 5318 (Ea:
2183 5252 2385 5321 eodem,
2422 5240 2538 5326 cap.
2568 5261 2680 5330 26.)
2729 5264 3025 5322 Abbatissa
3075 5272 3409 5345 diligentem
3458 5284 3668 5340 habeat

1967 5353 2163 5392 curam
2197 5340 2266 5394 de
2297 5348 2769 5416 congregratione
2792 5352 2898 5406 sibi
2929 5361 3254 5429 commissa,
3288 5373 3344 5419 et
3369 5372 3665 5437 provideat

1963 5431 2029 5479 ut
2061 5426 2120 5480 in
2156 5427 2396 5484 lectione
2427 5437 2483 5485 et
2527 5433 2586 5487 in
2618 5436 2829 5503 ofticio,
2890 5446 2945 5495 et
2976 5442 3033 5497 in
3074 5426 3463 5509 modulatidne
3510 5426 3666 5529 psal;

1963 5528 2192 5568 morum
2215 5515 2354 5587 ipsa:
2405 5522 2872 5581 sanctimoniales
2903 5534 3152 5588 strenuae
3200 5536 3331 5606 sint,
3360 5547 3418 5595 et
3457 5544 3516 5599 in
3546 5562 3667 5601 om-

3267 5651 3349 5708 26
