  <div class='ocr_page' id='page_1' title='image "/cluster/home/n/w/nwhite01/storage/ocr_20150623/140/hvd.32044054760004/411.png"; bbox 0 0 3972 6192; ppageno 0'>
   <div class='ocr_carea' id='block_1_1' title="bbox 401 265 3838 334">
    <p class='ocr_par' dir='ltr' id='par_1_1' title="bbox 401 265 3838 334">
     <span class='ocr_line' id='line_1_1' title="bbox 401 265 3838 334; baseline -0.003 0"><span class='ocrx_word' id='word_1_1' title='bbox 401 281 497 334; x_wconf 87' lang='grc'><strong>811</strong></span> <span class='ocrx_word' id='word_1_2' title='bbox 1465 268 1865 325; x_wconf 81' lang='lat' dir='ltr'><strong>BURCHARDI</strong></span> <span class='ocrx_word' id='word_1_3' title='bbox 1903 266 2439 324; x_wconf 74' lang='lat' dir='ltr'><strong>WORMACIENSIS</strong></span> <span class='ocrx_word' id='word_1_4' title='bbox 2477 265 2812 323; x_wconf 86' lang='lat' dir='ltr'><strong>EPISCOPI.</strong></span> <span class='ocrx_word' id='word_1_5' title='bbox 3754 271 3838 322; x_wconf 82' lang='grc'><strong>812</strong></span> 
     </span>
    </p>
   </div>
   <div class='ocr_carea' id='block_1_2' title="bbox 398 383 3850 467">
    <p class='ocr_par' dir='ltr' id='par_1_2' title="bbox 398 383 3850 467">
     <span class='ocr_line' id='line_1_2' title="bbox 398 383 3850 467; baseline -0.004 -12"><span class='ocrx_word' id='word_1_6' title='bbox 398 400 569 455; x_wconf 91' lang='lat' dir='ltr'><strong>nibus</strong></span> <span class='ocrx_word' id='word_1_7' title='bbox 589 395 858 467; x_wconf 86' lang='lat' dir='ltr'><strong>operibus</strong></span> <span class='ocrx_word' id='word_1_8' title='bbox 875 392 1042 448; x_wconf 90' lang='lat' dir='ltr'><strong>bonis</strong></span> <span class='ocrx_word' id='word_1_9' title='bbox 1070 391 1165 446; x_wconf 91' lang='lat' dir='ltr'><strong>illa</strong></span> <span class='ocrx_word' id='word_1_10' title='bbox 1182 391 1262 445; x_wconf 89' lang='lat' dir='ltr'><strong>eis</strong></span> <span class='ocrx_word' id='word_1_11' title='bbox 1290 390 1556 444; x_wconf 75' lang='lat' dir='ltr'><strong>ducatum</strong></span> <span class='ocrx_word' id='word_1_12' title='bbox 1585 388 1859 458; x_wconf 62' lang='lat' dir='ltr'><strong>praebeat,</strong></span> <span class='ocrx_word' id='word_1_13' title='bbox 1893 391 2086 456; x_wconf 83' lang='lat' dir='ltr'><strong>utpote</strong></span> <span class='ocrx_word' id='word_1_14' title='bbox 2120 390 2166 442; x_wconf 85' lang='lat' dir='ltr'><strong>A</strong></span> <span class='ocrx_word' id='word_1_15' title='bbox 2205 403 2391 442; x_wconf 83' lang='lat' dir='ltr'><strong>serere</strong></span> <span class='ocrx_word' id='word_1_16' title='bbox 2417 385 2648 456; x_wconf 89' lang='lat' dir='ltr'><strong>poterit,</strong></span> <span class='ocrx_word' id='word_1_17' title='bbox 2693 385 2789 439; x_wconf 90' lang='lat' dir='ltr'><strong>sed</strong></span> <span class='ocrx_word' id='word_1_18' title='bbox 2837 383 2884 437; x_wconf 89' lang='lat' dir='ltr'><strong>si</strong></span> <span class='ocrx_word' id='word_1_19' title='bbox 2935 384 3276 449; x_wconf 78' lang='lat' dir='ltr'><strong>discesserit,</strong></span> <span class='ocrx_word' id='word_1_20' title='bbox 3320 383 3632 440; x_wconf 79' lang='lat' dir='ltr'><strong>reducatur.</strong></span> <span class='ocrx_word' id='word_1_21' title='bbox 3663 386 3717 442; x_wconf 90' lang='lat' dir='ltr'><strong>Si</strong></span> <span class='ocrx_word' id='word_1_22' title='bbox 3737 393 3850 442; x_wconf 87' lang='lat' dir='ltr'><strong>ton-</strong></span> 
     </span>
    </p>
   </div>
   <div class='ocr_carea' id='block_1_3' title="bbox 399 478 2094 560">
    <p class='ocr_par' dir='ltr' id='par_1_3' title="bbox 399 478 2094 560">
     <span class='ocr_line' id='line_1_3' title="bbox 399 478 2094 560; baseline -0.008 -18"><span class='ocrx_word' id='word_1_23' title='bbox 399 506 504 560; x_wconf 93' lang='lat' dir='ltr'><strong>pro</strong></span> <span class='ocrx_word' id='word_1_24' title='bbox 552 485 851 540; x_wconf 85' lang='lat' dir='ltr'><strong>animabus</strong></span> <span class='ocrx_word' id='word_1_25' title='bbox 873 499 1067 536; x_wconf 88' lang='lat' dir='ltr'><strong>earum</strong></span> <span class='ocrx_word' id='word_1_26' title='bbox 1103 481 1382 534; x_wconf 88' lang='lat' dir='ltr'><strong>rationem</strong></span> <span class='ocrx_word' id='word_1_27' title='bbox 1424 478 1718 532; x_wconf 86' lang='lat' dir='ltr'><strong>redditura</strong></span> <span class='ocrx_word' id='word_1_28' title='bbox 1759 478 1817 530; x_wconf 94' lang='lat' dir='ltr'><strong>in</strong></span> <span class='ocrx_word' id='word_1_29' title='bbox 1861 492 2094 545; x_wconf 90' lang='lat' dir='ltr'><strong>conspe-</strong></span> 
     </span>
    </p>
   </div>
   <div class='ocr_carea' id='block_1_4' title="bbox 399 565 2096 642">
    <p class='ocr_par' dir='ltr' id='par_1_4' title="bbox 399 565 2096 642">
     <span class='ocr_line' id='line_1_4' title="bbox 399 565 2096 642; baseline -0.008 -11"><span class='ocrx_word' id='word_1_30' title='bbox 399 583 489 632; x_wconf 91' lang='lat' dir='ltr'><strong>ctu</strong></span> <span class='ocrx_word' id='word_1_31' title='bbox 526 574 753 630; x_wconf 85' lang='lat' dir='ltr'>Domini</span> <span class='ocrx_word' id='word_1_32' title='bbox 787 590 800 626; x_wconf 87' lang='lat'>:</span> <span class='ocrx_word' id='word_1_33' title='bbox 848 576 902 626; x_wconf 91' lang='lat' dir='ltr'><strong>et</strong></span> <span class='ocrx_word' id='word_1_34' title='bbox 941 570 1224 642; x_wconf 90' lang='lat' dir='ltr'><strong>stipendia</strong></span> <span class='ocrx_word' id='word_1_35' title='bbox 1271 565 1797 621; x_wconf 84' lang='lat' dir='ltr'><strong>sauctimonialibus</strong></span> <span class='ocrx_word' id='word_1_36' title='bbox 1840 565 2096 635; x_wconf 67' lang='lat' dir='ltr'><strong>praebeat.</strong></span> 
     </span>
    </p>
   </div>
   <div class='ocr_carea' id='block_1_5' title="bbox 400 654 2092 729">
    <p class='ocr_par' dir='ltr' id='par_1_5' title="bbox 400 654 2092 729">
     <span class='ocr_line' id='line_1_5' title="bbox 400 654 2092 729; baseline -0.008 -9"><span class='ocrx_word' id='word_1_37' title='bbox 400 663 737 729; x_wconf 89' lang='lat' dir='ltr'><strong>necessaria,</strong></span> <span class='ocrx_word' id='word_1_38' title='bbox 779 677 856 718; x_wconf 85' lang='lat' dir='ltr'><strong>ne</strong></span> <span class='ocrx_word' id='word_1_39' title='bbox 896 661 1042 714; x_wconf 85' lang='lat' dir='ltr'><strong>forte</strong></span> <span class='ocrx_word' id='word_1_40' title='bbox 1086 673 1189 728; x_wconf 90' lang='lat' dir='ltr'><strong>per</strong></span> <span class='ocrx_word' id='word_1_41' title='bbox 1227 655 1607 728; x_wconf 78' lang='lat' dir='ltr'><strong>indigentiam</strong></span> <span class='ocrx_word' id='word_1_42' title='bbox 1657 654 1768 708; x_wconf 86' lang='lat' dir='ltr'><strong>cibi</strong></span> <span class='ocrx_word' id='word_1_43' title='bbox 1799 659 1897 707; x_wconf 91' lang='lat' dir='ltr'><strong>aut</strong></span> <span class='ocrx_word' id='word_1_44' title='bbox 1926 659 2092 724; x_wconf 89' lang='lat' dir='ltr'><strong>potus</strong></span> 
     </span>
    </p>
   </div>
   <div class='ocr_carea' id='block_1_6' title="bbox 397 749 1095 824">
    <p class='ocr_par' dir='ltr' id='par_1_6' title="bbox 397 749 1095 824">
     <span class='ocr_line' id='line_1_6' title="bbox 397 749 1095 824; baseline -0.013 -16"><span class='ocrx_word' id='word_1_45' title='bbox 397 768 632 824; x_wconf 86' lang='lat' dir='ltr'><strong>peccare</strong></span> <span class='ocrx_word' id='word_1_46' title='bbox 659 749 1095 820; x_wconf 85' lang='lat' dir='ltr'><strong>compellantur.</strong></span> 
     </span>
    </p>
   </div>
   <div class='ocr_carea' id='block_1_7' title="bbox 399 847 2093 912">
    <p class='ocr_par' dir='ltr' id='par_1_7' title="bbox 399 847 2093 912">
     <span class='ocr_line' id='line_1_7' title="bbox 399 847 2093 912; baseline -0.008 0"><span class='ocrx_word' id='word_1_47' title='bbox 399 859 526 912; x_wconf 74' lang='lat' dir='ltr'><strong>CAP.</strong></span> <span class='ocrx_word' id='word_1_48' title='bbox 559 856 708 912; x_wconf 84' lang='lat' dir='ltr'><strong>XCV.</strong></span> <span class='ocrx_word' id='word_1_49' title='bbox 751 885 820 893; x_wconf 97' lang='lat'><strong>—</strong></span> <span class='ocrx_word' id='word_1_50' title='bbox 865 855 930 907; x_wconf 89' lang='lat' dir='ltr'><strong>Ut</strong></span> <span class='ocrx_word' id='word_1_51' title='bbox 961 850 1396 907; x_wconf 87' lang='lat' dir='ltr'><strong>sanctimoniales</strong></span> <span class='ocrx_word' id='word_1_52' title='bbox 1423 851 1482 902; x_wconf 89' lang='lat' dir='ltr'><strong>in</strong></span> <span class='ocrx_word' id='word_1_53' title='bbox 1513 848 1759 903; x_wconf 80' lang='lat' dir='ltr'><strong>domibus</strong></span> <span class='ocrx_word' id='word_1_54' title='bbox 1820 847 1934 901; x_wconf 82' lang='lat' dir='ltr'><strong>suis</strong></span> <span class='ocrx_word' id='word_1_55' title='bbox 1974 861 2093 900; x_wconf 85' lang='lat' dir='ltr'><strong>cum</strong></span> 
     </span>
    </p>
   </div>
   <div class='ocr_carea' id='block_1_8' title="bbox 469 920 2094 997">
    <p class='ocr_par' dir='ltr' id='par_1_8' title="bbox 469 920 2094 997">
     <span class='ocr_line' id='line_1_8' title="bbox 469 920 2094 997; baseline -0.007 -15"><span class='ocrx_word' id='word_1_56' title='bbox 469 927 746 997; x_wconf 78' lang='lat' dir='ltr'><strong>aliquibus</strong></span> <span class='ocrx_word' id='word_1_57' title='bbox 785 926 1038 979; x_wconf 81' lang='lat' dir='ltr'><strong>masculis</strong></span> <span class='ocrx_word' id='word_1_58' title='bbox 1087 921 1417 976; x_wconf 83' lang='lat' dir='ltr'><strong>manducare</strong></span> <span class='ocrx_word' id='word_1_59' title='bbox 1455 921 1537 974; x_wconf 82' lang='lat' dir='ltr'><strong>vel</strong></span> <span class='ocrx_word' id='word_1_60' title='bbox 1582 920 1757 973; x_wconf 81' lang='lat' dir='ltr'><strong>bibere</strong></span> <span class='ocrx_word' id='word_1_61' title='bbox 1798 934 1904 972; x_wconf 91' lang='lat' dir='ltr'><strong>non</strong></span> <span class='ocrx_word' id='word_1_62' title='bbox 1959 933 2094 987; x_wconf 72' lang='lat' dir='ltr'><strong>prae-</strong></span> 
     </span>
    </p>
   </div>
   <div class='ocr_carea' id='block_1_9' title="bbox 466 1002 700 1053">
    <p class='ocr_par' dir='ltr' id='par_1_9' title="bbox 466 1002 700 1053">
     <span class='ocr_line' id='line_1_9' title="bbox 466 1002 700 1053; baseline -0.017 0"><span class='ocrx_word' id='word_1_63' title='bbox 466 1002 700 1053; x_wconf 84' lang='lat' dir='ltr'><strong>sumant.</strong></span> 
     </span>
    </p>
   </div>
   <div class='ocr_carea' id='block_1_10' title="bbox 2205 473 3848 540">
    <p class='ocr_par' dir='ltr' id='par_1_10' title="bbox 2205 473 3848 540">
     <span class='ocr_line' id='line_1_10' title="bbox 2205 473 3848 540; baseline 0 -10"><span class='ocrx_word' id='word_1_64' title='bbox 2205 493 2398 531; x_wconf 89' lang='lat' dir='ltr'><strong>suram</strong></span> <span class='ocrx_word' id='word_1_65' title='bbox 2434 473 2735 540; x_wconf 88' lang='lat' dir='ltr'><strong>dimiserit,</strong></span> <span class='ocrx_word' id='word_1_66' title='bbox 2768 488 2997 527; x_wconf 84' lang='lat' dir='ltr'><strong>rursum</strong></span> <span class='ocrx_word' id='word_1_67' title='bbox 3032 474 3356 539; x_wconf 83' lang='lat' dir='ltr'><strong>tondeatur,</strong></span> <span class='ocrx_word' id='word_1_68' title='bbox 3387 489 3614 528; x_wconf 86' lang='lat' dir='ltr'><strong>uxorem</strong></span> <span class='ocrx_word' id='word_1_69' title='bbox 3644 476 3686 528; x_wconf 89' lang='lat' dir='ltr'><strong><em>si</em></strong></span> <span class='ocrx_word' id='word_1_70' title='bbox 3715 493 3848 530; x_wconf 89' lang='lat' dir='ltr'><strong>usur-</strong></span> 
     </span>
    </p>
   </div>
   <div class='ocr_carea' id='block_1_11' title="bbox 2202 563 3194 636">
    <p class='ocr_par' dir='ltr' id='par_1_11' title="bbox 2202 563 3194 636">
     <span class='ocr_line' id='line_1_11' title="bbox 2202 563 3194 636; baseline -0.002 -18"><span class='ocrx_word' id='word_1_71' title='bbox 2202 565 2439 636; x_wconf 83' lang='lat' dir='ltr'><strong>paverit,</strong></span> <span class='ocrx_word' id='word_1_72' title='bbox 2473 563 2764 618; x_wconf 88' lang='lat' dir='ltr'><strong>dimittere</strong></span> <span class='ocrx_word' id='word_1_73' title='bbox 2794 563 3194 633; x_wconf 85' lang='lat' dir='ltr'><strong>compellatur.</strong></span> 
     </span>
    </p>
   </div>
   <div class='ocr_carea' id='block_1_12' title="bbox 2205 669 3852 738">
    <p class='ocr_par' dir='ltr' id='par_1_12' title="bbox 2205 669 3852 738">
     <span class='ocr_line' id='line_1_12' title="bbox 2205 669 3852 738; baseline 0 -12"><span class='ocrx_word' id='word_1_74' title='bbox 2205 671 2331 726; x_wconf 82' lang='lat' dir='ltr'><strong>CAP.</strong></span> <span class='ocrx_word' id='word_1_75' title='bbox 2355 670 2587 725; x_wconf 84' lang='lat' dir='ltr'><strong>XCVIII.</strong></span> <span class='ocrx_word' id='word_1_76' title='bbox 2624 699 2692 710; x_wconf 94' lang='lat'><strong><em>—</em></strong></span> <span class='ocrx_word' id='word_1_77' title='bbox 2724 672 2801 724; x_wconf 88' lang='lat' dir='ltr'><strong>De</strong></span> <span class='ocrx_word' id='word_1_78' title='bbox 2826 669 3020 738; x_wconf 80' lang='lat' dir='ltr'><strong>puellis</strong></span> <span class='ocrx_word' id='word_1_79' title='bbox 3052 683 3170 736; x_wconf 71' lang='lat' dir='ltr'><strong>qtae</strong></span> <span class='ocrx_word' id='word_1_80' title='bbox 3198 683 3253 721; x_wconf 91' lang='lat' dir='ltr'><strong>se</strong></span> <span class='ocrx_word' id='word_1_81' title='bbox 3275 673 3398 722; x_wconf 84' lang='lat' dir='ltr'><strong>ante</strong></span> <span class='ocrx_word' id='word_1_82' title='bbox 3427 669 3682 734; x_wconf 61' lang='lat' dir='ltr'><strong>legitimos</strong></span> <span class='ocrx_word' id='word_1_83' title='bbox 3713 688 3852 727; x_wconf 85' lang='lat' dir='ltr'><strong>annos</strong></span> 
     </span>
    </p>
   </div>
   <div class='ocr_carea' id='block_1_13' title="bbox 2448 740 3639 809">
    <p class='ocr_par' dir='ltr' id='par_1_13' title="bbox 2448 740 3639 809">
     <span class='ocr_line' id='line_1_13' title="bbox 2448 740 3639 809; baseline 0 -14"><span class='ocrx_word' id='word_1_84' title='bbox 2448 757 2549 796; x_wconf 91' lang='lat' dir='ltr'><strong>sua</strong></span> <span class='ocrx_word' id='word_1_85' title='bbox 2577 745 2766 809; x_wconf 79' lang='lat' dir='ltr'><strong>sponte</strong></span> <span class='ocrx_word' id='word_1_86' title='bbox 2803 755 2968 794; x_wconf 74' lang='lat' dir='ltr'><strong>sacrae</strong></span> <span class='ocrx_word' id='word_1_87' title='bbox 3013 742 3263 807; x_wconf 76' lang='lat' dir='ltr'><strong>religioni</strong></span> <span class='ocrx_word' id='word_1_88' title='bbox 3297 740 3639 795; x_wconf 78' lang='lat' dir='ltr'><strong>tradiderint.</strong></span> 
     </span>
    </p>
   </div>
   <div class='ocr_carea' id='block_1_14' title="bbox 2273 825 3857 896">
    <p class='ocr_par' dir='ltr' id='par_1_14' title="bbox 2273 825 3857 896">
     <span class='ocr_line' id='line_1_14' title="bbox 2273 825 3857 896; baseline 0.002 -15"><span class='ocrx_word' id='word_1_89' title='bbox 2273 829 2410 895; x_wconf 72' lang='lat' dir='ltr'><strong>(Ex.</strong></span> <span class='ocrx_word' id='word_1_90' title='bbox 2452 827 2654 895; x_wconf 86' lang='lat' dir='ltr'><strong>eodem,</strong></span> <span class='ocrx_word' id='word_1_91' title='bbox 2693 841 2813 896; x_wconf 79' lang='lat' dir='ltr'><strong>cap.</strong></span> <span class='ocrx_word' id='word_1_92' title='bbox 2853 829 2961 892; x_wconf 79' lang='lat' dir='ltr'><strong>l7.)</strong></span> <span class='ocrx_word' id='word_1_93' title='bbox 3005 826 3198 879; x_wconf 85' lang='lat' dir='ltr'><strong>Puella</strong></span> <span class='ocrx_word' id='word_1_94' title='bbox 3229 825 3276 878; x_wconf 86' lang='lat' dir='ltr'><strong>si</strong></span> <span class='ocrx_word' id='word_1_95' title='bbox 3309 832 3440 880; x_wconf 88' lang='lat' dir='ltr'><strong>ante</strong></span> <span class='ocrx_word' id='word_1_96' title='bbox 3469 826 3751 882; x_wconf 88' lang='lat' dir='ltr'><strong>duodecim</strong></span> <span class='ocrx_word' id='word_1_97' title='bbox 3776 846 3857 884; x_wconf 85' lang='lat' dir='ltr'><strong>an-</strong></span> 
     </span>
    </p>
   </div>
   <div class='ocr_carea' id='block_1_15' title="bbox 2201 914 3854 984">
    <p class='ocr_par' dir='ltr' id='par_1_15' title="bbox 2201 914 3854 984">
     <span class='ocr_line' id='line_1_15' title="bbox 2201 914 3854 984; baseline 0.001 -14"><span class='ocrx_word' id='word_1_98' title='bbox 2201 933 2306 971; x_wconf 90' lang='lat' dir='ltr'><strong>nos</strong></span> <span class='ocrx_word' id='word_1_99' title='bbox 2335 917 2520 970; x_wconf 70' lang='lat' dir='ltr'><strong>aetatis</strong></span> <span class='ocrx_word' id='word_1_100' title='bbox 2545 921 2749 984; x_wconf 82' lang='lat' dir='ltr'><strong>sponte</strong></span> <span class='ocrx_word' id='word_1_101' title='bbox 2797 931 2900 968; x_wconf 85' lang='lat' dir='ltr'><strong>sua</strong></span> <span class='ocrx_word' id='word_1_102' title='bbox 2926 930 3146 968; x_wconf 88' lang='lat' dir='ltr'><strong>sacrum</strong></span> <span class='ocrx_word' id='word_1_103' title='bbox 3199 914 3304 968; x_wconf 85' lang='lat' dir='ltr'><strong>sibi</strong></span> <span class='ocrx_word' id='word_1_104' title='bbox 3336 915 3595 969; x_wconf 88' lang='lat' dir='ltr'><strong>velamen</strong></span> <span class='ocrx_word' id='word_1_105' title='bbox 3631 919 3854 984; x_wconf 85' lang='lat' dir='ltr'><strong>assumit,</strong></span> 
     </span>
    </p>
   </div>
   <div class='ocr_carea' id='block_1_16' title="bbox 2201 1003 3856 1076">
    <p class='ocr_par' dir='ltr' id='par_1_16' title="bbox 2201 1003 3856 1076">
     <span class='ocr_line' id='line_1_16' title="bbox 2201 1003 3856 1076; baseline -0.001 -17"><span class='ocrx_word' id='word_1_106' title='bbox 2201 1009 2442 1076; x_wconf 90' lang='lat' dir='ltr'><strong>possunt</strong></span> <span class='ocrx_word' id='word_1_107' title='bbox 2487 1005 2679 1057; x_wconf 88' lang='lat' dir='ltr'><strong>statim</strong></span> <span class='ocrx_word' id='word_1_108' title='bbox 2710 1008 2977 1074; x_wconf 90' lang='lat' dir='ltr'><strong>parentes</strong></span> <span class='ocrx_word' id='word_1_109' title='bbox 3008 1004 3092 1056; x_wconf 88' lang='lat' dir='ltr'><strong>vel</strong></span> <span class='ocrx_word' id='word_1_110' title='bbox 3146 1008 3365 1056; x_wconf 87' lang='lat' dir='ltr'><strong>tutores</strong></span> <span class='ocrx_word' id='word_1_111' title='bbox 3411 1005 3532 1072; x_wconf 82' lang='lat' dir='ltr'><strong>ejus</strong></span> <span class='ocrx_word' id='word_1_112' title='bbox 3576 1003 3630 1056; x_wconf 93' lang='lat' dir='ltr'><strong>id</strong></span> <span class='ocrx_word' id='word_1_113' title='bbox 3679 1003 3856 1057; x_wconf 86' lang='lat' dir='ltr'><strong>factum</strong></span> 
     </span>
    </p>
   </div>
   <div class='ocr_carea' id='block_1_17' title="bbox 469 1075 2094 1156">
    <p class='ocr_par' dir='ltr' id='par_1_17' title="bbox 469 1075 2094 1156">
     <span class='ocr_line' id='line_1_17' title="bbox 469 1075 2094 1156; baseline -0.008 -16"><span class='ocrx_word' id='word_1_114' title='bbox 469 1087 575 1156; x_wconf 70' lang='lat' dir='ltr'><strong>(Ex</strong></span> <span class='ocrx_word' id='word_1_115' title='bbox 615 1085 813 1148; x_wconf 84' lang='lat' dir='ltr'><strong>eodem,</strong></span> <span class='ocrx_word' id='word_1_116' title='bbox 866 1098 984 1152; x_wconf 87' lang='lat' dir='ltr'><strong>cap.</strong></span> <span class='ocrx_word' id='word_1_117' title='bbox 1032 1082 1149 1149; x_wconf 78' lang='lat'><strong>2&#39;7.)</strong></span> <span class='ocrx_word' id='word_1_118' title='bbox 1200 1081 1321 1134; x_wconf 80' lang='lat' dir='ltr'><strong>Non</strong></span> <span class='ocrx_word' id='word_1_119' title='bbox 1377 1079 1585 1134; x_wconf 82' lang='lat' dir='ltr'><strong>debere</strong></span> <span class='ocrx_word' id='word_1_120' title='bbox 1635 1075 2094 1131; x_wconf 88' lang='lat' dir='ltr'><strong>sanctimoniales</strong></span> 
     </span>
    </p>
   </div>
   <div class='ocr_carea' id='block_1_18' title="bbox 394 1163 2091 1244">
    <p class='ocr_par' dir='ltr' id='par_1_18' title="bbox 394 1163 2091 1244">
     <span class='ocr_line' id='line_1_18' title="bbox 394 1163 2091 1244; baseline -0.006 -17"><span class='ocrx_word' id='word_1_121' title='bbox 394 1175 456 1228; x_wconf 91' lang='lat' dir='ltr'><strong>in</strong></span> <span class='ocrx_word' id='word_1_122' title='bbox 511 1172 760 1244; x_wconf 83' lang='lat' dir='ltr'><strong>propriis</strong></span> <span class='ocrx_word' id='word_1_123' title='bbox 813 1170 1208 1224; x_wconf 85' lang='lat' dir='ltr'><strong>mansionibus</strong></span> <span class='ocrx_word' id='word_1_124' title='bbox 1261 1184 1388 1222; x_wconf 91' lang='lat' dir='ltr'><strong>cum</strong></span> <span class='ocrx_word' id='word_1_125' title='bbox 1454 1168 1744 1238; x_wconf 88' lang='lat' dir='ltr'><strong>aliquibus</strong></span> <span class='ocrx_word' id='word_1_126' title='bbox 1804 1163 2091 1229; x_wconf 86' lang='lat' dir='ltr'><strong>masculis,</strong></span> 
     </span>
    </p>
   </div>
   <div class='ocr_carea' id='block_1_19' title="bbox 392 1252 2094 1326">
    <p class='ocr_par' dir='ltr' id='par_1_19' title="bbox 392 1252 2094 1326">
     <span class='ocr_line' id='line_1_19' title="bbox 392 1252 2094 1326; baseline -0.006 -11"><span class='ocrx_word' id='word_1_127' title='bbox 392 1260 612 1316; x_wconf 90' lang='lat' dir='ltr'><strong>clericis</strong></span> <span class='ocrx_word' id='word_1_128' title='bbox 690 1259 806 1313; x_wconf 86' lang='lat' dir='ltr'><strong>sive</strong></span> <span class='ocrx_word' id='word_1_129' title='bbox 877 1259 1036 1311; x_wconf 91' lang='lat' dir='ltr'><strong>laicis</strong></span> <span class='ocrx_word' id='word_1_130' title='bbox 1105 1256 1547 1326; x_wconf 83' lang='lat' dir='ltr'><strong>consanguineis</strong></span> <span class='ocrx_word' id='word_1_131' title='bbox 1619 1256 1734 1308; x_wconf 83' lang='lat' dir='ltr'><strong>sive</strong></span> <span class='ocrx_word' id='word_1_132' title='bbox 1811 1252 2094 1307; x_wconf 81' lang='lat' dir='ltr'><strong>extraneis</strong></span> 
     </span>
    </p>
   </div>
   <div class='ocr_carea' id='block_1_20' title="bbox 394 1343 2091 1414">
    <p class='ocr_par' dir='ltr' id='par_1_20' title="bbox 394 1343 2091 1414">
     <span class='ocr_line' id='line_1_20' title="bbox 394 1343 2091 1414; baseline -0.005 -9"><span class='ocrx_word' id='word_1_133' title='bbox 394 1350 592 1406; x_wconf 85' lang='lat' dir='ltr'><strong>bibere</strong></span> <span class='ocrx_word' id='word_1_134' title='bbox 642 1348 758 1401; x_wconf 85' lang='lat' dir='ltr'><strong>sive</strong></span> <span class='ocrx_word' id='word_1_135' title='bbox 803 1347 1102 1400; x_wconf 88' lang='lat' dir='ltr'><strong>comedere</strong></span> <span class='ocrx_word' id='word_1_136' title='bbox 1138 1361 1150 1398; x_wconf 89' lang='lat'><strong>:</strong></span> <span class='ocrx_word' id='word_1_137' title='bbox 1185 1345 1280 1398; x_wconf 90' lang='lat' dir='ltr'><strong>sed</strong></span> <span class='ocrx_word' id='word_1_138' title='bbox 1333 1345 1379 1397; x_wconf 90' lang='lat' dir='ltr'><strong>si</strong></span> <span class='ocrx_word' id='word_1_139' title='bbox 1428 1344 1656 1414; x_wconf 87' lang='lat' dir='ltr'><strong>quando</strong></span> <span class='ocrx_word' id='word_1_140' title='bbox 1701 1343 1759 1398; x_wconf 91' lang='lat' dir='ltr'><strong>id</strong></span> <span class='ocrx_word' id='word_1_141' title='bbox 1807 1343 2091 1413; x_wconf 91' lang='lat' dir='ltr'><strong>agendum</strong></span> 
     </span>
    </p>
   </div>
   <div class='ocr_carea' id='block_1_21' title="bbox 395 1429 2092 1504">
    <p class='ocr_par' dir='ltr' id='par_1_21' title="bbox 395 1429 2092 1504">
     <span class='ocr_line' id='line_1_21' title="bbox 395 1429 2092 1504; baseline -0.006 -12"><span class='ocrx_word' id='word_1_142' title='bbox 395 1445 500 1500; x_wconf 91' lang='lat' dir='ltr'><strong>est,</strong></span> <span class='ocrx_word' id='word_1_143' title='bbox 524 1438 584 1490; x_wconf 93' lang='lat' dir='ltr'><strong>in</strong></span> <span class='ocrx_word' id='word_1_144' title='bbox 643 1435 928 1490; x_wconf 88' lang='lat' dir='ltr'><strong>auditorio</strong></span> <span class='ocrx_word' id='word_1_145' title='bbox 959 1439 1184 1504; x_wconf 85' lang='lat' dir='ltr'><strong>agatur,</strong></span> <span class='ocrx_word' id='word_1_146' title='bbox 1238 1438 1294 1486; x_wconf 93' lang='lat' dir='ltr'><strong>et</strong></span> <span class='ocrx_word' id='word_1_147' title='bbox 1339 1449 1469 1486; x_wconf 93' lang='lat' dir='ltr'><strong>cum</strong></span> <span class='ocrx_word' id='word_1_148' title='bbox 1520 1434 1677 1486; x_wconf 91' lang='lat' dir='ltr'><strong>nullo</strong></span> <span class='ocrx_word' id='word_1_149' title='bbox 1718 1432 1970 1485; x_wconf 90' lang='lat' dir='ltr'><strong>masculo</strong></span> <span class='ocrx_word' id='word_1_150' title='bbox 2013 1429 2092 1484; x_wconf 91' lang='lat' dir='ltr'><strong>eis</strong></span> 
     </span>
    </p>
   </div>
   <div class='ocr_carea' id='block_1_22' title="bbox 393 1518 2093 1596">
    <p class='ocr_par' dir='ltr' id='par_1_22' title="bbox 393 1518 2093 1596">
     <span class='ocr_line' id='line_1_22' title="bbox 393 1518 2093 1596; baseline -0.005 -16"><span class='ocrx_word' id='word_1_151' title='bbox 393 1525 744 1596; x_wconf 88' lang='lat' dir='ltr'><strong>colloquium</strong></span> <span class='ocrx_word' id='word_1_152' title='bbox 777 1525 986 1577; x_wconf 85' lang='lat' dir='ltr'><strong>habere</strong></span> <span class='ocrx_word' id='word_1_153' title='bbox 1017 1523 1202 1588; x_wconf 89' lang='lat' dir='ltr'><strong>liceat,</strong></span> <span class='ocrx_word' id='word_1_154' title='bbox 1236 1521 1346 1575; x_wconf 91' lang='lat' dir='ltr'><strong>nisi</strong></span> <span class='ocrx_word' id='word_1_155' title='bbox 1378 1521 1434 1574; x_wconf 88' lang='lat' dir='ltr'><strong>in</strong></span> <span class='ocrx_word' id='word_1_156' title='bbox 1478 1521 1785 1587; x_wconf 83' lang='lat' dir='ltr'><strong>auditorio,</strong></span> <span class='ocrx_word' id='word_1_157' title='bbox 1809 1525 1866 1574; x_wconf 89' lang='lat' dir='ltr'><strong>et</strong></span> <span class='ocrx_word' id='word_1_158' title='bbox 1893 1518 1973 1573; x_wconf 87' lang='lat' dir='ltr'><strong>ibi</strong></span> <span class='ocrx_word' id='word_1_159' title='bbox 2003 1535 2093 1572; x_wconf 89' lang='lat' dir='ltr'><strong>co-</strong></span> 
     </span>
    </p>
   </div>
   <div class='ocr_carea' id='block_1_23' title="bbox 353 1611 1058 1669">
    <p class='ocr_par' dir='ltr' id='par_1_23' title="bbox 353 1611 1058 1669">
     <span class='ocr_line' id='line_1_23' title="bbox 353 1611 1058 1669; baseline -0.007 0"><span class='ocrx_word' id='word_1_160' title='bbox 353 1631 355 1633; x_wconf 81' lang='lat'>‘</span> <span class='ocrx_word' id='word_1_161' title='bbox 393 1631 515 1669; x_wconf 90' lang='lat' dir='ltr'><strong>ram</strong></span> <span class='ocrx_word' id='word_1_162' title='bbox 543 1613 783 1667; x_wconf 88' lang='lat' dir='ltr'><strong>testibus</strong></span> <span class='ocrx_word' id='word_1_163' title='bbox 815 1611 1058 1666; x_wconf 89' lang='lat' dir='ltr'><strong>idoneis.</strong></span> 
     </span>
    </p>
   </div>
   <div class='ocr_carea' id='block_1_24' title="bbox 395 1698 2086 1839">
    <p class='ocr_par' dir='ltr' id='par_1_24' title="bbox 395 1698 2086 1839">
     <span class='ocr_line' id='line_1_24' title="bbox 395 1698 2086 1839; baseline -0.004 -81"><span class='ocrx_word' id='word_1_164' title='bbox 395 1704 521 1758; x_wconf 83' lang='lat' dir='ltr'><strong>CAP.</strong></span> <span class='ocrx_word' id='word_1_165' title='bbox 561 1702 736 1756; x_wconf 83' lang='lat' dir='ltr'><strong>XCVI.</strong></span> <span class='ocrx_word' id='word_1_166' title='bbox 767 1731 834 1740; x_wconf 89' lang='lat'><em>-</em></span> <span class='ocrx_word' id='word_1_167' title='bbox 868 1701 1118 1824; x_wconf 62' lang='lat' dir='ltr'><strong>Qualitetr</strong></span> <span class='ocrx_word' id='word_1_168' title='bbox 1162 1699 1427 1839; x_wconf 36' lang='lat' dir='ltr'><strong>inﬁgam</strong></span> <span class='ocrx_word' id='word_1_169' title='bbox 1469 1698 1636 1752; x_wconf 83' lang='lat' dir='ltr'><strong>abbas</strong></span> <span class='ocrx_word' id='word_1_170' title='bbox 1677 1713 1709 1752; x_wconf 92' lang='lat' dir='ltr'><strong>a</strong></span> <span class='ocrx_word' id='word_1_171' title='bbox 1733 1711 1828 1752; x_wconf 90' lang='lat' dir='ltr'><strong>suo</strong></span> <span class='ocrx_word' id='word_1_172' title='bbox 1869 1711 2086 1766; x_wconf 86' lang='lat' dir='ltr'><strong>separe-</strong></span> 
     </span>
     <span class='ocr_line' id='line_1_25' title="bbox 1103 1786 1401 1824; baseline -0.007 0"><span class='ocrx_word' id='word_1_173' title='bbox 1103 1786 1168 1824; x_wconf 85' lang='lat' dir='ltr'><strong>ur</strong></span> <span class='ocrx_word' id='word_1_174' title='bbox 1199 1786 1226 1824; x_wconf 91' lang='grc' dir='ltr'>ο</span> <span class='ocrx_word' id='word_1_175' title='bbox 1304 1786 1401 1823; x_wconf 73' lang='lat' dir='ltr'><strong>cio.</strong></span> 
     </span>
    </p>
   </div>
   <div class='ocr_carea' id='block_1_25' title="bbox 1103 1786 1401 1824">
    <p class='ocr_par' dir='ltr' id='par_1_25' title="bbox 1103 1786 1401 1824">
     <span class='ocr_line' id='line_1_26' title="bbox 1103 1786 1401 1824; baseline -0.007 0"><span class='ocrx_word' id='word_1_176' title='bbox 1103 1786 1168 1824; x_wconf 85' lang='lat' dir='ltr'><strong>ur</strong></span> <span class='ocrx_word' id='word_1_177' title='bbox 1199 1786 1401 1824; x_wconf 73' lang='lat' dir='ltr'><strong>omczo.</strong></span> 
     </span>
    </p>
   </div>
   <div class='ocr_carea' id='block_1_26' title="bbox 467 1856 2087 1931">
    <p class='ocr_par' dir='ltr' id='par_1_26' title="bbox 467 1856 2087 1931">
     <span class='ocr_line' id='line_1_27' title="bbox 467 1856 2087 1931; baseline -0.004 -17"><span class='ocrx_word' id='word_1_178' title='bbox 467 1861 586 1931; x_wconf 75' lang='lat' dir='ltr'><strong>(Ea:</strong></span> <span class='ocrx_word' id='word_1_179' title='bbox 632 1861 819 1914; x_wconf 85' lang='lat' dir='ltr'><strong>concil.</strong></span> <span class='ocrx_word' id='word_1_180' title='bbox 875 1858 1090 1912; x_wconf 86' lang='lat' dir='ltr'><strong>Tribur.</strong></span> <span class='ocrx_word' id='word_1_181' title='bbox 1155 1861 1243 1911; x_wconf 84' lang='lat' dir='ltr'><strong>cui</strong></span> <span class='ocrx_word' id='word_1_182' title='bbox 1293 1859 1547 1922; x_wconf 83' lang='lat' dir='ltr'><strong>interfuit</strong></span> <span class='ocrx_word' id='word_1_183' title='bbox 1604 1872 1701 1910; x_wconf 64' lang='lat' dir='ltr'><strong>recc</strong></span> <span class='ocrx_word' id='word_1_184' title='bbox 1753 1856 2087 1924; x_wconf 82' lang='lat' dir='ltr'><strong>Arnolphus,</strong></span> 
     </span>
    </p>
   </div>
   <div class='ocr_carea' id='block_1_27' title="bbox 392 1943 2088 2019">
    <p class='ocr_par' dir='ltr' id='par_1_27' title="bbox 392 1943 2088 2019">
     <span class='ocr_line' id='line_1_28' title="bbox 392 1943 2088 2019; baseline -0.005 -14"><span class='ocrx_word' id='word_1_185' title='bbox 392 1966 512 2019; x_wconf 86' lang='lat' dir='ltr'><strong>cap.</strong></span> <span class='ocrx_word' id='word_1_186' title='bbox 554 1953 661 2016; x_wconf 75' lang='lat' dir='ltr'><strong>l5.)</strong></span> <span class='ocrx_word' id='word_1_187' title='bbox 703 1949 760 2003; x_wconf 90' lang='lat' dir='ltr'><strong>Si</strong></span> <span class='ocrx_word' id='word_1_188' title='bbox 817 1947 943 2017; x_wconf 87' lang='lat' dir='ltr'><strong>quis</strong></span> <span class='ocrx_word' id='word_1_189' title='bbox 993 1951 1181 1999; x_wconf 90' lang='lat' dir='ltr'><strong>autem</strong></span> <span class='ocrx_word' id='word_1_190' title='bbox 1243 1945 1415 1998; x_wconf 86' lang='lat' dir='ltr'><strong>abbas</strong></span> <span class='ocrx_word' id='word_1_191' title='bbox 1459 1950 1656 1998; x_wconf 89' lang='lat' dir='ltr'><strong>cautus</strong></span> <span class='ocrx_word' id='word_1_192' title='bbox 1695 1944 1755 1998; x_wconf 91' lang='lat' dir='ltr'><strong>in</strong></span> <span class='ocrx_word' id='word_1_193' title='bbox 1808 1943 2088 2013; x_wconf 87' lang='lat' dir='ltr'><strong>regimine</strong></span> 
     </span>
    </p>
   </div>
   <div class='ocr_carea' id='block_1_28' title="bbox 398 2033 2088 2103">
    <p class='ocr_par' dir='ltr' id='par_1_28' title="bbox 398 2033 2088 2103">
     <span class='ocr_line' id='line_1_29' title="bbox 398 2033 2088 2103; baseline -0.005 -11"><span class='ocrx_word' id='word_1_194' title='bbox 398 2045 454 2092; x_wconf 89' lang='lat' dir='ltr'><strong>et</strong></span> <span class='ocrx_word' id='word_1_195' title='bbox 481 2037 735 2101; x_wconf 89' lang='lat' dir='ltr'><strong>humilis,</strong></span> <span class='ocrx_word' id='word_1_196' title='bbox 789 2041 973 2089; x_wconf 87' lang='lat' dir='ltr'><strong>castus</strong></span> <span class='ocrx_word' id='word_1_197' title='bbox 1023 2034 1381 2103; x_wconf 89' lang='lat' dir='ltr'><strong>sobriusque,</strong></span> <span class='ocrx_word' id='word_1_198' title='bbox 1415 2033 1756 2095; x_wconf 85' lang='lat' dir='ltr'><strong>misericors,</strong></span> <span class='ocrx_word' id='word_1_199' title='bbox 1813 2033 2088 2087; x_wconf 89' lang='lat' dir='ltr'><strong>discretus</strong></span> 
     </span>
    </p>
   </div>
   <div class='ocr_carea' id='block_1_29' title="bbox 397 2120 2091 2192">
    <p class='ocr_par' dir='ltr' id='par_1_29' title="bbox 397 2120 2091 2192">
     <span class='ocr_line' id='line_1_30' title="bbox 397 2120 2091 2192; baseline -0.005 -11"><span class='ocrx_word' id='word_1_200' title='bbox 397 2143 514 2182; x_wconf 90' lang='lat' dir='ltr'><strong>non</strong></span> <span class='ocrx_word' id='word_1_201' title='bbox 568 2125 759 2192; x_wconf 88' lang='lat' dir='ltr'><strong>fuerit,</strong></span> <span class='ocrx_word' id='word_1_202' title='bbox 814 2141 876 2178; x_wconf 92' lang='lat' dir='ltr'><strong>ac</strong></span> <span class='ocrx_word' id='word_1_203' title='bbox 928 2124 1118 2177; x_wconf 82' lang='lat' dir='ltr'><strong>divina</strong></span> <span class='ocrx_word' id='word_1_204' title='bbox 1150 2129 1434 2192; x_wconf 70' lang='lat' dir='ltr'><strong>praecepta</strong></span> <span class='ocrx_word' id='word_1_205' title='bbox 1483 2121 1669 2175; x_wconf 83' lang='lat' dir='ltr'><strong>verbis</strong></span> <span class='ocrx_word' id='word_1_206' title='bbox 1707 2126 1762 2175; x_wconf 89' lang='lat' dir='ltr'><strong>et</strong></span> <span class='ocrx_word' id='word_1_207' title='bbox 1819 2120 2091 2190; x_wconf 83' lang='lat' dir='ltr'><strong>exemplis</strong></span> 
     </span>
    </p>
   </div>
   <div class='ocr_carea' id='block_1_30' title="bbox 397 2209 2090 2279">
    <p class='ocr_par' dir='ltr' id='par_1_30' title="bbox 397 2209 2090 2279">
     <span class='ocr_line' id='line_1_31' title="bbox 397 2209 2090 2279; baseline -0.004 -10"><span class='ocrx_word' id='word_1_208' title='bbox 397 2231 512 2268; x_wconf 91' lang='lat' dir='ltr'><strong>non</strong></span> <span class='ocrx_word' id='word_1_209' title='bbox 545 2212 878 2277; x_wconf 89' lang='lat' dir='ltr'><strong>ostenderit,</strong></span> <span class='ocrx_word' id='word_1_210' title='bbox 915 2212 984 2265; x_wconf 90' lang='lat' dir='ltr'><strong>ab</strong></span> <span class='ocrx_word' id='word_1_211' title='bbox 1032 2210 1297 2279; x_wconf 80' lang='lat' dir='ltr'><strong>episcopo</strong></span> <span class='ocrx_word' id='word_1_212' title='bbox 1345 2211 1405 2263; x_wconf 90' lang='lat' dir='ltr'><strong>in</strong></span> <span class='ocrx_word' id='word_1_213' title='bbox 1445 2210 1605 2279; x_wconf 91' lang='lat' dir='ltr'><strong>cujus</strong></span> <span class='ocrx_word' id='word_1_214' title='bbox 1633 2209 1923 2263; x_wconf 88' lang='lat' dir='ltr'><strong>territorio</strong></span> <span class='ocrx_word' id='word_1_215' title='bbox 1954 2225 2090 2262; x_wconf 89' lang='lat' dir='ltr'><strong>con-</strong></span> 
     </span>
    </p>
   </div>
   <div class='ocr_carea' id='block_1_31' title="bbox 397 2297 2090 2371">
    <p class='ocr_par' dir='ltr' id='par_1_31' title="bbox 397 2297 2090 2371">
     <span class='ocr_line' id='line_1_32' title="bbox 397 2297 2090 2371; baseline -0.004 -14"><span class='ocrx_word' id='word_1_216' title='bbox 397 2303 563 2371; x_wconf 80' lang='lat' dir='ltr'><strong>sistit,</strong></span> <span class='ocrx_word' id='word_1_217' title='bbox 597 2307 654 2356; x_wconf 92' lang='lat' dir='ltr'><strong>et</strong></span> <span class='ocrx_word' id='word_1_218' title='bbox 683 2319 712 2355; x_wconf 88' lang='lat' dir='ltr'><strong>a</strong></span> <span class='ocrx_word' id='word_1_219' title='bbox 761 2300 959 2354; x_wconf 89' lang='lat' dir='ltr'><strong>vicinis</strong></span> <span class='ocrx_word' id='word_1_220' title='bbox 991 2299 1289 2353; x_wconf 90' lang='lat' dir='ltr'><strong>abbatibus</strong></span> <span class='ocrx_word' id='word_1_221' title='bbox 1329 2304 1384 2352; x_wconf 91' lang='lat' dir='ltr'><strong>et</strong></span> <span class='ocrx_word' id='word_1_222' title='bbox 1413 2299 1632 2352; x_wconf 71' lang='lat' dir='ltr'><strong>caeteris</strong></span> <span class='ocrx_word' id='word_1_223' title='bbox 1665 2299 1842 2352; x_wconf 90' lang='lat' dir='ltr'><strong>Deum</strong></span> <span class='ocrx_word' id='word_1_224' title='bbox 1883 2297 2090 2350; x_wconf 89' lang='lat' dir='ltr'><strong>timen-</strong></span> 
     </span>
    </p>
   </div>
   <div class='ocr_carea' id='block_1_32' title="bbox 395 2386 2088 2454">
    <p class='ocr_par' dir='ltr' id='par_1_32' title="bbox 395 2386 2088 2454">
     <span class='ocr_line' id='line_1_33' title="bbox 395 2386 2088 2454; baseline -0.004 -9"><span class='ocrx_word' id='word_1_225' title='bbox 395 2393 549 2446; x_wconf 86' lang='lat' dir='ltr'><strong>tibus</strong></span> <span class='ocrx_word' id='word_1_226' title='bbox 579 2407 711 2444; x_wconf 90' lang='lat' dir='ltr'><strong>suos</strong></span> <span class='ocrx_word' id='word_1_227' title='bbox 741 2393 1002 2442; x_wconf 90' lang='lat' dir='ltr'><strong>arceatur</strong></span> <span class='ocrx_word' id='word_1_228' title='bbox 1033 2389 1273 2452; x_wconf 87' lang='lat' dir='ltr'><strong>honore,</strong></span> <span class='ocrx_word' id='word_1_229' title='bbox 1313 2387 1486 2440; x_wconf 87' lang='lat' dir='ltr'><strong>etiam</strong></span> <span class='ocrx_word' id='word_1_230' title='bbox 1536 2386 1583 2439; x_wconf 90' lang='lat' dir='ltr'><strong>si</strong></span> <span class='ocrx_word' id='word_1_231' title='bbox 1617 2386 1805 2439; x_wconf 90' lang='lat' dir='ltr'><strong>omnis</strong></span> <span class='ocrx_word' id='word_1_232' title='bbox 1851 2401 2088 2454; x_wconf 88' lang='lat' dir='ltr'><strong>congre-</strong></span> 
     </span>
    </p>
   </div>
   <div class='ocr_carea' id='block_1_33' title="bbox 397 2473 2092 2548">
    <p class='ocr_par' dir='ltr' id='par_1_33' title="bbox 397 2473 2092 2548">
     <span class='ocr_line' id='line_1_34' title="bbox 397 2473 2092 2548; baseline -0.004 -15"><span class='ocrx_word' id='word_1_233' title='bbox 397 2479 581 2548; x_wconf 89' lang='lat' dir='ltr'><strong>gratio</strong></span> <span class='ocrx_word' id='word_1_234' title='bbox 622 2478 776 2532; x_wconf 78' lang='lat' dir='ltr'><strong>vitiis</strong></span> <span class='ocrx_word' id='word_1_235' title='bbox 825 2476 942 2531; x_wconf 91' lang='lat' dir='ltr'><strong>suis</strong></span> <span class='ocrx_word' id='word_1_236' title='bbox 983 2475 1346 2530; x_wconf 87' lang='lat' dir='ltr'><strong>consentiens</strong></span> <span class='ocrx_word' id='word_1_237' title='bbox 1393 2475 1652 2529; x_wconf 88' lang='lat' dir='ltr'><strong>abbatem</strong></span> <span class='ocrx_word' id='word_1_238' title='bbox 1702 2490 1834 2529; x_wconf 91' lang='lat' dir='ltr'><strong>eum</strong></span> <span class='ocrx_word' id='word_1_239' title='bbox 1881 2473 2092 2528; x_wconf 90' lang='lat' dir='ltr'><strong>habere</strong></span> 
     </span>
    </p>
   </div>
   <div class='ocr_carea' id='block_1_34' title="bbox 395 2567 657 2622">
    <p class='ocr_par' dir='ltr' id='par_1_34' title="bbox 395 2567 657 2622">
     <span class='ocr_line' id='line_1_35' title="bbox 395 2567 657 2622; baseline 0.004 -2"><span class='ocrx_word' id='word_1_240' title='bbox 395 2567 657 2622; x_wconf 88' lang='lat' dir='ltr'><strong>voluerit.</strong></span> 
     </span>
    </p>
   </div>
   <div class='ocr_carea' id='block_1_35' title="bbox 397 2651 2093 2720">
    <p class='ocr_par' dir='ltr' id='par_1_35' title="bbox 397 2651 2093 2720">
     <span class='ocr_line' id='line_1_36' title="bbox 397 2651 2093 2720; baseline -0.004 -7"><span class='ocrx_word' id='word_1_241' title='bbox 397 2657 524 2714; x_wconf 80' lang='lat' dir='ltr'><strong>CAP.</strong></span> <span class='ocrx_word' id='word_1_242' title='bbox 555 2656 759 2712; x_wconf 87' lang='lat' dir='ltr'><strong>XCVll.</strong></span> <span class='ocrx_word' id='word_1_243' title='bbox 819 2683 888 2696; x_wconf 89' lang='lat'><strong>—-</strong></span> <span class='ocrx_word' id='word_1_244' title='bbox 919 2657 993 2708; x_wconf 88' lang='lat' dir='ltr'><strong>De</strong></span> <span class='ocrx_word' id='word_1_245' title='bbox 1013 2653 1221 2708; x_wconf 78' lang='lat' dir='ltr'><strong>clericis</strong></span> <span class='ocrx_word' id='word_1_246' title='bbox 1271 2653 1368 2720; x_wconf 88' lang='lat' dir='ltr'><strong>qui</strong></span> <span class='ocrx_word' id='word_1_247' title='bbox 1395 2656 1644 2707; x_wconf 83' lang='lat' dir='ltr'><strong>tonsuras</strong></span> <span class='ocrx_word' id='word_1_248' title='bbox 1688 2651 2016 2718; x_wconf 79' lang='lat' dir='ltr'><strong>dimiserint,</strong></span> <span class='ocrx_word' id='word_1_249' title='bbox 2041 2656 2093 2706; x_wconf 85' lang='lat' dir='ltr'><strong>et</strong></span> 
     </span>
    </p>
   </div>
   <div class='ocr_carea' id='block_1_36' title="bbox 961 2725 1523 2792">
    <p class='ocr_par' dir='ltr' id='par_1_36' title="bbox 961 2725 1523 2792">
     <span class='ocr_line' id='line_1_37' title="bbox 961 2725 1523 2792; baseline -0.005 -14"><span class='ocrx_word' id='word_1_250' title='bbox 961 2739 1154 2778; x_wconf 71' lang='lat' dir='ltr'><strong>uxores</strong></span> <span class='ocrx_word' id='word_1_251' title='bbox 1202 2725 1523 2792; x_wconf 82' lang='lat' dir='ltr'><strong>acceperint.</strong></span> 
     </span>
    </p>
   </div>
   <div class='ocr_carea' id='block_1_37' title="bbox 2201 1090 3858 1157">
    <p class='ocr_par' dir='ltr' id='par_1_37' title="bbox 2201 1090 3858 1157">
     <span class='ocr_line' id='line_1_38' title="bbox 2201 1090 3858 1157; baseline -0.001 -11"><span class='ocrx_word' id='word_1_252' title='bbox 2201 1094 2431 1147; x_wconf 89' lang='lat' dir='ltr'><strong>irritum</strong></span> <span class='ocrx_word' id='word_1_253' title='bbox 2464 1092 2670 1157; x_wconf 84' lang='lat' dir='ltr'><strong>facere,</strong></span> <span class='ocrx_word' id='word_1_254' title='bbox 2704 1092 2749 1145; x_wconf 90' lang='lat' dir='ltr'><strong>si</strong></span> <span class='ocrx_word' id='word_1_255' title='bbox 2775 1092 2994 1145; x_wconf 88' lang='lat' dir='ltr'><strong>volunt.</strong></span> <span class='ocrx_word' id='word_1_256' title='bbox 3025 1094 3096 1144; x_wconf 79' lang='lat' dir='ltr'><strong>At</strong></span> <span class='ocrx_word' id='word_1_257' title='bbox 3132 1090 3179 1144; x_wconf 90' lang='lat' dir='ltr'><strong>si</strong></span> <span class='ocrx_word' id='word_1_258' title='bbox 3209 1107 3424 1144; x_wconf 89' lang='lat' dir='ltr'><strong>annum</strong></span> <span class='ocrx_word' id='word_1_259' title='bbox 3447 1097 3503 1144; x_wconf 89' lang='lat' dir='ltr'><strong>et</strong></span> <span class='ocrx_word' id='word_1_260' title='bbox 3527 1090 3674 1144; x_wconf 89' lang='lat' dir='ltr'><strong>diem</strong></span> <span class='ocrx_word' id='word_1_261' title='bbox 3697 1092 3747 1145; x_wconf 91' lang='lat' dir='ltr'><strong>id</strong></span> <span class='ocrx_word' id='word_1_262' title='bbox 3775 1092 3858 1145; x_wconf 89' lang='lat' dir='ltr'><strong>dis-</strong></span> 
     </span>
    </p>
   </div>
   <div class='ocr_carea' id='block_1_38' title="bbox 2202 1179 3859 1249">
    <p class='ocr_par' dir='ltr' id='par_1_38' title="bbox 2202 1179 3859 1249">
     <span class='ocr_line' id='line_1_39' title="bbox 2202 1179 3859 1249; baseline -0.001 -15"><span class='ocrx_word' id='word_1_263' title='bbox 2202 1181 2526 1234; x_wconf 91' lang='lat' dir='ltr'><strong>simulando</strong></span> <span class='ocrx_word' id='word_1_264' title='bbox 2571 1179 2984 1246; x_wconf 89' lang='lat' dir='ltr'><strong>consenserint,</strong></span> <span class='ocrx_word' id='word_1_265' title='bbox 3035 1179 3273 1233; x_wconf 90' lang='lat' dir='ltr'><strong>ulterius</strong></span> <span class='ocrx_word' id='word_1_266' title='bbox 3324 1195 3428 1232; x_wconf 92' lang='lat' dir='ltr'><strong>nec</strong></span> <span class='ocrx_word' id='word_1_267' title='bbox 3482 1179 3622 1249; x_wconf 88' lang='lat' dir='ltr'><strong>ipsa,</strong></span> <span class='ocrx_word' id='word_1_268' title='bbox 3681 1196 3770 1233; x_wconf 88' lang='lat' dir='ltr'><strong>nec</strong></span> <span class='ocrx_word' id='word_1_269' title='bbox 3795 1181 3859 1233; x_wconf 90' lang='lat' dir='ltr'><strong>illi</strong></span> 
     </span>
    </p>
   </div>
   <div class='ocr_carea' id='block_1_39' title="bbox 2202 1267 3857 1338">
    <p class='ocr_par' dir='ltr' id='par_1_39' title="bbox 2202 1267 3857 1338">
     <span class='ocr_line' id='line_1_40' title="bbox 2202 1267 3857 1338; baseline -0.001 -15"><span class='ocrx_word' id='word_1_270' title='bbox 2202 1273 2426 1323; x_wconf 88' lang='lat' dir='ltr'><strong>mutare</strong></span> <span class='ocrx_word' id='word_1_271' title='bbox 2457 1269 2563 1323; x_wconf 93' lang='lat' dir='ltr'><strong>hoc</strong></span> <span class='ocrx_word' id='word_1_272' title='bbox 2585 1273 2876 1338; x_wconf 87' lang='lat' dir='ltr'><strong>poterunt.</strong></span> <span class='ocrx_word' id='word_1_273' title='bbox 2908 1269 3083 1321; x_wconf 87' lang='lat' dir='ltr'><strong>Porro</strong></span> <span class='ocrx_word' id='word_1_274' title='bbox 3107 1267 3152 1320; x_wconf 89' lang='lat' dir='ltr'><strong>si</strong></span> <span class='ocrx_word' id='word_1_275' title='bbox 3178 1267 3238 1321; x_wconf 91' lang='lat' dir='ltr'><strong>in</strong></span> <span class='ocrx_word' id='word_1_276' title='bbox 3262 1267 3487 1321; x_wconf 84' lang='lat' dir='ltr'><strong>fortiori</strong></span> <span class='ocrx_word' id='word_1_277' title='bbox 3517 1273 3676 1321; x_wconf 77' lang='lat' dir='ltr'><strong>mtate</strong></span> <span class='ocrx_word' id='word_1_278' title='bbox 3708 1284 3739 1321; x_wconf 92' lang='lat' dir='ltr'><strong>a</strong></span> <span class='ocrx_word' id='word_1_279' title='bbox 3774 1269 3857 1322; x_wconf 87' lang='lat' dir='ltr'><strong>do-</strong></span> 
     </span>
    </p>
   </div>
   <div class='ocr_carea' id='block_1_40' title="bbox 2201 1357 3857 1426">
    <p class='ocr_par' dir='ltr' id='par_1_40' title="bbox 2201 1357 3857 1426">
     <span class='ocr_line' id='line_1_41' title="bbox 2201 1357 3857 1426; baseline -0.002 -14"><span class='ocrx_word' id='word_1_280' title='bbox 2201 1359 2528 1425; x_wconf 88' lang='lat' dir='ltr'><strong>lescentula,</strong></span> <span class='ocrx_word' id='word_1_281' title='bbox 2590 1359 2674 1411; x_wconf 91' lang='lat' dir='ltr'><strong>vel</strong></span> <span class='ocrx_word' id='word_1_282' title='bbox 2747 1358 3074 1411; x_wconf 89' lang='lat' dir='ltr'><strong>adolescens</strong></span> <span class='ocrx_word' id='word_1_283' title='bbox 3139 1358 3348 1409; x_wconf 85' lang='lat' dir='ltr'><strong>servire</strong></span> <span class='ocrx_word' id='word_1_284' title='bbox 3417 1358 3531 1410; x_wconf 90' lang='lat' dir='ltr'><strong>Deo</strong></span> <span class='ocrx_word' id='word_1_285' title='bbox 3598 1357 3857 1426; x_wconf 79' lang='lat' dir='ltr'><strong>elegerint,</strong></span> 
     </span>
    </p>
   </div>
   <div class='ocr_carea' id='block_1_41' title="bbox 2203 1445 3597 1518">
    <p class='ocr_par' dir='ltr' id='par_1_41' title="bbox 2203 1445 3597 1518">
     <span class='ocr_line' id='line_1_42' title="bbox 2203 1445 3597 1518; baseline -0.001 -17"><span class='ocrx_word' id='word_1_286' title='bbox 2203 1463 2319 1502; x_wconf 90' lang='lat' dir='ltr'><strong>non</strong></span> <span class='ocrx_word' id='word_1_287' title='bbox 2350 1451 2433 1501; x_wconf 90' lang='lat' dir='ltr'><strong>est</strong></span> <span class='ocrx_word' id='word_1_288' title='bbox 2465 1450 2713 1518; x_wconf 87' lang='lat' dir='ltr'><strong>potestas</strong></span> <span class='ocrx_word' id='word_1_289' title='bbox 2741 1446 3078 1516; x_wconf 89' lang='lat' dir='ltr'><strong>parentibus</strong></span> <span class='ocrx_word' id='word_1_290' title='bbox 3109 1445 3214 1499; x_wconf 91' lang='lat' dir='ltr'><strong>hoc</strong></span> <span class='ocrx_word' id='word_1_291' title='bbox 3233 1445 3597 1516; x_wconf 88' lang='lat' dir='ltr'><strong>prohibendi.</strong></span> 
     </span>
    </p>
   </div>
   <div class='ocr_carea' id='block_1_42' title="bbox 2202 1552 3857 1622">
    <p class='ocr_par' dir='ltr' id='par_1_42' title="bbox 2202 1552 3857 1622">
     <span class='ocr_line' id='line_1_43' title="bbox 2202 1552 3857 1622; baseline -0.002 -13"><span class='ocrx_word' id='word_1_292' title='bbox 2202 1556 2330 1609; x_wconf 71' lang='lat' dir='ltr'><strong>CAP.</strong></span> <span class='ocrx_word' id='word_1_293' title='bbox 2357 1555 2530 1608; x_wconf 83' lang='lat' dir='ltr'><strong>XCIX.</strong></span> <span class='ocrx_word' id='word_1_294' title='bbox 2559 1583 2627 1594; x_wconf 94' lang='lat'><strong>—</strong></span> <span class='ocrx_word' id='word_1_295' title='bbox 2655 1557 2726 1607; x_wconf 85' lang='lat' dir='ltr'><strong>De</strong></span> <span class='ocrx_word' id='word_1_296' title='bbox 2751 1555 2845 1608; x_wconf 82' lang='lat' dir='ltr'><strong>illo</strong></span> <span class='ocrx_word' id='word_1_297' title='bbox 2873 1556 2970 1622; x_wconf 82' lang='lat' dir='ltr'><strong>qui</strong></span> <span class='ocrx_word' id='word_1_298' title='bbox 2995 1552 3194 1622; x_wconf 80' lang='lat' dir='ltr'><strong>ﬁlium,</strong></span> <span class='ocrx_word' id='word_1_299' title='bbox 3218 1559 3312 1605; x_wconf 85' lang='lat' dir='ltr'><strong>aut</strong></span> <span class='ocrx_word' id='word_1_300' title='bbox 3340 1559 3574 1621; x_wconf 87' lang='lat' dir='ltr'><strong>neptem,</strong></span> <span class='ocrx_word' id='word_1_301' title='bbox 3595 1554 3674 1606; x_wconf 81' lang='lat' dir='ltr'><strong>uel</strong></span> <span class='ocrx_word' id='word_1_302' title='bbox 3698 1569 3857 1622; x_wconf 86' lang='lat' dir='ltr'><strong>paren-</strong></span> 
     </span>
    </p>
   </div>
   <div class='ocr_carea' id='block_1_43' title="bbox 2401 1624 3696 1692">
    <p class='ocr_par' dir='ltr' id='par_1_43' title="bbox 2401 1624 3696 1692">
     <span class='ocr_line' id='line_1_44' title="bbox 2401 1624 3696 1692; baseline -0.002 -14"><span class='ocrx_word' id='word_1_303' title='bbox 2401 1630 2502 1678; x_wconf 87' lang='lat' dir='ltr'><strong>tem</strong></span> <span class='ocrx_word' id='word_1_304' title='bbox 2530 1640 2685 1679; x_wconf 89' lang='lat' dir='ltr'><strong>suam</strong></span> <span class='ocrx_word' id='word_1_305' title='bbox 2715 1628 2818 1679; x_wconf 85' lang='lat' dir='ltr'><strong>Deo</strong></span> <span class='ocrx_word' id='word_1_306' title='bbox 2850 1627 3200 1692; x_wconf 80' lang='lat' dir='ltr'><strong>omnipotenti</strong></span> <span class='ocrx_word' id='word_1_307' title='bbox 3239 1624 3426 1691; x_wconf 77' lang='lat' dir='ltr'><strong>offerri</strong></span> <span class='ocrx_word' id='word_1_308' title='bbox 3452 1627 3696 1677; x_wconf 79' lang='lat' dir='ltr'><strong>voluerit.</strong></span> 
     </span>
    </p>
   </div>
   <div class='ocr_carea' id='block_1_44' title="bbox 2271 1711 3860 1783">
    <p class='ocr_par' dir='ltr' id='par_1_44' title="bbox 2271 1711 3860 1783">
     <span class='ocr_line' id='line_1_45' title="bbox 2271 1711 3860 1783; baseline -0.001 -17"><span class='ocrx_word' id='word_1_309' title='bbox 2271 1711 2389 1781; x_wconf 79' lang='lat' dir='ltr'><strong>(Ea:</strong></span> <span class='ocrx_word' id='word_1_310' title='bbox 2433 1713 2633 1780; x_wconf 87' lang='lat' dir='ltr'><strong>eodem,</strong></span> <span class='ocrx_word' id='word_1_311' title='bbox 2694 1729 2813 1782; x_wconf 85' lang='lat' dir='ltr'><strong>cap.</strong></span> <span class='ocrx_word' id='word_1_312' title='bbox 2870 1713 2946 1777; x_wconf 86' lang='lat'><strong>6.)</strong></span> <span class='ocrx_word' id='word_1_313' title='bbox 2977 1713 3314 1783; x_wconf 87' lang='lat' dir='ltr'><strong>Quicunque</strong></span> <span class='ocrx_word' id='word_1_314' title='bbox 3362 1712 3542 1766; x_wconf 82' lang='lat' dir='ltr'><strong>tiliam</strong></span> <span class='ocrx_word' id='word_1_315' title='bbox 3573 1728 3745 1777; x_wconf 89' lang='lat' dir='ltr'><strong>suam,</strong></span> <span class='ocrx_word' id='word_1_316' title='bbox 3785 1717 3860 1765; x_wconf 86' lang='lat' dir='ltr'><strong>aut</strong></span> 
     </span>
    </p>
   </div>
   <div class='ocr_carea' id='block_1_45' title="bbox 2197 1801 3858 1872">
    <p class='ocr_par' dir='ltr' id='par_1_45' title="bbox 2197 1801 3858 1872">
     <span class='ocr_line' id='line_1_46' title="bbox 2197 1801 3858 1872; baseline 0 -18"><span class='ocrx_word' id='word_1_317' title='bbox 2197 1806 2454 1871; x_wconf 88' lang='lat' dir='ltr'><strong>neptem,</strong></span> <span class='ocrx_word' id='word_1_318' title='bbox 2478 1802 2562 1855; x_wconf 76' lang='lat' dir='ltr'><strong>vel</strong></span> <span class='ocrx_word' id='word_1_319' title='bbox 2598 1806 2892 1872; x_wconf 89' lang='lat' dir='ltr'><strong>parentem</strong></span> <span class='ocrx_word' id='word_1_320' title='bbox 2928 1803 3040 1855; x_wconf 84' lang='lat' dir='ltr'><strong>Deo</strong></span> <span class='ocrx_word' id='word_1_321' title='bbox 3070 1801 3453 1871; x_wconf 88' lang='lat' dir='ltr'><strong>omnipotenti</strong></span> <span class='ocrx_word' id='word_1_322' title='bbox 3484 1801 3674 1855; x_wconf 85' lang='lat' dir='ltr'><strong>offerri</strong></span> <span class='ocrx_word' id='word_1_323' title='bbox 3700 1801 3858 1855; x_wconf 83' lang='lat' dir='ltr'><strong>volue-</strong></span> 
     </span>
    </p>
   </div>
   <div class='ocr_carea' id='block_1_46' title="bbox 2201 1889 3857 1959">
    <p class='ocr_par' dir='ltr' id='par_1_46' title="bbox 2201 1889 3857 1959">
     <span class='ocr_line' id='line_1_47' title="bbox 2201 1889 3857 1959; baseline -0.001 -17"><span class='ocrx_word' id='word_1_324' title='bbox 2201 1890 2292 1956; x_wconf 90' lang='lat' dir='ltr'><strong>rit,</strong></span> <span class='ocrx_word' id='word_1_325' title='bbox 2352 1890 2640 1944; x_wconf 89' lang='lat' dir='ltr'><strong>licentiam</strong></span> <span class='ocrx_word' id='word_1_326' title='bbox 2697 1889 2951 1944; x_wconf 86' lang='lat' dir='ltr'><strong>habeat:</strong></span> <span class='ocrx_word' id='word_1_327' title='bbox 3001 1889 3090 1942; x_wconf 89' lang='lat' dir='ltr'><strong>sin</strong></span> <span class='ocrx_word' id='word_1_328' title='bbox 3143 1896 3358 1955; x_wconf 87' lang='lat' dir='ltr'><strong>autem,</strong></span> <span class='ocrx_word' id='word_1_329' title='bbox 3406 1889 3596 1943; x_wconf 84' lang='lat' dir='ltr'><strong>virum</strong></span> <span class='ocrx_word' id='word_1_330' title='bbox 3642 1890 3857 1959; x_wconf 87' lang='lat' dir='ltr'><strong>accipiat,</strong></span> 
     </span>
    </p>
   </div>
   <div class='ocr_carea' id='block_1_47' title="bbox 2123 1669 2162 1723">
    <p class='ocr_par' dir='ltr' id='par_1_47' title="bbox 2123 1669 2162 1723">
     <span class='ocr_line' id='line_1_48' title="bbox 2123 1669 2162 1723; baseline 0 0"><span class='ocrx_word' id='word_1_331' title='bbox 2123 1669 2162 1723; x_wconf 89' lang='grc' dir='ltr'><strong><em>Β</em></strong></span> 
     </span>
    </p>
   </div>
   <div class='ocr_carea' id='block_1_48' title="bbox 2201 1977 3862 2045">
    <p class='ocr_par' dir='ltr' id='par_1_48' title="bbox 2201 1977 3862 2045">
     <span class='ocr_line' id='line_1_49' title="bbox 2201 1977 3862 2045; baseline -0.002 -14"><span class='ocrx_word' id='word_1_332' title='bbox 2201 1977 2354 2032; x_wconf 91' lang='lat' dir='ltr'><strong>domi</strong></span> <span class='ocrx_word' id='word_1_333' title='bbox 2389 1977 2631 2031; x_wconf 82' lang='lat' dir='ltr'><strong>infantes</strong></span> <span class='ocrx_word' id='word_1_334' title='bbox 2662 1994 2792 2031; x_wconf 85' lang='lat' dir='ltr'><strong>suos</strong></span> <span class='ocrx_word' id='word_1_335' title='bbox 2847 1978 3082 2045; x_wconf 87' lang='lat' dir='ltr'><strong>nutriat,</strong></span> <span class='ocrx_word' id='word_1_336' title='bbox 3124 1982 3180 2031; x_wconf 89' lang='lat' dir='ltr'><strong>et</strong></span> <span class='ocrx_word' id='word_1_337' title='bbox 3224 1993 3341 2030; x_wconf 91' lang='lat' dir='ltr'><strong>non</strong></span> <span class='ocrx_word' id='word_1_338' title='bbox 3377 1977 3550 2030; x_wconf 89' lang='lat' dir='ltr'><strong>aliam</strong></span> <span class='ocrx_word' id='word_1_339' title='bbox 3605 1977 3743 2031; x_wconf 86' lang='lat' dir='ltr'><strong>infra</strong></span> <span class='ocrx_word' id='word_1_340' title='bbox 3773 1993 3862 2030; x_wconf 87' lang='lat' dir='ltr'><strong>mo-</strong></span> 
     </span>
    </p>
   </div>
   <div class='ocr_carea' id='block_1_49' title="bbox 2201 2065 3859 2136">
    <p class='ocr_par' dir='ltr' id='par_1_49' title="bbox 2201 2065 3859 2136">
     <span class='ocr_line' id='line_1_50' title="bbox 2201 2065 3859 2136; baseline -0.002 -16"><span class='ocrx_word' id='word_1_341' title='bbox 2201 2066 2512 2120; x_wconf 89' lang='lat' dir='ltr'><strong>nasterium</strong></span> <span class='ocrx_word' id='word_1_342' title='bbox 2565 2068 2789 2120; x_wconf 90' lang='lat' dir='ltr'><strong>mittere</strong></span> <span class='ocrx_word' id='word_1_343' title='bbox 2837 2065 3131 2121; x_wconf 89' lang='lat' dir='ltr'><strong>nutriendi</strong></span> <span class='ocrx_word' id='word_1_344' title='bbox 3185 2066 3371 2136; x_wconf 86' lang='lat' dir='ltr'><strong>gratia</strong></span> <span class='ocrx_word' id='word_1_345' title='bbox 3411 2071 3732 2136; x_wconf 71' lang='lat' dir='ltr'><strong>praesumat,</strong></span> <span class='ocrx_word' id='word_1_346' title='bbox 3777 2066 3859 2118; x_wconf 89' lang='lat' dir='ltr'><strong>nisi</strong></span> 
     </span>
    </p>
   </div>
   <div class='ocr_carea' id='block_1_50' title="bbox 2201 2153 3860 2225">
    <p class='ocr_par' dir='ltr' id='par_1_50' title="bbox 2201 2153 3860 2225">
     <span class='ocr_line' id='line_1_51' title="bbox 2201 2153 3860 2225; baseline -0.002 -17"><span class='ocrx_word' id='word_1_347' title='bbox 2201 2169 2326 2208; x_wconf 92' lang='lat' dir='ltr'><strong>eam</strong></span> <span class='ocrx_word' id='word_1_348' title='bbox 2377 2170 2547 2225; x_wconf 90' lang='lat' dir='ltr'><strong>quam</strong></span> <span class='ocrx_word' id='word_1_349' title='bbox 2579 2155 2820 2208; x_wconf 85' lang='lat' dir='ltr'><strong>firmiter</strong></span> <span class='ocrx_word' id='word_1_350' title='bbox 2845 2155 2902 2208; x_wconf 88' lang='lat' dir='ltr'><strong>in</strong></span> <span class='ocrx_word' id='word_1_351' title='bbox 2934 2154 3058 2224; x_wconf 86' lang='lat' dir='ltr'><strong>ipso</strong></span> <span class='ocrx_word' id='word_1_352' title='bbox 3102 2155 3244 2220; x_wconf 90' lang='lat' dir='ltr'><strong>loco,</strong></span> <span class='ocrx_word' id='word_1_353' title='bbox 3276 2155 3337 2207; x_wconf 90' lang='lat' dir='ltr'><strong>in</strong></span> <span class='ocrx_word' id='word_1_354' title='bbox 3370 2153 3469 2208; x_wconf 89' lang='lat' dir='ltr'><strong>Dei</strong></span> <span class='ocrx_word' id='word_1_355' title='bbox 3505 2155 3726 2208; x_wconf 88' lang='lat' dir='ltr'><strong>servitio</strong></span> <span class='ocrx_word' id='word_1_356' title='bbox 3757 2169 3860 2224; x_wconf 87' lang='lat' dir='ltr'><strong>per-</strong></span> 
     </span>
    </p>
   </div>
   <div class='ocr_carea' id='block_1_51' title="bbox 2201 2243 3861 2308">
    <p class='ocr_par' dir='ltr' id='par_1_51' title="bbox 2201 2243 3861 2308">
     <span class='ocr_line' id='line_1_52' title="bbox 2201 2243 3861 2308; baseline 0 -13"><span class='ocrx_word' id='word_1_357' title='bbox 2201 2260 2459 2298; x_wconf 84' lang='lat' dir='ltr'><strong>severare</strong></span> <span class='ocrx_word' id='word_1_358' title='bbox 2493 2244 2751 2308; x_wconf 84' lang='lat' dir='ltr'><strong>voluerit,</strong></span> <span class='ocrx_word' id='word_1_359' title='bbox 2786 2245 3099 2298; x_wconf 91' lang='lat' dir='ltr'><strong>secundum</strong></span> <span class='ocrx_word' id='word_1_360' title='bbox 3130 2243 3392 2298; x_wconf 87' lang='lat' dir='ltr'><strong>instituta</strong></span> <span class='ocrx_word' id='word_1_361' title='bbox 3436 2248 3754 2298; x_wconf 82' lang='lat' dir='ltr'><strong>sanctorum</strong></span> <span class='ocrx_word' id='word_1_362' title='bbox 3780 2243 3861 2296; x_wconf 85' lang='lat' dir='ltr'><strong>Pa-</strong></span> 
     </span>
    </p>
   </div>
   <div class='ocr_carea' id='block_1_52' title="bbox 2201 2332 3685 2400">
    <p class='ocr_par' dir='ltr' id='par_1_52' title="bbox 2201 2332 3685 2400">
     <span class='ocr_line' id='line_1_53' title="bbox 2201 2332 3685 2400; baseline -0.001 -14"><span class='ocrx_word' id='word_1_363' title='bbox 2201 2336 2376 2400; x_wconf 90' lang='lat' dir='ltr'><strong>trum,</strong></span> <span class='ocrx_word' id='word_1_364' title='bbox 2407 2348 2507 2386; x_wconf 90' lang='lat' dir='ltr'><strong>seu</strong></span> <span class='ocrx_word' id='word_1_365' title='bbox 2538 2332 2852 2386; x_wconf 91' lang='lat' dir='ltr'><strong>secundum</strong></span> <span class='ocrx_word' id='word_1_366' title='bbox 2885 2334 3217 2386; x_wconf 90' lang='lat' dir='ltr'><strong>canonicam</strong></span> <span class='ocrx_word' id='word_1_367' title='bbox 3268 2333 3685 2387; x_wconf 88' lang='lat' dir='ltr'><strong>auctoritatem.</strong></span> 
     </span>
    </p>
   </div>
   <div class='ocr_carea' id='block_1_53' title="bbox 2673 2438 3412 2494">
    <p class='ocr_par' dir='ltr' id='par_1_53' title="bbox 2673 2438 3412 2494">
     <span class='ocr_line' id='line_1_54' title="bbox 2673 2438 3412 2494; baseline -0.001 -1"><span class='ocrx_word' id='word_1_368' title='bbox 2673 2438 2802 2493; x_wconf 68' lang='lat' dir='ltr'><strong>Car.</strong></span> <span class='ocrx_word' id='word_1_369' title='bbox 2837 2439 2896 2494; x_wconf 92' lang='lat' dir='ltr'><strong>C.</strong></span> <span class='ocrx_word' id='word_1_370' title='bbox 2930 2470 2998 2479; x_wconf 95' lang='lat'><em>—</em></span> <span class='ocrx_word' id='word_1_371' title='bbox 3028 2441 3100 2492; x_wconf 86' lang='lat' dir='ltr'><strong>De</strong></span> <span class='ocrx_word' id='word_1_372' title='bbox 3123 2439 3308 2494; x_wconf 85' lang='lat' dir='ltr'><strong>eadem</strong></span> <span class='ocrx_word' id='word_1_373' title='bbox 3335 2455 3412 2493; x_wconf 89' lang='lat' dir='ltr'><strong>re.</strong></span> 
     </span>
    </p>
   </div>
   <div class='ocr_carea' id='block_1_54' title="bbox 2276 2544 3865 2616">
    <p class='ocr_par' dir='ltr' id='par_1_54' title="bbox 2276 2544 3865 2616">
     <span class='ocr_line' id='line_1_55' title="bbox 2276 2544 3865 2616; baseline 0 -18"><span class='ocrx_word' id='word_1_374' title='bbox 2276 2545 2379 2615; x_wconf 76' lang='lat' dir='ltr'><strong>(Ea:</strong></span> <span class='ocrx_word' id='word_1_375' title='bbox 2406 2545 2605 2610; x_wconf 88' lang='lat' dir='ltr'><strong>eodem,</strong></span> <span class='ocrx_word' id='word_1_376' title='bbox 2648 2561 2766 2615; x_wconf 87' lang='lat' dir='ltr'><strong>cap.</strong></span> <span class='ocrx_word' id='word_1_377' title='bbox 2801 2546 2876 2614; x_wconf 83' lang='lat'><strong>7.)</strong></span> <span class='ocrx_word' id='word_1_378' title='bbox 2925 2545 3172 2600; x_wconf 88' lang='lat' dir='ltr'><strong>Omnino</strong></span> <span class='ocrx_word' id='word_1_379' title='bbox 3224 2546 3623 2616; x_wconf 86' lang='lat' dir='ltr'><strong>prohibemus,</strong></span> <span class='ocrx_word' id='word_1_380' title='bbox 3667 2549 3723 2598; x_wconf 93' lang='lat' dir='ltr'><strong>ut</strong></span> <span class='ocrx_word' id='word_1_381' title='bbox 3763 2544 3865 2598; x_wconf 86' lang='lat' dir='ltr'><strong>nul-</strong></span> 
     </span>
    </p>
   </div>
   <div class='ocr_carea' id='block_1_55' title="bbox 2202 2633 3866 2705">
    <p class='ocr_par' dir='ltr' id='par_1_55' title="bbox 2202 2633 3866 2705">
     <span class='ocr_line' id='line_1_56' title="bbox 2202 2633 3866 2705; baseline -0.001 -17"><span class='ocrx_word' id='word_1_382' title='bbox 2202 2633 2292 2688; x_wconf 88' lang='lat' dir='ltr'><strong>lus</strong></span> <span class='ocrx_word' id='word_1_383' title='bbox 2321 2633 2503 2688; x_wconf 85' lang='lat' dir='ltr'><strong>tilium</strong></span> <span class='ocrx_word' id='word_1_384' title='bbox 2527 2640 2624 2687; x_wconf 90' lang='lat' dir='ltr'><strong>aut</strong></span> <span class='ocrx_word' id='word_1_385' title='bbox 2653 2639 2942 2704; x_wconf 77' lang='lat' dir='ltr'><strong>nepotem,</strong></span> <span class='ocrx_word' id='word_1_386' title='bbox 2974 2635 3060 2687; x_wconf 89' lang='lat' dir='ltr'><strong>vel</strong></span> <span class='ocrx_word' id='word_1_387' title='bbox 3092 2639 3392 2705; x_wconf 89' lang='lat' dir='ltr'><strong>parentem</strong></span> <span class='ocrx_word' id='word_1_388' title='bbox 3429 2651 3603 2690; x_wconf 91' lang='lat' dir='ltr'><strong>suum</strong></span> <span class='ocrx_word' id='word_1_389' title='bbox 3631 2634 3686 2688; x_wconf 91' lang='lat' dir='ltr'><strong>in</strong></span> <span class='ocrx_word' id='word_1_390' title='bbox 3707 2649 3866 2688; x_wconf 84' lang='lat' dir='ltr'><strong>mona-</strong></span> 
     </span>
    </p>
   </div>
   <div class='ocr_carea' id='block_1_56' title="bbox 2212 2722 3867 2794">
    <p class='ocr_par' dir='ltr' id='par_1_56' title="bbox 2212 2722 3867 2794">
     <span class='ocr_line' id='line_1_57' title="bbox 2212 2722 3867 2794; baseline -0.001 -18"><span class='ocrx_word' id='word_1_391' title='bbox 2212 2722 2387 2776; x_wconf 87' lang='lat' dir='ltr'><strong>sterio</strong></span> <span class='ocrx_word' id='word_1_392' title='bbox 2419 2723 2738 2794; x_wconf 89' lang='lat' dir='ltr'><strong>puellarum</strong></span> <span class='ocrx_word' id='word_1_393' title='bbox 2776 2723 2847 2776; x_wconf 91' lang='lat' dir='ltr'><strong>ad</strong></span> <span class='ocrx_word' id='word_1_394' title='bbox 2876 2723 3251 2777; x_wconf 83' lang='lat' dir='ltr'><strong>nutriendum</strong></span> <span class='ocrx_word' id='word_1_395' title='bbox 3303 2724 3709 2778; x_wconf 83' lang='lat' dir='ltr'><strong>commendare</strong></span> <span class='ocrx_word' id='word_1_396' title='bbox 3750 2738 3867 2793; x_wconf 68' lang='lat' dir='ltr'><strong>pra-</strong></span> 
     </span>
    </p>
   </div>
   <div class='ocr_carea' id='block_1_57' title="bbox 470 2810 3750 2885">
    <p class='ocr_par' dir='ltr' id='par_1_57' title="bbox 470 2810 3750 2885">
     <span class='ocr_line' id='line_1_58' title="bbox 470 2810 3750 2885; baseline -0.002 -15"><span class='ocrx_word' id='word_1_397' title='bbox 470 2816 583 2885; x_wconf 80' lang='lat' dir='ltr'><strong>(Ea:</strong></span> <span class='ocrx_word' id='word_1_398' title='bbox 605 2815 786 2872; x_wconf 88' lang='lat' dir='ltr'><strong>eodem</strong></span> <span class='ocrx_word' id='word_1_399' title='bbox 809 2815 1019 2880; x_wconf 85' lang='lat' dir='ltr'><strong>concil.,</strong></span> <span class='ocrx_word' id='word_1_400' title='bbox 1046 2816 1311 2882; x_wconf 69' lang='lat' dir='ltr'><strong>praesente</strong></span> <span class='ocrx_word' id='word_1_401' title='bbox 1342 2810 1627 2880; x_wconf 84' lang='lat' dir='ltr'><strong>Arnolpho</strong></span> <span class='ocrx_word' id='word_1_402' title='bbox 1658 2825 1801 2878; x_wconf 84' lang='lat' dir='ltr'><strong>rege,</strong></span> <span class='ocrx_word' id='word_1_403' title='bbox 1825 2826 1945 2878; x_wconf 89' lang='lat' dir='ltr'><strong>cap.</strong></span> <span class='ocrx_word' id='word_1_404' title='bbox 1984 2810 2088 2878; x_wconf 84' lang='lat' dir='ltr'><strong>l6.)</strong></span> <span class='ocrx_word' id='word_1_405' title='bbox 2211 2815 2420 2877; x_wconf 89' lang='lat' dir='ltr'><strong>sumat,</strong></span> <span class='ocrx_word' id='word_1_406' title='bbox 2451 2827 2554 2865; x_wconf 92' lang='lat' dir='ltr'><strong>nec</strong></span> <span class='ocrx_word' id='word_1_407' title='bbox 2584 2812 2889 2882; x_wconf 89' lang='lat' dir='ltr'><strong>quisquam</strong></span> <span class='ocrx_word' id='word_1_408' title='bbox 2910 2811 3072 2865; x_wconf 90' lang='lat' dir='ltr'><strong>illum</strong></span> <span class='ocrx_word' id='word_1_409' title='bbox 3104 2811 3184 2866; x_wconf 89' lang='lat' dir='ltr'><strong>ibi</strong></span> <span class='ocrx_word' id='word_1_410' title='bbox 3213 2811 3501 2882; x_wconf 82' lang='lat' dir='ltr'><strong>suscipere</strong></span> <span class='ocrx_word' id='word_1_411' title='bbox 3534 2811 3750 2867; x_wconf 85' lang='lat' dir='ltr'><strong>audeat.</strong></span> 
     </span>
    </p>
   </div>
   <div class='ocr_carea' id='block_1_58' title="bbox 397 2897 2090 2968">
    <p class='ocr_par' dir='ltr' id='par_1_58' title="bbox 397 2897 2090 2968">
     <span class='ocr_line' id='line_1_59' title="bbox 397 2897 2090 2968; baseline -0.006 -7"><span class='ocrx_word' id='word_1_412' title='bbox 397 2905 645 2961; x_wconf 90' lang='lat' dir='ltr'><strong>Clericus</strong></span> <span class='ocrx_word' id='word_1_413' title='bbox 704 2902 752 2955; x_wconf 89' lang='lat' dir='ltr'><strong>si</strong></span> <span class='ocrx_word' id='word_1_414' title='bbox 801 2907 1040 2955; x_wconf 86' lang='lat' dir='ltr'><strong>tonsura</strong></span> <span class='ocrx_word' id='word_1_415' title='bbox 1095 2899 1329 2954; x_wconf 89' lang='lat' dir='ltr'><strong>dimissa</strong></span> <span class='ocrx_word' id='word_1_416' title='bbox 1379 2913 1614 2952; x_wconf 82' lang='lat' dir='ltr'><strong>uxorem</strong></span> <span class='ocrx_word' id='word_1_417' title='bbox 1659 2897 1957 2966; x_wconf 89' lang='lat' dir='ltr'><strong>acceperit,</strong></span> <span class='ocrx_word' id='word_1_418' title='bbox 1993 2898 2090 2968; x_wconf 92' lang='lat' dir='ltr'><strong>qui</strong></span> 
     </span>
    </p>
   </div>
   <div class='ocr_carea' id='block_1_59' title="bbox 397 2985 2092 3065">
    <p class='ocr_par' dir='ltr' id='par_1_59' title="bbox 397 2985 2092 3065">
     <span class='ocr_line' id='line_1_60' title="bbox 397 2985 2092 3065; baseline -0.004 -18"><span class='ocrx_word' id='word_1_419' title='bbox 397 2994 630 3065; x_wconf 88' lang='lat' dir='ltr'><strong>quidem</strong></span> <span class='ocrx_word' id='word_1_420' title='bbox 657 2991 726 3045; x_wconf 91' lang='lat' dir='ltr'><strong>sit</strong></span> <span class='ocrx_word' id='word_1_421' title='bbox 756 2990 876 3044; x_wconf 90' lang='lat' dir='ltr'><strong>sine</strong></span> <span class='ocrx_word' id='word_1_422' title='bbox 907 2989 1087 3060; x_wconf 89' lang='lat' dir='ltr'><strong>gradu</strong></span> <span class='ocrx_word' id='word_1_423' title='bbox 1121 3004 1223 3042; x_wconf 91' lang='lat' dir='ltr'><strong>nec</strong></span> <span class='ocrx_word' id='word_1_424' title='bbox 1252 2988 1317 3041; x_wconf 90' lang='lat' dir='ltr'><strong>ad</strong></span> <span class='ocrx_word' id='word_1_425' title='bbox 1351 2985 1763 3040; x_wconf 86' lang='lat' dir='ltr'><strong>monasterium</strong></span> <span class='ocrx_word' id='word_1_426' title='bbox 1799 2986 2030 3056; x_wconf 86' lang='lat' dir='ltr'><strong>aliquod</strong></span> <span class='ocrx_word' id='word_1_427' title='bbox 2059 3003 2092 3040; x_wconf 88' lang='lat' dir='ltr'><strong>a</strong></span> 
     </span>
    </p>
   </div>
   <div class='ocr_carea' id='block_1_60' title="bbox 393 3075 2095 3153">
    <p class='ocr_par' dir='ltr' id='par_1_60' title="bbox 393 3075 2095 3153">
     <span class='ocr_line' id='line_1_61' title="bbox 393 3075 2095 3153; baseline -0.004 -18"><span class='ocrx_word' id='word_1_428' title='bbox 393 3081 730 3153; x_wconf 89' lang='lat' dir='ltr'><strong>parentibus</strong></span> <span class='ocrx_word' id='word_1_429' title='bbox 784 3077 1050 3143; x_wconf 89' lang='lat' dir='ltr'><strong>traditus,</strong></span> <span class='ocrx_word' id='word_1_430' title='bbox 1091 3076 1138 3130; x_wconf 90' lang='lat' dir='ltr'><strong>si</strong></span> <span class='ocrx_word' id='word_1_431' title='bbox 1189 3092 1420 3130; x_wconf 85' lang='lat' dir='ltr'><strong>uxorem</strong></span> <span class='ocrx_word' id='word_1_432' title='bbox 1461 3075 1670 3129; x_wconf 85' lang='lat' dir='ltr'><strong>habere</strong></span> <span class='ocrx_word' id='word_1_433' title='bbox 1719 3075 2095 3146; x_wconf 87' lang='lat' dir='ltr'><strong>permittitur,</strong></span> 
     </span>
    </p>
   </div>
   <div class='ocr_carea' id='block_1_61' title="bbox 394 3164 2093 3235">
    <p class='ocr_par' dir='ltr' id='par_1_61' title="bbox 394 3164 2093 3235">
     <span class='ocr_line' id='line_1_62' title="bbox 394 3164 2093 3235; baseline -0.004 -11"><span class='ocrx_word' id='word_1_434' title='bbox 394 3172 605 3225; x_wconf 90' lang='lat' dir='ltr'><strong>iterum</strong></span> <span class='ocrx_word' id='word_1_435' title='bbox 654 3166 879 3222; x_wconf 89' lang='lat' dir='ltr'><strong>tonderi</strong></span> <span class='ocrx_word' id='word_1_436' title='bbox 913 3169 1168 3235; x_wconf 83' lang='lat' dir='ltr'><strong>cogatur,</strong></span> <span class='ocrx_word' id='word_1_437' title='bbox 1228 3180 1330 3217; x_wconf 91' lang='lat' dir='ltr'><strong>nec</strong></span> <span class='ocrx_word' id='word_1_438' title='bbox 1375 3165 1436 3217; x_wconf 89' lang='lat' dir='ltr'><strong>in</strong></span> <span class='ocrx_word' id='word_1_439' title='bbox 1475 3164 1590 3218; x_wconf 84' lang='lat' dir='ltr'><strong>vita</strong></span> <span class='ocrx_word' id='word_1_440' title='bbox 1645 3180 1744 3217; x_wconf 89' lang='lat' dir='ltr'><strong>sua</strong></span> <span class='ocrx_word' id='word_1_441' title='bbox 1800 3168 2093 3218; x_wconf 90' lang='lat' dir='ltr'><strong>tonsuram</strong></span> 
     </span>
    </p>
   </div>
   <div class='ocr_carea' id='block_1_62' title="bbox 396 3252 3869 3328">
    <p class='ocr_par' dir='ltr' id='par_1_62' title="bbox 396 3252 3869 3328">
     <span class='ocr_line' id='line_1_63' title="bbox 396 3252 3869 3328; baseline -0.002 -15"><span class='ocrx_word' id='word_1_442' title='bbox 396 3259 689 3328; x_wconf 84' lang='lat' dir='ltr'><strong>negligere</strong></span> <span class='ocrx_word' id='word_1_443' title='bbox 711 3254 936 3309; x_wconf 89' lang='lat' dir='ltr'><strong>audeat.</strong></span> <span class='ocrx_word' id='word_1_444' title='bbox 979 3253 1156 3316; x_wconf 86' lang='lat' dir='ltr'><strong>Quem</strong></span> <span class='ocrx_word' id='word_1_445' title='bbox 1190 3255 1381 3306; x_wconf 90' lang='lat' dir='ltr'><strong>autem</strong></span> <span class='ocrx_word' id='word_1_446' title='bbox 1421 3252 1819 3321; x_wconf 89' lang='lat' dir='ltr'><strong>progenitores</strong></span> <span class='ocrx_word' id='word_1_447' title='bbox 1853 3253 1922 3306; x_wconf 92' lang='lat' dir='ltr'><strong>ad</strong></span> <span class='ocrx_word' id='word_1_448' title='bbox 1971 3268 2092 3307; x_wconf 88' lang='lat' dir='ltr'><strong>mo-</strong></span> <span class='ocrx_word' id='word_1_449' title='bbox 2207 3253 2424 3325; x_wconf 90' lang='lat' dir='ltr'><strong>aliquas</strong></span> <span class='ocrx_word' id='word_1_450' title='bbox 2469 3253 2684 3308; x_wconf 87' lang='lat' dir='ltr'><strong>ibidem</strong></span> <span class='ocrx_word' id='word_1_451' title='bbox 2743 3258 3016 3325; x_wconf 88' lang='lat' dir='ltr'><strong>spectare,</strong></span> <span class='ocrx_word' id='word_1_452' title='bbox 3080 3253 3262 3307; x_wconf 89' lang='lat' dir='ltr'><strong>tribus</strong></span> <span class='ocrx_word' id='word_1_453' title='bbox 3329 3252 3628 3307; x_wconf 88' lang='lat' dir='ltr'><strong>mensibus</strong></span> <span class='ocrx_word' id='word_1_454' title='bbox 3683 3253 3737 3306; x_wconf 93' lang='lat' dir='ltr'><strong>in</strong></span> <span class='ocrx_word' id='word_1_455' title='bbox 3781 3254 3869 3306; x_wconf 87' lang='lat' dir='ltr'><strong>alio</strong></span> 
     </span>
    </p>
   </div>
   <div class='ocr_carea' id='block_1_63' title="bbox 397 3339 3869 3413">
    <p class='ocr_par' dir='ltr' id='par_1_63' title="bbox 397 3339 3869 3413">
     <span class='ocr_line' id='line_1_64' title="bbox 397 3339 3869 3413; baseline -0.002 -12"><span class='ocrx_word' id='word_1_456' title='bbox 397 3345 715 3400; x_wconf 90' lang='lat' dir='ltr'><strong>nasterium</strong></span> <span class='ocrx_word' id='word_1_457' title='bbox 754 3341 1134 3407; x_wconf 88' lang='lat' dir='ltr'><strong>tradiderunt,</strong></span> <span class='ocrx_word' id='word_1_458' title='bbox 1167 3345 1225 3395; x_wconf 86' lang='lat' dir='ltr'><strong>et</strong></span> <span class='ocrx_word' id='word_1_459' title='bbox 1264 3340 1322 3392; x_wconf 90' lang='lat' dir='ltr'><strong>in</strong></span> <span class='ocrx_word' id='word_1_460' title='bbox 1365 3340 1612 3393; x_wconf 88' lang='lat' dir='ltr'><strong>Ecclesia</strong></span> <span class='ocrx_word' id='word_1_461' title='bbox 1639 3339 1813 3410; x_wconf 77' lang='lat' dir='ltr'><strong>coepit</strong></span> <span class='ocrx_word' id='word_1_462' title='bbox 1843 3347 2092 3409; x_wconf 90' lang='lat' dir='ltr'><strong>cantare,</strong></span> <span class='ocrx_word' id='word_1_463' title='bbox 2205 3342 2552 3398; x_wconf 89' lang='lat' dir='ltr'><strong>monasterio</strong></span> <span class='ocrx_word' id='word_1_464' title='bbox 2579 3343 2926 3409; x_wconf 87' lang='lat' dir='ltr'><strong>retrudatur,</strong></span> <span class='ocrx_word' id='word_1_465' title='bbox 2959 3357 3104 3413; x_wconf 90' lang='lat' dir='ltr'><strong>pane</strong></span> <span class='ocrx_word' id='word_1_466' title='bbox 3135 3346 3191 3394; x_wconf 89' lang='lat' dir='ltr'><strong>et</strong></span> <span class='ocrx_word' id='word_1_467' title='bbox 3228 3357 3375 3412; x_wconf 89' lang='lat' dir='ltr'><strong>aqua</strong></span> <span class='ocrx_word' id='word_1_468' title='bbox 3401 3345 3632 3396; x_wconf 91' lang='lat' dir='ltr'><strong>tantum</strong></span> <span class='ocrx_word' id='word_1_469' title='bbox 3666 3346 3869 3395; x_wconf 89' lang='lat' dir='ltr'><strong>conten-</strong></span> 
     </span>
    </p>
   </div>
   <div class='ocr_carea' id='block_1_64' title="bbox 396 3428 2316 3506">
    <p class='ocr_par' dir='ltr' id='par_1_64' title="bbox 396 3428 2316 3506">
     <span class='ocr_line' id='line_1_65' title="bbox 396 3428 2316 3506; baseline -0.003 -16"><span class='ocrx_word' id='word_1_470' title='bbox 396 3441 454 3490; x_wconf 85' lang='lat' dir='ltr'><strong>et</strong></span> <span class='ocrx_word' id='word_1_471' title='bbox 481 3435 692 3506; x_wconf 86' lang='lat' dir='ltr'><strong>legere,</strong></span> <span class='ocrx_word' id='word_1_472' title='bbox 725 3447 830 3486; x_wconf 92' lang='lat' dir='ltr'><strong>nec</strong></span> <span class='ocrx_word' id='word_1_473' title='bbox 866 3445 1105 3486; x_wconf 81' lang='lat' dir='ltr'><strong>uxorem</strong></span> <span class='ocrx_word' id='word_1_474' title='bbox 1136 3429 1363 3495; x_wconf 89' lang='lat' dir='ltr'><strong>ducere,</strong></span> <span class='ocrx_word' id='word_1_475' title='bbox 1414 3444 1518 3483; x_wconf 91' lang='lat' dir='ltr'><strong>nec</strong></span> <span class='ocrx_word' id='word_1_476' title='bbox 1544 3428 1957 3484; x_wconf 88' lang='lat' dir='ltr'><strong>monasterium</strong></span> <span class='ocrx_word' id='word_1_477' title='bbox 2003 3430 2097 3484; x_wconf 88' lang='lat' dir='ltr'><strong>de-</strong></span> <span class='ocrx_word' id='word_1_478' title='bbox 2205 3436 2316 3486; x_wconf 91' lang='lat' dir='ltr'><strong>tus.</strong></span> 
     </span>
    </p>
   </div>
   <div class='ocr_carea' id='block_1_65' title="bbox 1803 3533 2496 3574">
    <p class='ocr_par' dir='ltr' id='par_1_65' title="bbox 1803 3533 2496 3574">
     <span class='ocr_line' id='line_1_66' title="bbox 1803 3533 2496 3574; baseline 0.004 -3"><span class='ocrx_word' id='word_1_479' title='bbox 1803 3533 1979 3574; x_wconf 78' lang='lat' dir='ltr'><strong>FINIS</strong></span> <span class='ocrx_word' id='word_1_480' title='bbox 2024 3535 2200 3574; x_wconf 79' lang='lat' dir='ltr'><strong>LIBRI</strong></span> <span class='ocrx_word' id='word_1_481' title='bbox 2239 3535 2496 3574; x_wconf 66' lang='lat' dir='ltr'><strong>OCTAVI.</strong></span> 
     </span>
    </p>
   </div>
   <div class='ocr_carea' id='block_1_66' title="bbox 2204 2917 3867 2987">
    <p class='ocr_par' dir='ltr' id='par_1_66' title="bbox 2204 2917 3867 2987">
     <span class='ocr_line' id='line_1_67' title="bbox 2204 2917 3867 2987; baseline -0.002 -15"><span class='ocrx_word' id='word_1_482' title='bbox 2204 2918 2330 2972; x_wconf 78' lang='lat' dir='ltr'><strong>CAP.</strong></span> <span class='ocrx_word' id='word_1_483' title='bbox 2367 2917 2451 2971; x_wconf 85' lang='lat' dir='ltr'><strong>Cl.</strong></span> <span class='ocrx_word' id='word_1_484' title='bbox 2486 2947 2554 2959; x_wconf 97' lang='lat'><strong>—</strong></span> <span class='ocrx_word' id='word_1_485' title='bbox 2583 2921 2655 2971; x_wconf 93' lang='lat' dir='ltr'><strong>De</strong></span> <span class='ocrx_word' id='word_1_486' title='bbox 2685 2917 2877 2971; x_wconf 89' lang='lat' dir='ltr'><strong>abbate</strong></span> <span class='ocrx_word' id='word_1_487' title='bbox 2909 2920 3006 2987; x_wconf 81' lang='lat' dir='ltr'><strong>qui</strong></span> <span class='ocrx_word' id='word_1_488' title='bbox 3049 2919 3283 2982; x_wconf 80' lang='lat' dir='ltr'><strong>feminas</strong></span> <span class='ocrx_word' id='word_1_489' title='bbox 3326 2921 3384 2970; x_wconf 89' lang='lat' dir='ltr'><strong>in</strong></span> <span class='ocrx_word' id='word_1_490' title='bbox 3428 2918 3753 2972; x_wconf 83' lang='lat' dir='ltr'><strong>monasterio</strong></span> <span class='ocrx_word' id='word_1_491' title='bbox 3793 2930 3867 2969; x_wconf 85' lang='lat' dir='ltr'><strong>suo</strong></span> 
     </span>
    </p>
   </div>
   <div class='ocr_carea' id='block_1_67' title="bbox 2565 2989 3536 3058">
    <p class='ocr_par' dir='ltr' id='par_1_67' title="bbox 2565 2989 3536 3058">
     <span class='ocr_line' id='line_1_68' title="bbox 2565 2989 3536 3058; baseline -0.001 -16"><span class='ocrx_word' id='word_1_492' title='bbox 2565 2991 2888 3055; x_wconf 79' lang='lat' dir='ltr'><strong>festivitates</strong></span> <span class='ocrx_word' id='word_1_493' title='bbox 2921 2989 3184 3043; x_wconf 85' lang='lat' dir='ltr'><strong>celebrare</strong></span> <span class='ocrx_word' id='word_1_494' title='bbox 3205 2991 3536 3058; x_wconf 79' lang='lat' dir='ltr'><strong>permiserit.</strong></span> 
     </span>
    </p>
   </div>
   <div class='ocr_carea' id='block_1_68' title="bbox 2280 3077 3869 3149">
    <p class='ocr_par' dir='ltr' id='par_1_68' title="bbox 2280 3077 3869 3149">
     <span class='ocr_line' id='line_1_69' title="bbox 2280 3077 3869 3149; baseline -0.001 -17"><span class='ocrx_word' id='word_1_495' title='bbox 2280 3077 2391 3146; x_wconf 80' lang='lat' dir='ltr'><strong>(Ea:</strong></span> <span class='ocrx_word' id='word_1_496' title='bbox 2431 3078 2652 3132; x_wconf 77' lang='lat' dir='ltr'><strong>concilio</strong></span> <span class='ocrx_word' id='word_1_497' title='bbox 2686 3077 2930 3149; x_wconf 80' lang='lat' dir='ltr'><strong>Urbice.)</strong></span> <span class='ocrx_word' id='word_1_498' title='bbox 2959 3077 3015 3131; x_wconf 92' lang='lat' dir='ltr'><strong>Si</strong></span> <span class='ocrx_word' id='word_1_499' title='bbox 3067 3078 3240 3131; x_wconf 88' lang='lat' dir='ltr'><strong>abbas</strong></span> <span class='ocrx_word' id='word_1_500' title='bbox 3270 3078 3574 3131; x_wconf 90' lang='lat' dir='ltr'><strong>mulierem</strong></span> <span class='ocrx_word' id='word_1_501' title='bbox 3623 3077 3678 3131; x_wconf 91' lang='lat' dir='ltr'><strong>in</strong></span> <span class='ocrx_word' id='word_1_502' title='bbox 3709 3092 3869 3130; x_wconf 79' lang='lat' dir='ltr'><strong>mona-</strong></span> 
     </span>
    </p>
   </div>
   <div class='ocr_carea' id='block_1_69' title="bbox 2206 3163 3870 3235">
    <p class='ocr_par' dir='ltr' id='par_1_69' title="bbox 2206 3163 3870 3235">
     <span class='ocr_line' id='line_1_70' title="bbox 2206 3163 3870 3235; baseline -0.001 -18"><span class='ocrx_word' id='word_1_503' title='bbox 2206 3165 2443 3219; x_wconf 86' lang='lat' dir='ltr'><strong>sterium</strong></span> <span class='ocrx_word' id='word_1_504' title='bbox 2504 3181 2670 3218; x_wconf 88' lang='lat' dir='ltr'><strong>suum</strong></span> <span class='ocrx_word' id='word_1_505' title='bbox 2726 3164 2950 3234; x_wconf 89' lang='lat' dir='ltr'><strong>ingredi</strong></span> <span class='ocrx_word' id='word_1_506' title='bbox 3006 3163 3349 3235; x_wconf 89' lang='lat' dir='ltr'><strong>permiserit,</strong></span> <span class='ocrx_word' id='word_1_507' title='bbox 3412 3169 3513 3217; x_wconf 84' lang='lat' dir='ltr'><strong>aut</strong></span> <span class='ocrx_word' id='word_1_508' title='bbox 3570 3164 3870 3219; x_wconf 83' lang='lat' dir='ltr'><strong>festivitates</strong></span> 
     </span>
    </p>
   </div>
   <div class='ocr_carea' id='block_1_70' title="bbox 1284 3707 3015 3784">
    <p class='ocr_par' dir='ltr' id='par_1_70' title="bbox 1284 3707 3015 3784">
     <span class='ocr_line' id='line_1_71' title="bbox 1284 3707 3015 3784; baseline 0.002 -4"><span class='ocrx_word' id='word_1_509' title='bbox 1284 3707 1581 3781; x_wconf 88' lang='lat' dir='ltr'><strong>INDEX</strong></span> <span class='ocrx_word' id='word_1_510' title='bbox 1654 3707 2345 3782; x_wconf 80' lang='lat' dir='ltr'><strong>CAPITULORUM</strong></span> <span class='ocrx_word' id='word_1_511' title='bbox 2423 3709 2676 3782; x_wconf 81' lang='lat' dir='ltr'>LIBRI</span> <span class='ocrx_word' id='word_1_512' title='bbox 2755 3709 3015 3784; x_wconf 86' lang='grc' dir='ltr'><strong>ΝΟΝῘ.</strong></span> 
     </span>
    </p>
   </div>
   <div class='ocr_carea' id='block_1_71' title="bbox 397 3843 3478 3914">
    <p class='ocr_par' dir='ltr' id='par_1_71' title="bbox 397 3843 3478 3914">
     <span class='ocr_line' id='line_1_72' title="bbox 397 3843 3478 3914; baseline -0.002 -7"><span class='ocrx_word' id='word_1_513' title='bbox 397 3853 523 3908; x_wconf 69' lang='lat' dir='ltr'><strong>Cap.</strong></span> <span class='ocrx_word' id='word_1_514' title='bbox 554 3851 596 3906; x_wconf 89' lang='grc' dir='ltr'><strong>Ι.</strong></span> <span class='ocrx_word' id='word_1_515' title='bbox 629 3849 793 3914; x_wconf 86' lang='lat' dir='ltr'><strong>Quod</strong></span> <span class='ocrx_word' id='word_1_516' title='bbox 839 3847 995 3903; x_wconf 91' lang='lat' dir='ltr'><strong>aliud</strong></span> <span class='ocrx_word' id='word_1_517' title='bbox 1019 3846 1092 3901; x_wconf 88' lang='lat' dir='ltr'><strong>sit</strong></span> <span class='ocrx_word' id='word_1_518' title='bbox 1147 3861 1306 3911; x_wconf 86' lang='lat' dir='ltr'><strong>uxor,</strong></span> <span class='ocrx_word' id='word_1_519' title='bbox 1357 3845 1512 3900; x_wconf 88' lang='lat' dir='ltr'><strong>aliud</strong></span> <span class='ocrx_word' id='word_1_520' title='bbox 1567 3843 1903 3912; x_wconf 88' lang='lat' dir='ltr'><strong>concubina,</strong></span> <span class='ocrx_word' id='word_1_521' title='bbox 1981 3860 2081 3899; x_wconf 91' lang='lat' dir='ltr'><strong>nec</strong></span> <span class='ocrx_word' id='word_1_522' title='bbox 2201 3849 2282 3900; x_wconf 76' lang='grc'><strong>15.</strong></span> <span class='ocrx_word' id='word_1_523' title='bbox 2318 3847 2476 3910; x_wconf 90' lang='lat' dir='ltr'><strong>Quod</strong></span> <span class='ocrx_word' id='word_1_524' title='bbox 2512 3846 2653 3900; x_wconf 90' lang='lat' dir='ltr'><strong>nulli</strong></span> <span class='ocrx_word' id='word_1_525' title='bbox 2685 3845 2850 3900; x_wconf 91' lang='lat' dir='ltr'><strong>liceat</strong></span> <span class='ocrx_word' id='word_1_526' title='bbox 2868 3848 3217 3903; x_wconf 88' lang='lat' dir='ltr'><strong>concubinas</strong></span> <span class='ocrx_word' id='word_1_527' title='bbox 3246 3848 3478 3904; x_wconf 87' lang='lat' dir='ltr'><strong>habere.</strong></span> 
     </span>
    </p>
   </div>
   <div class='ocr_carea' id='block_1_72' title="bbox 469 3933 2082 4010">
    <p class='ocr_par' dir='ltr' id='par_1_72' title="bbox 469 3933 2082 4010">
     <span class='ocr_line' id='line_1_73' title="bbox 469 3933 2082 4010; baseline -0.004 -17"><span class='ocrx_word' id='word_1_528' title='bbox 469 3943 623 3995; x_wconf 87' lang='lat' dir='ltr'><strong>erret</strong></span> <span class='ocrx_word' id='word_1_529' title='bbox 651 3937 912 4010; x_wconf 87' lang='lat' dir='ltr'><strong>quisquis</strong></span> <span class='ocrx_word' id='word_1_530' title='bbox 954 3936 1132 3990; x_wconf 80' lang='lat' dir='ltr'><strong>filiam</strong></span> <span class='ocrx_word' id='word_1_531' title='bbox 1179 3950 1342 3988; x_wconf 89' lang='lat' dir='ltr'><strong>suam</strong></span> <span class='ocrx_word' id='word_1_532' title='bbox 1371 3934 1431 3988; x_wconf 89' lang='lat' dir='ltr'><strong>in</strong></span> <span class='ocrx_word' id='word_1_533' title='bbox 1471 3933 1905 3988; x_wconf 88' lang='lat' dir='ltr'><strong>matrimonium</strong></span> <span class='ocrx_word' id='word_1_534' title='bbox 1950 3948 2082 3988; x_wconf 86' lang='lat' dir='ltr'><strong>con-</strong></span> 
     </span>
    </p>
   </div>
   <div class='ocr_carea' id='block_1_73' title="bbox 468 4023 1342 4083">
    <p class='ocr_par' dir='ltr' id='par_1_73' title="bbox 468 4023 1342 4083">
     <span class='ocr_line' id='line_1_74' title="bbox 468 4023 1342 4083; baseline -0.006 -2"><span class='ocrx_word' id='word_1_535' title='bbox 468 4028 734 4083; x_wconf 90' lang='lat' dir='ltr'><strong>cubiuam</strong></span> <span class='ocrx_word' id='word_1_536' title='bbox 765 4024 1002 4080; x_wconf 89' lang='lat' dir='ltr'><strong>habenti</strong></span> <span class='ocrx_word' id='word_1_537' title='bbox 1021 4023 1342 4078; x_wconf 89' lang='lat' dir='ltr'><strong>tradiderit.</strong></span> 
     </span>
    </p>
   </div>
   <div class='ocr_carea' id='block_1_74' title="bbox 396 4110 1519 4183">
    <p class='ocr_par' dir='ltr' id='par_1_74' title="bbox 396 4110 1519 4183">
     <span class='ocr_line' id='line_1_75' title="bbox 396 4110 1519 4183; baseline -0.007 -11"><span class='ocrx_word' id='word_1_538' title='bbox 396 4121 448 4172; x_wconf 97' lang='lat'><strong>2.</strong></span> <span class='ocrx_word' id='word_1_539' title='bbox 475 4116 666 4179; x_wconf 90' lang='lat' dir='ltr'><strong>Qualis</strong></span> <span class='ocrx_word' id='word_1_540' title='bbox 690 4131 834 4170; x_wconf 86' lang='lat' dir='ltr'><strong>uxor</strong></span> <span class='ocrx_word' id='word_1_541' title='bbox 859 4112 1115 4183; x_wconf 88' lang='lat' dir='ltr'><strong>legitima</strong></span> <span class='ocrx_word' id='word_1_542' title='bbox 1150 4127 1268 4165; x_wconf 90' lang='lat' dir='ltr'><strong>esse</strong></span> <span class='ocrx_word' id='word_1_543' title='bbox 1297 4110 1519 4166; x_wconf 89' lang='lat' dir='ltr'><strong>debeat.</strong></span> 
     </span>
    </p>
   </div>
   <div class='ocr_carea' id='block_1_75' title="bbox 398 4197 1553 4270">
    <p class='ocr_par' dir='ltr' id='par_1_75' title="bbox 398 4197 1553 4270">
     <span class='ocr_line' id='line_1_76' title="bbox 398 4197 1553 4270; baseline -0.01 -9"><span class='ocrx_word' id='word_1_544' title='bbox 398 4212 444 4261; x_wconf 85' lang='lat'><strong>3.</strong></span> <span class='ocrx_word' id='word_1_545' title='bbox 478 4205 758 4260; x_wconf 83' lang='lat' dir='ltr'><strong>Utnullus</strong></span> <span class='ocrx_word' id='word_1_546' title='bbox 786 4202 1002 4256; x_wconf 86' lang='lat' dir='ltr'><strong>occulte</strong></span> <span class='ocrx_word' id='word_1_547' title='bbox 1031 4199 1259 4270; x_wconf 86' lang='lat' dir='ltr'><strong>nuptias</strong></span> <span class='ocrx_word' id='word_1_548' title='bbox 1289 4197 1553 4253; x_wconf 84' lang='lat' dir='ltr'><strong>celebret.</strong></span> 
     </span>
    </p>
   </div>
   <div class='ocr_carea' id='block_1_76' title="bbox 394 4284 1679 4361">
    <p class='ocr_par' dir='ltr' id='par_1_76' title="bbox 394 4284 1679 4361">
     <span class='ocr_line' id='line_1_77' title="bbox 394 4284 1679 4361; baseline -0.007 -12"><span class='ocrx_word' id='word_1_549' title='bbox 394 4296 446 4349; x_wconf 80' lang='grc'><strong>4.</strong></span> <span class='ocrx_word' id='word_1_550' title='bbox 482 4295 603 4359; x_wconf 91' lang='lat' dir='ltr'><strong>Quo</strong></span> <span class='ocrx_word' id='word_1_551' title='bbox 627 4298 884 4361; x_wconf 89' lang='lat' dir='ltr'><strong>tempore</strong></span> <span class='ocrx_word' id='word_1_552' title='bbox 917 4288 1133 4359; x_wconf 72' lang='lat' dir='ltr'><strong>nuptiae</strong></span> <span class='ocrx_word' id='word_1_553' title='bbox 1164 4286 1514 4342; x_wconf 73' lang='lat' dir='ltr'><strong>celebrandae</strong></span> <span class='ocrx_word' id='word_1_554' title='bbox 1546 4284 1679 4340; x_wconf 87' lang='lat' dir='ltr'><strong>sint.</strong></span> 
     </span>
    </p>
   </div>
   <div class='ocr_carea' id='block_1_77' title="bbox 397 4375 2089 4446">
    <p class='ocr_par' dir='ltr' id='par_1_77' title="bbox 397 4375 2089 4446">
     <span class='ocr_line' id='line_1_78' title="bbox 397 4375 2089 4446; baseline -0.006 -8"><span class='ocrx_word' id='word_1_555' title='bbox 397 4387 449 4438; x_wconf 79' lang='lat'><strong>5.</strong></span> <span class='ocrx_word' id='word_1_556' title='bbox 491 4382 758 4446; x_wconf 55' lang='lat' dir='ltr'><strong>&quot;Qualiter</strong></span> <span class='ocrx_word' id='word_1_557' title='bbox 811 4377 1225 4434; x_wconf 87' lang='lat' dir='ltr'><strong>benedicantur</strong></span> <span class='ocrx_word' id='word_1_558' title='bbox 1304 4393 1337 4431; x_wconf 90' lang='lat' dir='ltr'><strong>a</strong></span> <span class='ocrx_word' id='word_1_559' title='bbox 1391 4375 1678 4429; x_wconf 88' lang='lat' dir='ltr'><strong>sacerdote</strong></span> <span class='ocrx_word' id='word_1_560' title='bbox 1737 4388 1980 4445; x_wconf 89' lang='lat' dir='ltr'><strong>sponsus</strong></span> <span class='ocrx_word' id='word_1_561' title='bbox 2032 4377 2089 4428; x_wconf 87' lang='lat' dir='ltr'><strong>et</strong></span> 
     </span>
    </p>
   </div>
   <div class='ocr_carea' id='block_1_78' title="bbox 575 4487 695 4524">
    <p class='ocr_par' dir='ltr' id='par_1_78' title="bbox 575 4487 695 4524">
     <span class='ocr_line' id='line_1_79' title="bbox 575 4487 695 4524; baseline 0 0"><span class='ocrx_word' id='word_1_562' title='bbox 575 4487 695 4524; x_wconf 67' lang='lat'><strong>{153.</strong></span> 
     </span>
    </p>
   </div>
   <div class='ocr_carea' id='block_1_79' title="bbox 396 4488 1626 4626">
    <p class='ocr_par' dir='ltr' id='par_1_79' title="bbox 396 4488 1626 4626">
     <span class='ocr_line' id='line_1_80' title="bbox 575 4488 695 4524; baseline 0 0"><span class='ocrx_word' id='word_1_563' title='bbox 575 4488 695 4524; x_wconf 91' lang='lat' dir='ltr'><strong>usa.</strong></span> 
     </span>
     <span class='ocr_line' id='line_1_81' title="bbox 396 4488 1626 4626; baseline -0.01 -10"><span class='ocrx_word' id='word_1_564' title='bbox 396 4565 447 4616; x_wconf 89' lang='lat'><strong>6.</strong></span> <span class='ocrx_word' id='word_1_565' title='bbox 467 4488 801 4620; x_wconf 50' lang='lat' dir='ltr'><strong>Tifnullum</strong></span> <span class='ocrx_word' id='word_1_566' title='bbox 833 4553 1168 4626; x_wconf 89' lang='lat' dir='ltr'><strong>conjugium</strong></span> <span class='ocrx_word' id='word_1_567' title='bbox 1201 4551 1322 4606; x_wconf 88' lang='lat' dir='ltr'><strong>sine</strong></span> <span class='ocrx_word' id='word_1_568' title='bbox 1345 4551 1475 4606; x_wconf 89' lang='lat' dir='ltr'><strong>dote</strong></span> <span class='ocrx_word' id='word_1_569' title='bbox 1507 4550 1626 4604; x_wconf 83' lang='lat' dir='ltr'><strong>fiat.</strong></span> 
     </span>
    </p>
   </div>
   <div class='ocr_carea' id='block_1_80' title="bbox 392 4639 2087 4718">
    <p class='ocr_par' dir='ltr' id='par_1_80' title="bbox 392 4639 2087 4718">
     <span class='ocr_line' id='line_1_82' title="bbox 392 4639 2087 4718; baseline -0.008 -12"><span class='ocrx_word' id='word_1_570' title='bbox 392 4656 444 4706; x_wconf 90' lang='lat'><strong>7.</strong></span> <span class='ocrx_word' id='word_1_571' title='bbox 478 4651 546 4706; x_wconf 85' lang='lat' dir='ltr'><strong>Ut</strong></span> <span class='ocrx_word' id='word_1_572' title='bbox 595 4662 838 4718; x_wconf 88' lang='lat' dir='ltr'><strong>sponsus</strong></span> <span class='ocrx_word' id='word_1_573' title='bbox 869 4650 926 4698; x_wconf 86' lang='lat' dir='ltr'><strong>et</strong></span> <span class='ocrx_word' id='word_1_574' title='bbox 979 4659 1188 4715; x_wconf 90' lang='lat' dir='ltr'><strong>sponsa</strong></span> <span class='ocrx_word' id='word_1_575' title='bbox 1248 4647 1381 4696; x_wconf 87' lang='lat' dir='ltr'><strong>ante</strong></span> <span class='ocrx_word' id='word_1_576' title='bbox 1438 4639 1670 4710; x_wconf 88' lang='lat' dir='ltr'><strong>nuptias</strong></span> <span class='ocrx_word' id='word_1_577' title='bbox 1718 4655 1752 4693; x_wconf 87' lang='lat' dir='ltr'><strong>a</strong></span> <span class='ocrx_word' id='word_1_578' title='bbox 1795 4639 2087 4694; x_wconf 91' lang='lat' dir='ltr'><strong>sacerdote</strong></span> 
     </span>
    </p>
   </div>
   <div class='ocr_carea' id='block_1_81' title="bbox 463 4737 890 4793">
    <p class='ocr_par' dir='ltr' id='par_1_81' title="bbox 463 4737 890 4793">
     <span class='ocr_line' id='line_1_83' title="bbox 463 4737 890 4793; baseline -0.012 0"><span class='ocrx_word' id='word_1_579' title='bbox 463 4737 890 4793; x_wconf 87' lang='lat' dir='ltr'><strong>benedicantur.</strong></span> 
     </span>
    </p>
   </div>
   <div class='ocr_carea' id='block_1_82' title="bbox 393 4821 1092 4899">
    <p class='ocr_par' dir='ltr' id='par_1_82' title="bbox 393 4821 1092 4899">
     <span class='ocr_line' id='line_1_84' title="bbox 393 4821 1092 4899; baseline -0.013 -14"><span class='ocrx_word' id='word_1_580' title='bbox 393 4833 446 4885; x_wconf 86' lang='lat'><strong>8.</strong></span> <span class='ocrx_word' id='word_1_581' title='bbox 483 4831 558 4884; x_wconf 88' lang='lat' dir='ltr'><strong>De</strong></span> <span class='ocrx_word' id='word_1_582' title='bbox 583 4827 770 4899; x_wconf 89' lang='lat' dir='ltr'><strong>primo</strong></span> <span class='ocrx_word' id='word_1_583' title='bbox 803 4821 1092 4894; x_wconf 88' lang='lat' dir='ltr'><strong>conjugio.</strong></span> 
     </span>
    </p>
   </div>
   <div class='ocr_carea' id='block_1_83' title="bbox 391 4905 2085 4982">
    <p class='ocr_par' dir='ltr' id='par_1_83' title="bbox 391 4905 2085 4982">
     <span class='ocr_line' id='line_1_85' title="bbox 391 4905 2085 4982; baseline -0.008 -8"><span class='ocrx_word' id='word_1_584' title='bbox 391 4921 443 4973; x_wconf 87' lang='lat'><strong>9.</strong></span> <span class='ocrx_word' id='word_1_585' title='bbox 479 4917 642 4982; x_wconf 86' lang='lat' dir='ltr'><strong>Quod</strong></span> <span class='ocrx_word' id='word_1_586' title='bbox 699 4914 790 4970; x_wconf 87' lang='lat' dir='ltr'><strong>vir</strong></span> <span class='ocrx_word' id='word_1_587' title='bbox 819 4912 1001 4966; x_wconf 86' lang='lat' dir='ltr'><strong>ﬁdelis</strong></span> <span class='ocrx_word' id='word_1_588' title='bbox 1055 4927 1087 4963; x_wconf 92' lang='lat' dir='ltr'><strong>a</strong></span> <span class='ocrx_word' id='word_1_589' title='bbox 1123 4907 1362 4963; x_wconf 90' lang='lat' dir='ltr'><strong>muliere</strong></span> <span class='ocrx_word' id='word_1_590' title='bbox 1406 4905 1626 4962; x_wconf 80' lang='lat' dir='ltr'><strong>infideli</strong></span> <span class='ocrx_word' id='word_1_591' title='bbox 1685 4905 1934 4976; x_wconf 89' lang='lat' dir='ltr'><strong>separari</strong></span> <span class='ocrx_word' id='word_1_592' title='bbox 1970 4921 2085 4960; x_wconf 90' lang='lat' dir='ltr'><strong>non</strong></span> 
     </span>
    </p>
   </div>
   <div class='ocr_carea' id='block_1_84' title="bbox 537 5007 684 5057">
    <p class='ocr_par' dir='ltr' id='par_1_84' title="bbox 537 5007 684 5057">
     <span class='ocr_line' id='line_1_86' title="bbox 537 5007 684 5057; baseline -0.007 0"><span class='ocrx_word' id='word_1_593' title='bbox 537 5007 684 5057; x_wconf 83' lang='lat' dir='ltr'><strong>beat.</strong></span> 
     </span>
    </p>
   </div>
   <div class='ocr_carea' id='block_1_85' title="bbox 395 5007 1838 5155">
    <p class='ocr_par' dir='ltr' id='par_1_85' title="bbox 395 5007 1838 5155">
     <span class='ocr_line' id='line_1_87' title="bbox 537 5007 684 5057; baseline -0.007 0"><span class='ocrx_word' id='word_1_594' title='bbox 537 5007 684 5057; x_wconf 83' lang='lat' dir='ltr'><strong>beat.</strong></span> 
     </span>
     <span class='ocr_line' id='line_1_88' title="bbox 395 5007 1838 5155; baseline -0.009 -5"><span class='ocrx_word' id='word_1_595' title='bbox 395 5007 582 5150; x_wconf 43' lang='lat' dir='ltr'><strong>lOéeUt</strong></span> <span class='ocrx_word' id='word_1_596' title='bbox 610 5093 669 5145; x_wconf 90' lang='lat' dir='ltr'><strong>in</strong></span> <span class='ocrx_word' id='word_1_597' title='bbox 703 5087 1152 5146; x_wconf 89' lang='lat' dir='ltr'><strong>Christianorum</strong></span> <span class='ocrx_word' id='word_1_598' title='bbox 1181 5085 1397 5155; x_wconf 89' lang='lat' dir='ltr'><strong>nuptiis</strong></span> <span class='ocrx_word' id='word_1_599' title='bbox 1437 5099 1549 5137; x_wconf 89' lang='lat' dir='ltr'><strong>non</strong></span> <span class='ocrx_word' id='word_1_600' title='bbox 1583 5082 1838 5137; x_wconf 86' lang='lat' dir='ltr'><strong>saltetur.</strong></span> 
     </span>
    </p>
   </div>
   <div class='ocr_carea' id='block_1_86' title="bbox 394 5173 1661 5235">
    <p class='ocr_par' dir='ltr' id='par_1_86' title="bbox 394 5173 1661 5235">
     <span class='ocr_line' id='line_1_89' title="bbox 394 5173 1661 5235; baseline -0.008 -1"><span class='ocrx_word' id='word_1_601' title='bbox 394 5184 474 5235; x_wconf 92' lang='grc'><strong>11.</strong></span> <span class='ocrx_word' id='word_1_602' title='bbox 509 5182 577 5234; x_wconf 89' lang='lat' dir='ltr'><strong>Ut</strong></span> <span class='ocrx_word' id='word_1_603' title='bbox 607 5180 832 5232; x_wconf 83' lang='lat' dir='ltr'><strong>viduam</strong></span> <span class='ocrx_word' id='word_1_604' title='bbox 868 5192 1036 5230; x_wconf 87' lang='lat' dir='ltr'><strong>nemo</strong></span> <span class='ocrx_word' id='word_1_605' title='bbox 1068 5175 1288 5227; x_wconf 88' lang='lat' dir='ltr'><strong>furetur</strong></span> <span class='ocrx_word' id='word_1_606' title='bbox 1318 5173 1376 5225; x_wconf 89' lang='lat' dir='ltr'><strong>in</strong></span> <span class='ocrx_word' id='word_1_607' title='bbox 1406 5187 1661 5224; x_wconf 81' lang='lat' dir='ltr'><strong>uxorem.</strong></span> 
     </span>
    </p>
   </div>
   <div class='ocr_carea' id='block_1_87' title="bbox 391 5259 1732 5335">
    <p class='ocr_par' dir='ltr' id='par_1_87' title="bbox 391 5259 1732 5335">
     <span class='ocr_line' id='line_1_90' title="bbox 391 5259 1732 5335; baseline -0.009 -12"><span class='ocrx_word' id='word_1_608' title='bbox 391 5272 472 5323; x_wconf 87' lang='grc'><strong>12.</strong></span> <span class='ocrx_word' id='word_1_609' title='bbox 512 5269 580 5322; x_wconf 87' lang='lat' dir='ltr'><strong>Ut</strong></span> <span class='ocrx_word' id='word_1_610' title='bbox 606 5268 884 5335; x_wconf 71' lang='lat' dir='ltr'><strong>virginem</strong></span> <span class='ocrx_word' id='word_1_611' title='bbox 921 5279 1091 5317; x_wconf 81' lang='lat' dir='ltr'><strong>nemo</strong></span> <span class='ocrx_word' id='word_1_612' title='bbox 1123 5262 1344 5315; x_wconf 77' lang='lat' dir='ltr'><strong>furatur</strong></span> <span class='ocrx_word' id='word_1_613' title='bbox 1384 5259 1442 5312; x_wconf 92' lang='lat' dir='ltr'><strong>in</strong></span> <span class='ocrx_word' id='word_1_614' title='bbox 1477 5274 1732 5312; x_wconf 75' lang='lat' dir='ltr'><strong>uxorem.</strong></span> 
     </span>
    </p>
   </div>
   <div class='ocr_carea' id='block_1_88' title="bbox 391 5350 1626 5425">
    <p class='ocr_par' dir='ltr' id='par_1_88' title="bbox 391 5350 1626 5425">
     <span class='ocr_line' id='line_1_91' title="bbox 391 5350 1626 5425; baseline -0.011 -12"><span class='ocrx_word' id='word_1_615' title='bbox 391 5361 476 5413; x_wconf 86' lang='lat' dir='ltr'><strong>l3.</strong></span> <span class='ocrx_word' id='word_1_616' title='bbox 518 5359 592 5412; x_wconf 82' lang='lat' dir='ltr'><strong>De</strong></span> <span class='ocrx_word' id='word_1_617' title='bbox 621 5357 838 5425; x_wconf 69' lang='lat' dir='ltr'><strong>visgine</strong></span> <span class='ocrx_word' id='word_1_618' title='bbox 875 5358 954 5408; x_wconf 81' lang='lat' dir='ltr'><strong>vel</strong></span> <span class='ocrx_word' id='word_1_619' title='bbox 990 5355 1160 5406; x_wconf 81' lang='lat' dir='ltr'><strong>Vidua</strong></span> <span class='ocrx_word' id='word_1_620' title='bbox 1193 5350 1397 5404; x_wconf 86' lang='lat' dir='ltr'><strong>furata.</strong></span> <span class='ocrx_word' id='word_1_621' title='bbox 1619 5412 1626 5421; x_wconf 38' lang='lat'><em>.</em></span> 
     </span>
    </p>
   </div>
   <div class='ocr_carea' id='block_1_89' title="bbox 391 5433 2086 5513">
    <p class='ocr_par' dir='ltr' id='par_1_89' title="bbox 391 5433 2086 5513">
     <span class='ocr_line' id='line_1_92' title="bbox 391 5433 2086 5513; baseline -0.008 -12"><span class='ocrx_word' id='word_1_622' title='bbox 391 5446 475 5502; x_wconf 81' lang='grc'><strong>14.</strong></span> <span class='ocrx_word' id='word_1_623' title='bbox 514 5445 590 5499; x_wconf 91' lang='lat' dir='ltr'><strong>De</strong></span> <span class='ocrx_word' id='word_1_624' title='bbox 616 5442 930 5513; x_wconf 83' lang='lat' dir='ltr'><strong>virginibus</strong></span> <span class='ocrx_word' id='word_1_625' title='bbox 961 5456 1090 5511; x_wconf 81' lang='lat' dir='ltr'><strong>quae</strong></span> <span class='ocrx_word' id='word_1_626' title='bbox 1117 5437 1505 5510; x_wconf 86' lang='lat' dir='ltr'><strong>virginitatem</strong></span> <span class='ocrx_word' id='word_1_627' title='bbox 1547 5438 1678 5491; x_wconf 85' lang='lat' dir='ltr'><strong>ante</strong></span> <span class='ocrx_word' id='word_1_628' title='bbox 1707 5433 1938 5505; x_wconf 87' lang='lat' dir='ltr'><strong>nuptias</strong></span> <span class='ocrx_word' id='word_1_629' title='bbox 1970 5450 2086 5490; x_wconf 90' lang='lat' dir='ltr'><strong>non</strong></span> 
     </span>
    </p>
   </div>
   <div class='ocr_carea' id='block_1_90' title="bbox 458 5530 852 5589">
    <p class='ocr_par' dir='ltr' id='par_1_90' title="bbox 458 5530 852 5589">
     <span class='ocr_line' id='line_1_93' title="bbox 458 5530 852 5589; baseline -0.013 0"><span class='ocrx_word' id='word_1_630' title='bbox 458 5530 852 5589; x_wconf 87' lang='lat' dir='ltr'><strong>custodierint.</strong></span> 
     </span>
    </p>
   </div>
   <div class='ocr_carea' id='block_1_91' title="bbox 2199 3935 3805 4008">
    <p class='ocr_par' dir='ltr' id='par_1_91' title="bbox 2199 3935 3805 4008">
     <span class='ocr_line' id='line_1_94' title="bbox 2199 3935 3805 4008; baseline 0.002 -20"><span class='ocrx_word' id='word_1_631' title='bbox 2199 3937 2280 3989; x_wconf 88' lang='grc'><strong>16.</strong></span> <span class='ocrx_word' id='word_1_632' title='bbox 2319 3935 2396 3989; x_wconf 90' lang='lat' dir='ltr'><strong>De</strong></span> <span class='ocrx_word' id='word_1_633' title='bbox 2426 3935 2540 3989; x_wconf 88' lang='lat' dir='ltr'><strong>illis</strong></span> <span class='ocrx_word' id='word_1_634' title='bbox 2565 3935 2661 4006; x_wconf 91' lang='lat' dir='ltr'><strong>qui</strong></span> <span class='ocrx_word' id='word_1_635' title='bbox 2697 3941 2826 3990; x_wconf 85' lang='lat' dir='ltr'><strong>ante</strong></span> <span class='ocrx_word' id='word_1_636' title='bbox 2855 3936 3084 4008; x_wconf 90' lang='lat' dir='ltr'><strong>nuptias</strong></span> <span class='ocrx_word' id='word_1_637' title='bbox 3114 3939 3461 3993; x_wconf 88' lang='lat' dir='ltr'><strong>concubinas</strong></span> <span class='ocrx_word' id='word_1_638' title='bbox 3488 3937 3805 3994; x_wconf 84' lang='lat' dir='ltr'><strong>habuerint.</strong></span> 
     </span>
    </p>
   </div>
   <div class='ocr_carea' id='block_1_92' title="bbox 2199 4023 2948 4079">
    <p class='ocr_par' dir='ltr' id='par_1_92' title="bbox 2199 4023 2948 4079">
     <span class='ocr_line' id='line_1_95' title="bbox 2199 4023 2948 4079; baseline 0.001 -2"><span class='ocrx_word' id='word_1_639' title='bbox 2199 4027 2282 4078; x_wconf 81' lang='grc'><strong>17.</strong></span> <span class='ocrx_word' id='word_1_640' title='bbox 2316 4024 2455 4078; x_wconf 90' lang='lat' dir='ltr'><strong>Item</strong></span> <span class='ocrx_word' id='word_1_641' title='bbox 2490 4023 2558 4078; x_wconf 92' lang='lat' dir='ltr'><strong>de</strong></span> <span class='ocrx_word' id='word_1_642' title='bbox 2599 4025 2948 4079; x_wconf 89' lang='lat' dir='ltr'><strong>concubinis.</strong></span> 
     </span>
    </p>
   </div>
   <div class='ocr_carea' id='block_1_93' title="bbox 2195 4110 3865 4187">
    <p class='ocr_par' dir='ltr' id='par_1_93' title="bbox 2195 4110 3865 4187">
     <span class='ocr_line' id='line_1_96' title="bbox 2195 4110 3865 4187; baseline -0.001 -22"><span class='ocrx_word' id='word_1_643' title='bbox 2195 4115 2280 4167; x_wconf 90' lang='grc'><strong>18.</strong></span> <span class='ocrx_word' id='word_1_644' title='bbox 2317 4113 2394 4166; x_wconf 89' lang='lat' dir='ltr'><strong>De</strong></span> <span class='ocrx_word' id='word_1_645' title='bbox 2420 4111 2643 4181; x_wconf 86' lang='lat' dir='ltr'><strong>ancilla,</strong></span> <span class='ocrx_word' id='word_1_646' title='bbox 2678 4112 2724 4166; x_wconf 91' lang='lat' dir='ltr'><strong>si</strong></span> <span class='ocrx_word' id='word_1_647' title='bbox 2783 4113 3018 4184; x_wconf 88' lang='lat' dir='ltr'><strong>proprio</strong></span> <span class='ocrx_word' id='word_1_648' title='bbox 3047 4114 3283 4169; x_wconf 89' lang='lat' dir='ltr'><strong>domino</strong></span> <span class='ocrx_word' id='word_1_649' title='bbox 3327 4130 3433 4169; x_wconf 89' lang='lat' dir='ltr'><strong>suo</strong></span> <span class='ocrx_word' id='word_1_650' title='bbox 3484 4115 3740 4187; x_wconf 84' lang='lat' dir='ltr'><strong>legitime</strong></span> <span class='ocrx_word' id='word_1_651' title='bbox 3768 4110 3865 4169; x_wconf 83' lang='lat' dir='ltr'><strong>fieri</strong></span> 
     </span>
    </p>
   </div>
   <div class='ocr_carea' id='block_1_94' title="bbox 2267 4201 2464 4272">
    <p class='ocr_par' dir='ltr' id='par_1_94' title="bbox 2267 4201 2464 4272">
     <span class='ocr_line' id='line_1_97' title="bbox 2267 4201 2464 4272; baseline 0.015 -17"><span class='ocrx_word' id='word_1_652' title='bbox 2267 4201 2464 4272; x_wconf 86' lang='lat' dir='ltr'><strong>possit.</strong></span> 
     </span>
    </p>
   </div>
   <div class='ocr_carea' id='block_1_95' title="bbox 2123 4289 3862 4360">
    <p class='ocr_par' dir='ltr' id='par_1_95' title="bbox 2123 4289 3862 4360">
     <span class='ocr_line' id='line_1_98' title="bbox 2123 4289 3862 4360; baseline -0.001 -16"><span class='ocrx_word' id='word_1_653' title='bbox 2123 4307 2162 4360; x_wconf 80' lang='grc' dir='ltr'><strong>ι)</strong></span> <span class='ocrx_word' id='word_1_654' title='bbox 2200 4292 2283 4345; x_wconf 87' lang='grc'><strong>19.</strong></span> <span class='ocrx_word' id='word_1_655' title='bbox 2319 4291 2396 4344; x_wconf 89' lang='lat' dir='ltr'><strong>De</strong></span> <span class='ocrx_word' id='word_1_656' title='bbox 2424 4289 2520 4342; x_wconf 90' lang='lat' dir='ltr'><strong>illo</strong></span> <span class='ocrx_word' id='word_1_657' title='bbox 2553 4289 2652 4360; x_wconf 89' lang='lat' dir='ltr'><strong>qui</strong></span> <span class='ocrx_word' id='word_1_658' title='bbox 2700 4306 2921 4345; x_wconf 89' lang='lat' dir='ltr'><strong>servum</strong></span> <span class='ocrx_word' id='word_1_659' title='bbox 2967 4306 3132 4346; x_wconf 90' lang='lat' dir='ltr'><strong>suum</strong></span> <span class='ocrx_word' id='word_1_660' title='bbox 3179 4295 3235 4346; x_wconf 91' lang='lat' dir='ltr'><strong>et</strong></span> <span class='ocrx_word' id='word_1_661' title='bbox 3283 4290 3554 4347; x_wconf 87' lang='lat' dir='ltr'><strong>ancillam</strong></span> <span class='ocrx_word' id='word_1_662' title='bbox 3586 4293 3644 4348; x_wconf 89' lang='lat' dir='ltr'><strong>in</strong></span> <span class='ocrx_word' id='word_1_663' title='bbox 3701 4289 3862 4348; x_wconf 84' lang='lat' dir='ltr'><strong>matri-</strong></span> 
     </span>
    </p>
   </div>
   <div class='ocr_carea' id='block_1_96' title="bbox 2269 4377 2929 4447">
    <p class='ocr_par' dir='ltr' id='par_1_96' title="bbox 2269 4377 2929 4447">
     <span class='ocr_line' id='line_1_99' title="bbox 2269 4377 2929 4447; baseline 0.002 -15"><span class='ocrx_word' id='word_1_664' title='bbox 2269 4377 2527 4432; x_wconf 90' lang='lat' dir='ltr'><strong>monium</strong></span> <span class='ocrx_word' id='word_1_665' title='bbox 2551 4377 2929 4447; x_wconf 85' lang='lat' dir='ltr'><strong>conjunxerit.</strong></span> 
     </span>
    </p>
   </div>
   <div class='ocr_carea' id='block_1_97' title="bbox 2199 4466 2793 4521">
    <p class='ocr_par' dir='ltr' id='par_1_97' title="bbox 2199 4466 2793 4521">
     <span class='ocr_line' id='line_1_100' title="bbox 2199 4466 2793 4521; baseline -0.002 0"><span class='ocrx_word' id='word_1_666' title='bbox 2199 4470 2288 4521; x_wconf 89' lang='lat'><strong>20.</strong></span> <span class='ocrx_word' id='word_1_667' title='bbox 2325 4467 2402 4521; x_wconf 85' lang='lat' dir='ltr'><strong>De</strong></span> <span class='ocrx_word' id='word_1_668' title='bbox 2432 4466 2793 4521; x_wconf 86' lang='lat' dir='ltr'><strong>multinubis.</strong></span> 
     </span>
    </p>
   </div>
   <div class='ocr_carea' id='block_1_98' title="bbox 2198 4553 3866 4625">
    <p class='ocr_par' dir='ltr' id='par_1_98' title="bbox 2198 4553 3866 4625">
     <span class='ocr_line' id='line_1_101' title="bbox 2198 4553 3866 4625; baseline -0.002 -16"><span class='ocrx_word' id='word_1_669' title='bbox 2198 4558 2286 4610; x_wconf 92' lang='grc'><strong>21.</strong></span> <span class='ocrx_word' id='word_1_670' title='bbox 2321 4555 2483 4618; x_wconf 88' lang='lat' dir='ltr'><strong>Quod</strong></span> <span class='ocrx_word' id='word_1_671' title='bbox 2513 4554 2760 4608; x_wconf 85' lang='lat' dir='ltr'><strong>secunda</strong></span> <span class='ocrx_word' id='word_1_672' title='bbox 2795 4553 3060 4625; x_wconf 88' lang='lat' dir='ltr'><strong>conjugia</strong></span> <span class='ocrx_word' id='word_1_673' title='bbox 3103 4554 3474 4609; x_wconf 65' lang='lat' dir='ltr'><strong>saecularibus</strong></span> <span class='ocrx_word' id='word_1_674' title='bbox 3523 4573 3645 4611; x_wconf 92' lang='lat' dir='ltr'><strong>non</strong></span> <span class='ocrx_word' id='word_1_675' title='bbox 3691 4570 3866 4624; x_wconf 83' lang='lat' dir='ltr'><strong>negen-</strong></span> 
     </span>
    </p>
   </div>
   <div class='ocr_carea' id='block_1_99' title="bbox 2269 4639 3866 4710">
    <p class='ocr_par' dir='ltr' id='par_1_99' title="bbox 2269 4639 3866 4710">
     <span class='ocr_line' id='line_1_102' title="bbox 2269 4639 3866 4710; baseline -0.003 -17"><span class='ocrx_word' id='word_1_676' title='bbox 2269 4643 2383 4705; x_wconf 89' lang='lat' dir='ltr'><strong>tur,</strong></span> <span class='ocrx_word' id='word_1_677' title='bbox 2413 4640 2622 4710; x_wconf 89' lang='lat' dir='ltr'><strong>quibus</strong></span> <span class='ocrx_word' id='word_1_678' title='bbox 2652 4645 2846 4694; x_wconf 87' lang='lat' dir='ltr'><strong>tamen</strong></span> <span class='ocrx_word' id='word_1_679' title='bbox 2872 4639 2940 4693; x_wconf 90' lang='lat' dir='ltr'><strong>ad</strong></span> <span class='ocrx_word' id='word_1_680' title='bbox 2985 4641 3202 4693; x_wconf 89' lang='lat' dir='ltr'><strong>clerum</strong></span> <span class='ocrx_word' id='word_1_681' title='bbox 3235 4639 3476 4693; x_wconf 86' lang='lat' dir='ltr'><strong>minime</strong></span> <span class='ocrx_word' id='word_1_682' title='bbox 3529 4642 3721 4694; x_wconf 79' lang='lat' dir='ltr'><strong>venire</strong></span> <span class='ocrx_word' id='word_1_683' title='bbox 3763 4654 3866 4690; x_wconf 86' lang='lat' dir='ltr'><strong>con-</strong></span> 
     </span>
    </p>
   </div>
   <div class='ocr_carea' id='block_1_100' title="bbox 2269 4727 2509 4782">
    <p class='ocr_par' dir='ltr' id='par_1_100' title="bbox 2269 4727 2509 4782">
     <span class='ocr_line' id='line_1_103' title="bbox 2269 4727 2509 4782; baseline 0.013 -3"><span class='ocrx_word' id='word_1_684' title='bbox 2269 4727 2509 4782; x_wconf 90' lang='lat' dir='ltr'><strong>ceditur.</strong></span> 
     </span>
    </p>
   </div>
   <div class='ocr_carea' id='block_1_101' title="bbox 2197 4814 3700 4885">
    <p class='ocr_par' dir='ltr' id='par_1_101' title="bbox 2197 4814 3700 4885">
     <span class='ocr_line' id='line_1_104' title="bbox 2197 4814 3700 4885; baseline 0.001 -18"><span class='ocrx_word' id='word_1_685' title='bbox 2197 4816 2284 4867; x_wconf 89' lang='grc'><strong>22.</strong></span> <span class='ocrx_word' id='word_1_686' title='bbox 2323 4815 2398 4869; x_wconf 92' lang='lat' dir='ltr'><strong>De</strong></span> <span class='ocrx_word' id='word_1_687' title='bbox 2424 4814 2536 4868; x_wconf 91' lang='lat' dir='ltr'><strong>illis</strong></span> <span class='ocrx_word' id='word_1_688' title='bbox 2569 4814 2749 4884; x_wconf 89' lang='lat' dir='ltr'><strong>quiin</strong></span> <span class='ocrx_word' id='word_1_689' title='bbox 2776 4814 3054 4885; x_wconf 90' lang='lat' dir='ltr'><strong>plurimas</strong></span> <span class='ocrx_word' id='word_1_690' title='bbox 3087 4815 3316 4885; x_wconf 86' lang='lat' dir='ltr'><strong>nuptias</strong></span> <span class='ocrx_word' id='word_1_691' title='bbox 3348 4814 3700 4870; x_wconf 87' lang='lat' dir='ltr'><strong>inciderunt.</strong></span> 
     </span>
    </p>
   </div>
   <div class='ocr_carea' id='block_1_102' title="bbox 2197 4903 3592 4974">
    <p class='ocr_par' dir='ltr' id='par_1_102' title="bbox 2197 4903 3592 4974">
     <span class='ocr_line' id='line_1_105' title="bbox 2197 4903 3592 4974; baseline 0.003 -19"><span class='ocrx_word' id='word_1_692' title='bbox 2197 4905 2283 4956; x_wconf 87' lang='lat'><strong>23.</strong></span> <span class='ocrx_word' id='word_1_693' title='bbox 2320 4903 2398 4956; x_wconf 87' lang='lat' dir='ltr'><strong>De</strong></span> <span class='ocrx_word' id='word_1_694' title='bbox 2429 4903 2538 4956; x_wconf 91' lang='lat' dir='ltr'><strong>illis</strong></span> <span class='ocrx_word' id='word_1_695' title='bbox 2569 4903 2668 4973; x_wconf 90' lang='lat' dir='ltr'><strong>qui</strong></span> <span class='ocrx_word' id='word_1_696' title='bbox 2700 4903 2868 4957; x_wconf 88' lang='lat' dir='ltr'><strong>tertio</strong></span> <span class='ocrx_word' id='word_1_697' title='bbox 2897 4903 3127 4974; x_wconf 88' lang='lat' dir='ltr'><strong>nuptias</strong></span> <span class='ocrx_word' id='word_1_698' title='bbox 3155 4903 3592 4959; x_wconf 82' lang='lat' dir='ltr'><strong>celebraverint.</strong></span> 
     </span>
    </p>
   </div>
   <div class='ocr_carea' id='block_1_103' title="bbox 2197 4991 2694 5062">
    <p class='ocr_par' dir='ltr' id='par_1_103' title="bbox 2197 4991 2694 5062">
     <span class='ocr_line' id='line_1_106' title="bbox 2197 4991 2694 5062; baseline 0.002 -19"><span class='ocrx_word' id='word_1_699' title='bbox 2197 4992 2285 5045; x_wconf 66' lang='lat' dir='ltr'><strong>2t.</strong></span> <span class='ocrx_word' id='word_1_700' title='bbox 2324 4993 2398 5046; x_wconf 90' lang='lat' dir='ltr'><strong>De</strong></span> <span class='ocrx_word' id='word_1_701' title='bbox 2430 4991 2694 5062; x_wconf 85' lang='lat' dir='ltr'><strong>bigamis.</strong></span> 
     </span>
    </p>
   </div>
   <div class='ocr_carea' id='block_1_104' title="bbox 2197 5080 3055 5136">
    <p class='ocr_par' dir='ltr' id='par_1_104' title="bbox 2197 5080 3055 5136">
     <span class='ocr_line' id='line_1_107' title="bbox 2197 5080 3055 5136; baseline 0.002 -2"><span class='ocrx_word' id='word_1_702' title='bbox 2197 5083 2283 5135; x_wconf 80' lang='lat'><strong>25.</strong></span> <span class='ocrx_word' id='word_1_703' title='bbox 2323 5081 2398 5134; x_wconf 90' lang='lat' dir='ltr'><strong>De</strong></span> <span class='ocrx_word' id='word_1_704' title='bbox 2426 5097 2664 5134; x_wconf 90' lang='lat' dir='ltr'><strong>numero</strong></span> <span class='ocrx_word' id='word_1_705' title='bbox 2698 5080 3055 5136; x_wconf 89' lang='lat' dir='ltr'><strong>maritorum.</strong></span> 
     </span>
    </p>
   </div>
   <div class='ocr_carea' id='block_1_105' title="bbox 2196 5167 3863 5240">
    <p class='ocr_par' dir='ltr' id='par_1_105' title="bbox 2196 5167 3863 5240">
     <span class='ocr_line' id='line_1_108' title="bbox 2196 5167 3863 5240; baseline -0.004 -16"><span class='ocrx_word' id='word_1_706' title='bbox 2196 5172 2282 5224; x_wconf 85' lang='lat'><strong>26.</strong></span> <span class='ocrx_word' id='word_1_707' title='bbox 2317 5170 2390 5224; x_wconf 91' lang='lat' dir='ltr'><strong>De</strong></span> <span class='ocrx_word' id='word_1_708' title='bbox 2413 5169 2663 5240; x_wconf 87' lang='lat' dir='ltr'><strong>ingenuo</strong></span> <span class='ocrx_word' id='word_1_709' title='bbox 2697 5169 2955 5238; x_wconf 84' lang='lat' dir='ltr'><strong>homine,</strong></span> <span class='ocrx_word' id='word_1_710' title='bbox 2990 5170 3036 5222; x_wconf 90' lang='lat' dir='ltr'><strong>si</strong></span> <span class='ocrx_word' id='word_1_711' title='bbox 3090 5169 3324 5224; x_wconf 88' lang='lat' dir='ltr'><strong>alterius</strong></span> <span class='ocrx_word' id='word_1_712' title='bbox 3358 5169 3625 5224; x_wconf 89' lang='lat' dir='ltr'><strong>ancillam</strong></span> <span class='ocrx_word' id='word_1_713' title='bbox 3663 5183 3764 5240; x_wconf 88' lang='lat' dir='ltr'><strong>pro</strong></span> <span class='ocrx_word' id='word_1_714' title='bbox 3799 5167 3863 5220; x_wconf 85' lang='lat' dir='ltr'><strong>in-</strong></span> 
     </span>
    </p>
   </div>
   <div class='ocr_carea' id='block_1_106' title="bbox 2267 5256 3864 5329">
    <p class='ocr_par' dir='ltr' id='par_1_106' title="bbox 2267 5256 3864 5329">
     <span class='ocr_line' id='line_1_109' title="bbox 2267 5256 3864 5329; baseline -0.003 -17"><span class='ocrx_word' id='word_1_715' title='bbox 2267 5274 2473 5328; x_wconf 88' lang='lat' dir='ltr'><strong>genua,</strong></span> <span class='ocrx_word' id='word_1_716' title='bbox 2504 5259 2804 5329; x_wconf 89' lang='lat' dir='ltr'><strong>acceperit,</strong></span> <span class='ocrx_word' id='word_1_717' title='bbox 2848 5263 2904 5312; x_wconf 88' lang='lat' dir='ltr'><strong>et</strong></span> <span class='ocrx_word' id='word_1_718' title='bbox 2934 5262 3062 5328; x_wconf 90' lang='lat' dir='ltr'><strong>post</strong></span> <span class='ocrx_word' id='word_1_719' title='bbox 3089 5259 3354 5313; x_wconf 86' lang='lat' dir='ltr'><strong>ancillam</strong></span> <span class='ocrx_word' id='word_1_720' title='bbox 3404 5275 3530 5313; x_wconf 87' lang='lat' dir='ltr'><strong>eam</strong></span> <span class='ocrx_word' id='word_1_721' title='bbox 3561 5274 3680 5312; x_wconf 86' lang='lat' dir='ltr'><strong>esse</strong></span> <span class='ocrx_word' id='word_1_722' title='bbox 3723 5256 3864 5311; x_wconf 87' lang='lat' dir='ltr'><strong>intel-</strong></span> 
     </span>
    </p>
   </div>
   <div class='ocr_carea' id='block_1_107' title="bbox 2266 5346 2489 5401">
    <p class='ocr_par' dir='ltr' id='par_1_107' title="bbox 2266 5346 2489 5401">
     <span class='ocr_line' id='line_1_110' title="bbox 2266 5346 2489 5401; baseline 0.004 -1"><span class='ocrx_word' id='word_1_723' title='bbox 2266 5346 2489 5401; x_wconf 86' lang='lat' dir='ltr'><strong>lexerit.</strong></span> 
     </span>
    </p>
   </div>
   <div class='ocr_carea' id='block_1_108' title="bbox 2197 5433 3862 5506">
    <p class='ocr_par' dir='ltr' id='par_1_108' title="bbox 2197 5433 3862 5506">
     <span class='ocr_line' id='line_1_111' title="bbox 2197 5433 3862 5506; baseline -0.003 -18"><span class='ocrx_word' id='word_1_724' title='bbox 2197 5436 2284 5488; x_wconf 88' lang='grc'><strong>27.</strong></span> <span class='ocrx_word' id='word_1_725' title='bbox 2319 5435 2397 5489; x_wconf 89' lang='lat' dir='ltr'><strong>De</strong></span> <span class='ocrx_word' id='word_1_726' title='bbox 2427 5433 2640 5490; x_wconf 82' lang='lat' dir='ltr'><strong>femina</strong></span> <span class='ocrx_word' id='word_1_727' title='bbox 2670 5433 2944 5506; x_wconf 88' lang='lat' dir='ltr'><strong>ingenua,</strong></span> <span class='ocrx_word' id='word_1_728' title='bbox 2973 5435 3021 5489; x_wconf 88' lang='lat' dir='ltr'><strong>si</strong></span> <span class='ocrx_word' id='word_1_729' title='bbox 3074 5450 3298 5489; x_wconf 85' lang='lat' dir='ltr'><strong>servum</strong></span> <span class='ocrx_word' id='word_1_730' title='bbox 3340 5435 3619 5490; x_wconf 83' lang='lat' dir='ltr'><strong>maritum</strong></span> <span class='ocrx_word' id='word_1_731' title='bbox 3662 5445 3862 5500; x_wconf 85' lang='lat' dir='ltr'><strong>accepe-</strong></span> 
     </span>
    </p>
   </div>
   <div class='ocr_carea' id='block_1_109' title="bbox 2265 5522 2359 5577">
    <p class='ocr_par' dir='ltr' id='par_1_109' title="bbox 2265 5522 2359 5577">
     <span class='ocr_line' id='line_1_112' title="bbox 2265 5522 2359 5577; baseline -0.011 0"><span class='ocrx_word' id='word_1_732' title='bbox 2265 5522 2359 5577; x_wconf 88' lang='lat' dir='ltr'><strong>rit.</strong></span> 
     </span>
    </p>
   </div>
  </div>
