3972 6192
95 268 209 319 :sl3
1113 263 1585 321 DECRETORUSI
1628 266 1811 321 LIBRI
1851 265 1957 321 XX.
1998 294 2068 303 —
2108 263 2316 319 LIBER
2358 263 2603 320 NONUS.

3500 270 3605 322 8H

95 392 187 443 28.
230 390 308 443 De
335 387 592 458 legitime
625 385 968 457 conjunctis,
1011 386 1055 439 si
1089 386 1233 440 alter
1261 387 1494 443 illorum
1526 389 1583 443 in
1615 404 1807 444 amen—
1836 392 1880 442 Α
1923 387 2059 453 rint,
2113 386 2268 441 velut
2314 385 2528 457 impias,
2589 383 2967 440 ecclesiastica
3018 388 3422 443 communione
3478 390 3604 461 pri-

172 478 319 531 tiam
349 476 665 531 devenerit.

94 569 188 619 ‘29.
236 568 311 619 De
343 564 617 635 legitimis
646 564 1029 617 matrimoniis
1060 580 1374 619 servorum.

96 656 189 708 30.
231 655 289 708 Si
320 653 521 706 furiosi
550 652 921 705 matrimonia
950 654 1357 707 contraxerint.

100 744 194 796 3t.
235 744 310 795 [te
353 742 688 811 desponsata
719 742 931 810 puella,
955 740 1002 794 si
1050 742 1194 796 alter
1239 757 1363 795 eam
1396 740 1455 794 in
1506 740 1801 797 matrimo-

174 831 341 883 nium
373 830 551 899 possit
580 829 857 898 accipere.

100 922 191 973 32.
237 920 313 972 De
346 918 435 971 his
465 917 566 989 qui
593 934 831 987 sponsas
861 916 1077 971 alienas
1118 917 1369 988 rapiunt.

103 1010 192 1062 33.
234 1008 310 1061 De
342 1006 429 1060 his
469 1006 569 1078 qui
601 1006 843 1060 feminas
873 1005 1125 1076 rapiunt.

108 1097 196 1151 34.
237 1097 315 1150 De
342 1095 537 1149 eadem
572 1111 651 1149 re.

107 1188 196 1238 35.
237 1185 315 1238 De
344 1184 430 1237 his
460 1184 557 1255 qui
589 1184 820 1255 rapiunt
852 1183 1071 1254 puellas
1101 1181 1206 1237 sub
1235 1181 1472 1237 nomine
1495 1180 1666 1235 simul
1704 1178 1803 1234 ha-

181 1273 425 1328 bitandi.

110 1366 199 1417 36.
242 1363 315 1416 De
348 1361 552 1433 puellis
582 1361 762 1432 raptis
787 1360 1044 1415 nondum
1074 1359 1451 1431 desponsatis.

112 1454 200 1505 37.
241 1452 317 1504 De
345 1451 521 1520 raptis
547 1448 917 1521 desponsatis.

114 1542 202 1593 38.
238 1541 312 1593 De
332 1538 530 1592 eadem
558 1554 638 1593 rc.

114 1631 201 1681 39.
241 1629 316 1681 De
356 1627 550 1681 eadem
585 1642 666 1681 re.

111 1718 200 1771 40.
242 1718 318 1770 De
351 1716 465 1769 illis
499 1716 598 1786 qui
629 1715 687 1768 in
745 1713 1112 1769 matrimonio
1158 1717 1290 1767 sunt
1344 1717 1399 1767 et
1425 1710 1805 1767 concumbere

185 1820 304 1858 non
338 1808 598 1873 possunt.

113 1893 202 1946 41.
246 1893 321 1945 De
352 1892 547 1946 eadem
581 1907 661 1946 re.

113 1985 199 2036 42.
243 1983 316 2035 De
348 1982 543 2034 eadem
576 1997 653 2035 re.

117 2073 205 2125 43.
242 2071 319 2123 De
347 2070 544 2124 eadem
577 2085 656 2123 re.

120 2159 207 2211 44.
245 2158 319 2211 De
352 2157 550 2211 eadem
583 2174 663 2211 re.

122 2246 207 2298 45.
245 2246 322 2299 De
353 2245 694 2315 conjugatis,
737 2243 836 2315 qui
877 2242 1171 2297 saecularia
1208 2240 1536 2313 relinquere
1589 2240 1809 2297 deside-

189 2338 342 2386 rant.

121 2422 203 2475 46.
241 2422 319 2474 De
350 2420 470 2474 viro
502 2419 601 2490 qui
627 2430 863 2474 uxorem
896 2435 1057 2474 suam
1090 2418 1276 2471 velare
1306 2415 1656 2486 permiserit.

121 2512 207 2563 47.
241 2510 333 2578 ξῡθ
386 2508 647 2575 muliere,
690 2508 736 2561 si
779 2508 900 2563 sine
943 2506 1169 2562 licentia
1199 2506 1304 2559 viri
1344 2505 1431 2559 sui
1474 2505 1663 2558 velum
1706 2503 1813 2558 sibi

192 2597 553 2667 imposuerit.

124 2686 209 2740 48.
249 2687 324 2739 De
375 2686 495 2739 viro
547 2685 645 2757 qui
691 2684 812 2739 sine
868 2684 1056 2739 uxoris
1104 2682 1384 2754 permissu
1437 2683 1813 2736 monasticam

191 2774 367 2827 vitam
398 2775 732 2845 susceperit.

124 2864 208 2915 49.
245 2863 321 2916 De
353 2863 553 2932 regina
580 2862 930 2933 Thietbirga,
965 2877 1093 2932 qua“:
1126 2876 1294 2914 causa
1324 2858 1624 2930 religionis
1662 2875 1695 2912 a
1726 2873 1813 2912 re-

194 2951 285 3022 gia
318 2952 597 3021 dignitate
625 2952 911 3006 discedere
942 2951 1217 3004 voluerat.

128 3041 209 3093 50.
245 3040 323 3093 De
368 3039 630 3094 Lothario
676 3056 810 3110 rege
850 3039 951 3111 qui
990 3054 1226 3093 uxorem
1264 3051 1426 3090 suam
1464 3036 1522 3090 in
1561 3034 1817 3089 custodia

193 3128 504 3182 detinebat.

128 3220 211 3272 5i.
252 3218 326 3271 De
359 3216 637 3287 singulari
676 3217 984 3272 certamine
1043 3216 1195 3287 quod
1242 3213 1537 3269 Lotharius
1584 3212 1818 3268 molitus

196 3311 279 3359 est
304 3312 503 3359 contra
530 3306 917 3377 Tbietbirgam
943 3321 1176 3360 uxorem
1210 3319 1392 3357 suam.

130 3397 209 3447 52.
244 3395 321 3448 De
353 3394 567 3449 femina
601 3396 670 3449 de
700 3396 979 3450 adulterio
1011 3394 1318 3463 inculpata,
1365 3392 1411 3445 si
1450 3408 1578 3445 cum
1613 3390 1817 3444 marito

197 3482 364 3537 debet
402 3483 550 3537 inire
598 3489 883 3539 certamen
927 3483 1127 3553 legale,
1176 3497 1292 3535 sum
1346 3479 1609 3551 potestati
1658 3478 1818 3549 prius

200 3572 391 3636 debet,
424 3577 531 3626 etc.

134 3663 219 3715 53.
255 3662 335 3717 Do
364 3661 559 3716 eadem
594 3677 672 3715 re.

133 3750 215 3802 54.
244 3750 320 3803 De
354 3748 469 3805 illis
496 3750 596 3822 qui
626 3750 684 3804 in
718 3750 858 3804 alias
888 3746 1212 3820 provincias
1251 3744 1504 3816 fugerint
1551 3748 1649 3798 aut
1685 3758 1819 3797 suos

198 3837 449 3891 seniores
481 3839 659 3893 secuti
685 3839 919 3904 fuerint,
958 3842 1013 3891 et
1042 3850 1250 3891 uxores
1290 3850 1421 3888 suas
1472 3832 1629 3887 domi
1683 3832 1816 3886 reli-

202 3926 452 3996 querint.

263 4014 339 4067 De
377 4015 605 4070 feminis
658 4032 786 4087 quas
844 4013 1025 4086 captis
1080 4011 1236 4079 viris,
1284 4010 1373 4065 vel
1420 4009 1482 4065 in
1526 4007 1818 4080 captivita-

199 4115 332 4177 tem,
365 4117 474 4170 etc.

137 4201 217 4252 56.
250 4199 408 4263 Quod
445 4217 559 4256 non
588 4201 862 4273 probetur
912 4214 1035 4253 esse
1090 4194 1390 4267 culpabilis
1449 4194 1549 4266 qui
1580 4210 1817 4249 uxorem

203 4289 351 4358 capti
377 4289 437 4344 in
469 4289 837 4345 matrimonio
870 4289 1095 4343 videtur
1124 4302 1245 4340 esse
1273 4284 1526 4339 sortitus.

254 4378 324 4432 Ut
356 4380 401 4433 si
444 4380 715 4435 mulieres
757 4379 825 4434 ad
874 4378 1093 4450 priores
1123 4374 1361 4429 maritos
1402 4373 1585 4428 redire
1618 4371 1821 4426 nolue-

1986 474 2185 529 vandae
2219 480 2369 529 sunt.

1916 566 2000 619 58.
2040 565 2106 618 Ut
2130 563 2176 616 si
2206 564 2313 616 viri
2368 564 2437 617 de
2480 562 2806 633 captivitate
2846 562 3110 634 regressi,
3162 564 3607 635 intemperantia

1983 668 2225 706 uxorum
2260 652 2464 706 offensi
2517 669 2632 706 non
2686 651 2919 719 fuerint,
2972 657 3027 706 et
3082 653 3367 707 voluerint
3416 669 3511 707 eas
3546 654 3609 709 in

1983 741 2252 811 conjugio
2283 740 2539 811 recipere
2570 741 2809 794 liberam
2830 740 3079 794 habeant
3112 740 3462 796 facultatem.

1914 832 2000 884 59.
2036 831 2112 883 De
2146 829 2246 883 illo
2267 830 2367 900 qui
2398 830 2458 883 in
2487 829 2825 900 paganismo
2848 845 3079 883 uxorem
3112 846 3272 884 suam
3303 829 3606 889 dimiserit.

1914 918 2002 972 60.
2032 919 2109 972 De
2140 917 2449 988 baptizato,
2488 918 2535 972 si
2576 933 2723 972 uxor
2760 918 2883 988 ejus
2912 917 3159 973 infidelis
3184 919 3441 974 converti
3481 936 3605 976 σηο-

1986 1006 2178 1061 luerit.

1914 1096 2001 1148 61.
2039 1094 2115 1148 De
2141 1093 2241 1148 illo
2273 1094 2374 1165 qui
2419 1099 2550 1149 ante
2590 1094 2938 1166 baptismum
2985 1093 3284 1149 mulierem
3325 1094 3605 1165 virginem

1985 1186 2300 1253 acceperat.

1913 1271 2002 1327 62.
2040 1271 2115 1325 De
2163 1270 2276 1324 illis
2322 1267 2553 1323 feminis
2603 1284 2733 1340 quas
2782 1269 2934 1323 nulla
2979 1287 3148 1325 causa
3193 1270 3609 1326 interveniente

1989 1360 2346 1430 reliquerunt
2376 1357 2525 1411 viros
2556 1374 2705 1411 suos.

1917 1450 2006 1504 63.
2041 1448 2118 1501 De
2146 1447 2358 1501 femina
2386 1461 2515 1516 qua:
2564 1445 2887 1499 adulterum
2931 1445 3246 1516 reliquerit,
3294 1451 3349 1499 et
3396 1447 3608 1503 adulte-

1988 1552 2117 1590 rum
2144 1534 2445 1605 acceperit.

1919 1626 2005 1679 64.
2033 1624 2194 1688 Quod
2247 1639 2433 1693 neque
2491 1622 2757 1676 dimissus
2798 1622 2868 1677 ab
2906 1638 3100 1689 uxore,
3145 1638 3334 1693 neque
3377 1622 3613 1677 dimissa

1992 1730 2022 1766 a
2052 1712 2259 1766 marito
2284 1711 2685 1781 conjungatur.

1919 1805 2005 1857 65.
2034 1803 2112 1856 De
2144 1802 2241 1855 illo
2271 1800 2372 1871 qui
2409 1800 2633 1853 vivente
2677 1800 2882 1854 marito
2923 1799 3224 1870 conjugem
3253 1799 3405 1854 illius
3447 1800 3615 1855 adul—

1988 1896 2198 1945 terasse
2228 1893 2543 1953 accusatur,
2578 1892 2635 1943 et
2673 1904 2798 1943 eam
2839 1894 2967 1959 post
3004 1890 3127 1959 ejus
3172 1894 3417 1944 mortem
3456 1906 3612 1944 sum-

1989 1978 2173 2049 psisse
2202 1976 2578 2047 dignoscitur.
2848 1974 2851 1975 ν

1920 2071 2004 2123 66.
2044 2069 2119 2123 De
2157 2068 2357 2121 eadem
2391 2082 2470 2119 re.

1920 2161 2004 2212 67.
2051 2157 2126 2209 De
2166 2156 2265 2209 illo
2307 2155 2407 2226 qui
2448 2169 2681 2208 uxorem
2727 2153 2920 2221 habet,
2952 2159 3011 2210 et
3051 2154 3259 2225 saepius
3299 2156 3615 2210 moechatus

1990 2245 2185 2299 fuerit.
3155 2288 3162 2295 .

1920 2337 2005 2388 68.
2048 2334 2104 2387 Si
2160 2332 2337 2386 laicus
2386 2332 2680 2386 absolutus
2732 2348 2859 2387 cum
2910 2332 3049 2387 laica
3106 2331 3367 2387 absoluta
3410 2349 3615 2404 pecca-

1992 2422 2152 2477 verit.

1924 2515 2009 2567 69.
2048 2513 2122 2565 De
2155 2526 2327 2564 uxore
2361 2526 2486 2580 quae
2512 2509 2737 2562 conscio
2768 2510 2976 2563 marito
3006 2510 3287 2564 mcechata
3318 2508 3506 2564 fuerit.

1923 2603 2007 2655 76.
2044 2602 2123 2655 De
2155 2599 2274 2653 viro
2300 2614 2536 2652 uxorem
2567 2614 2679 2651 non
2731 2598 3001 2665 habente,
3034 2599 3079 2653 si
3124 2614 3255 2653 cum
3306 2614 3481 2653 uxore
3533 2598 3609 2653 al-

1992 2686 2169 2742 terius
2201 2685 2541 2739 adulterium
2569 2685 3004 2755 perpetraverit.

1924 2781 2010 2831 7t.
2057 2777 2131 2829 De
2164 2774 2482 2845 conjugatis
2514 2775 2612 2844 qui
2643 2773 2840 2845 aliqua
2869 2779 3022 2829 certa
3054 2791 3114 2829 re
3145 2774 3447 2830 discidium
3479 2774 3621 2828 feces

1994 2866 2126 2927 rint,
2165 2870 2227 2918 ut
2256 2863 2443 2934 inupti
2477 2867 2773 2916 maneant.

1846 2962 1886 3016 C
1924 2958 2009 3010 72.
2046 2955 2123 3008 De
2154 2953 2264 3007 illis
2295 2952 2392 3023 qui
2423 2951 2837 3005 interveniente
2870 2951 3110 3021 repudio
3143 2951 3269 3005 aliis
3311 2968 3371 3005 se
3398 2950 3457 3004 in
3494 2967 3616 3006 ma-

1994 3044 2263 3098 trimonio
2295 3040 2707 3112 copulaverint.

1925 3135 2009 3188 73.
2043 3132 2098 3185 Si
2145 3130 2306 3201 cujus
2364 3146 2507 3183 uxor
2557 3133 2929 3199 constuprata
2976 3128 3169 3197 fuerit,
3219 3132 3274 3182 et
3318 3132 3622 3199 propterea

1996 3220 2233 3275 maritus
2266 3219 2503 3290 perdere
2535 3218 2691 3272 illam
2727 3217 3162 3272 machinaverit.

1925 3312 2013 3366 74.
2050 3312 2125 3365 De
2153 3326 2239 3375 eo,
2265 3308 2313 3362 si
2343 3308 2471 3380 quis
2492 3324 2620 3363 cum
2646 3324 2817 3362 uxore
2842 3308 3099 3373 alterius,
3130 3307 3356 3362 vivente
3384 3323 3471 3374 eo,
3506 3307 3616 3361 for-

1996 3400 2218 3453 nicatus
2250 3398 2440 3452 fuerit.

1926 3491 2013 3543 75.
2052 3489 2124 3540 De
2155 3487 2406 3555 ingenuo
2440 3484 2538 3555 qui
2587 3484 2897 3554 ingenuam
2937 3485 3221 3554 acceperit
3259 3497 3523 3549 uxorem,
3567 3488 3624 3537 et

1996 3579 2194 3646 postea
2224 3590 2282 3627 se
2305 3587 2528 3627 servum
2552 3572 2766 3626 fecerit.

1926 3666 2013 3718 76.
2044 3664 2122 3716 De
2153 3661 2267 3715 illis
2308 3659 2647 3731 conjugatis,
2687 3675 2935 3730 quorum
2968 3659 3122 3729 leges
3180 3658 3418 3712 diversas
3464 3663 3615 3714 sunt.

1926 3757 2014 3806 77.
2050 3753 2159 3806 Cur
2189 3748 2676 3804 communicantes
2712 3747 2821 3801 viri
2855 3763 2983 3802 cum
3035 3745 3307 3801 adulteris
3345 3745 3622 3801 uxoribus

2001 3857 2112 3894 non
2144 3838 2503 3892 conveniant.

1928 3933 2015 3985 78.
2049 3928 2209 3993 Quod
2242 3944 2360 3981 non
2410 3923 2709 3980 conveniat
2757 3922 3111 3979 Christianos
3162 3938 3291 3977 cum
3341 3921 3625 3977 hmreticis

2001 4016 2277 4087 nuptialia
2296 4015 2427 4086 jura
2452 4012 2808 4067 contrahere.

1928 4109 2016 4162 ‘79.
2050 4104 2255 4160 Judicii
2284 4101 2652 4158 examinatio.

1932 4198 2020 4250 80.
2054 4192 2344 4264 Separatio
2367 4192 2596 4245 incestae
2622 4188 3025 4260 copulationis.

1935 4286 2021 4338 81.
2056 4280 2463 4338 Reconciliatio
2493 4279 2954 4350 conjugatorum.

1932 4375 2021 4428 82.
2051 4372 2130 4426 De
2161 4371 2363 4426 eadem
2394 4384 2479 4423 re.

1512 4524 1715 4579 Indicis
1734 4526 2094 4594 capitulorum
2133 4525 2278 4591 finis.
