3972 6192
133 296 246 349 817

1138 296 1613 355 DECRETORUM
1658 299 1839 355 LIBRI
1882 300 1990 356 XX.
2026 330 2093 338 —
2139 299 2342 354 LIBER
2389 297 2637 355 NONUS.

3547 303 3651 355 8l8

134 433 292 470 rum.
341 416 734 471 Sanctiﬁcatus
766 418 918 472 enim
952 419 1061 472 erit
1106 419 1193 472 vir
1225 420 1473 474 infidelis
1504 422 1563 475 in
1596 422 1835 475 muliere
1865 426 1911 477 Α
1950 427 2132 489 scunt,
2194 438 2337 493 quas
2386 426 2516 491 post
2573 422 2795 492 aliquot
2846 436 3030 474 annos
3080 422 3403 491 dimittunt,
3459 429 3515 478 et
3574 426 3654 478 sic

134 506 319 567 ﬁdeli.
352 511 410 559 et
452 506 805 559 sanctiﬁcata
851 506 959 560 erit
994 507 1201 561 mulier
1232 508 1481 562 inﬁdelis
1522 526 1626 580 per
1655 510 1840 564 virum

134 594 391 648 ﬁdelem.

133 686 269 737 CAP.
300 685 356 738 X.
390 713 460 723 —
505 684 579 737 Ut
625 685 683 737 in
715 682 1153 739 Christianorum
1187 687 1398 754 nuptiis
1440 701 1547 740 non
1589 687 1836 740 satietur.

208 774 319 838 (1-3.1:
361 772 550 826 concil.
589 771 895 837 Laodicen.,
925 788 1045 841 cap.
1082 775 1196 842 35.)
1223 773 1384 837 Quod
1434 791 1548 826 non
1580 780 1842 843 oporteat

135 860 488 915 Christianos
534 866 734 913 euntes
783 860 853 913 ad
889 860 1118 931 nuptias
1168 860 1442 931 plaudere
1492 862 1579 915 vel
1608 862 1838 928 saltare,

138 950 237 1003 sed
286 948 690 1003 venerabiliter
719 965 963 1015 ccenare,
997 950 1081 1003 vel
1124 951 1430 1019 prandere,
1474 949 1620 1004 sicut
1650 950 1839 1004 Chris-

137 1038 355 1092 stianos
387 1038 569 1092 decet.

246 1127 375 1181 CAP.
410 1126 500 1182 XI.
527 1157 595 1166 —
626 1128 694 1180 Ut
721 1125 947 1180 viduam
976 1142 1125 1180 nemo
1154 1128 1373 1193 furetur
1404 1129 1463 1181 in
1486 1142 1725 1183 uxorem.

212 1216 455 1283 (Gregor.
510 1214 692 1283 dicit.)
724 1214 780 1268 Si
830 1213 957 1285 quis
1016 1214 1245 1268 viduam
1294 1216 1517 1269 furatus
1564 1215 1739 1270 fuerit
1778 1216 1834 1270 in

137 1320 395 1368 uxorem,
428 1304 511 1355 vel
545 1302 907 1356 consentiens
937 1303 1010 1369 ei,
1040 1304 1348 1357 anathema
1380 1303 1470 1358 sit.
1508 1305 1572 1358 Et
1598 1321 1833 1376 respon~

139 1392 348 1446 derunt
377 1408 578 1444 omnes
610 1391 778 1444 tertio
812 1408 824 1444 :
857 1393 1178 1445 Anathema
1209 1392 1300 1446 sit.

210 1480 332 1534 CAP.
383 1480 492 1534 XII.
522 1510 590 1518 —
624 1481 689 1534 Ut
719 1483 983 1547 virginem
1012 1496 1162 1533 nemo
1189 1482 1408 1546 furatur
1431 1482 1489 1533 in
1520 1497 1757 1534 uxorem.

209 1569 359 1639 (Item
392 1569 673 1639 ejusdem.)
726 1569 781 1623 Si
811 1569 938 1639 quis
968 1570 1275 1639 virginem,
1310 1570 1418 1623 nisi
1452 1571 1834 1640 desponsave-

138 1657 226 1721 rit,
285 1660 506 1711 iuratus
563 1657 737 1711 fuerit
786 1657 848 1710 in
907 1674 1142 1712 uxorem
1202 1658 1287 1711 vel
1346 1659 1707 1713 consentiens
1758 1658 1829 1726 ei,

137 1745 441 1798 anathema
486 1744 574 1798 sit.
612 1745 677 1798 Et
722 1745 1145 1815 responderunt
1185 1761 1385 1799 omnes
1433 1746 1601 1800 tertio
1636 1763 1651 1800 ι
1682 1749 1832 1800 Ana-

137 1834 328 1887 thema
361 1832 433 1887 sit
455 1831 467 1886 l

330 1922 460 1975 CAP.
492 1921 633 1975 XIII.
667 1950 735 1959 —
758 1923 833 1975 De
864 1923 1078 1988 virgine
1100 1921 1184 1975 vel
1224 1920 1393 1974 vidua
1423 1923 1634 1987 furata.

207 2011 323 2081 (Ea:
355 2011 496 2063 decr.
531 2009 751 2064 Eusebii
792 2026 952 2080 pup.,
1003 2026 1121 2079 cap.
1160 2010 1270 2077 IO.)
1302 2010 1357 2064 Si
1390 2010 1519 2080 quis
1552 2007 1829 2078 virginem

141 2103 238 2152 aut
268 2099 501 2152 viduam
553 2099 773 2151 furatus
822 2098 881 2151 in
912 2115 1173 2164 uxorem,
1224 2098 1336 2152 nisi
1365 2090 1537 2152 fuerit
1565 2114 1599 2151 a
1639 2113 1697 2151 se
1728 2097 1829 2151 de-

141 2192 486 2259 sponsatam,
518 2187 823 2240 anathema
854 2187 944 2240 sit.

142 2294 269 2349 CAP.
302 2294 433 2348 XIV.
477 2321 550 2333 —
586 2293 669 2347 De
690 2293 994 2359 virginibus
1028 2308 1146 2361 quae
1173 2296 1547 2359 virginitatem
1578 2296 1701 2345 ante
1729 2306 1831 2344 nu-

638 2366 792 2432 ptias
822 2380 925 2417 non
955 2365 1307 2417 custodierini
1316 2406 1325 2416 .

208 2453 329 2523 (Ea:
356 2453 541 2506 concil.
579 2453 906 2515 Elibertan.,
940 2468 1059 2521 cap.
1097 2455 1176 2522 5.)
1209 2451 1467 2521 Virgines
1492 2466 1620 2521 qua:
1651 2448 1831 2519 virgi-

141 2540 378 2594 nitatem
430 2555 591 2593 suam
641 2555 755 2592 non
787 2539 1184 2605 custodierint,
1218 2539 1264 2592 si
1311 2538 1543 2592 eosdem
1591 2538 1690 2608 qui
1737 2553 1830 2590 eas

140 2627 478 2682 violaverint
508 2628 742 2681 maritos
772 2629 1113 2698 acceperint,
1147 2644 1213 2681 eo
1243 2628 1397 2698 quod
1432 2631 1575 2679 solas
1604 2626 1833 2695 nuptias

137 2718 496 2785 violaverint,
526 2723 655 2787 post
680 2716 1075 2787 pcenitentiam
1105 2717 1277 2770 unius
1308 2716 1445 2769 anni
1469 2715 1834 2768 reconcilien-

137 2812 250 2860 tur.
283 2806 340 2861 Si
392 2807 530 2860 alios
586 2805 956 2875 cognoverint
1009 2805 1178 2871 viros,
1212 2821 1280 2858 eo
1335 2804 1487 2875 quod
1533 2804 1830 2856 mmchatae

139 2900 293 2961 sunt,
343 2894 741 2965 quinquennio
792 2893 1126 2964 poeniteant,
1168 2897 1224 2947 et
1251 2893 1329 2946 sic
1358 2892 1425 2946 ad
1469 2891 1829 2946 communio-

136 3000 270 3038 nem
296 2985 585 3037 accedant.

207 3072 337 3127 CAP.
372 3074 476 3127 XV.
510 3100 582 3112 —
615 3071 771 3136 Quod
799 3071 940 3125 nulli
967 3071 1124 3124 liceat
1172 3069 1519 3124 concubinam
1546 3067 1756 3122 habei'e.

205 3160 315 3231 (£1:
365 3161 525 3214 dictis
578 3158 840 3228 August.)
889 3159 1117 3225 Audite,
1169 3158 1511 3224 charissimi,
1574 3156 1832 3211 membra

138 3248 367 3314 Christi,
399 3255 457 3302 et
484 3248 679 3302 matris
707 3248 1001 3302 catholicas
1052 3247 1311 3302 Ecclesia;
1353 3247 1478 3301 ﬁlii.
1511 3246 1673 3311 Quod
1704 3246 1829 3300 dico

137 3336 615 3406 competentibus,
659 3336 892 3389 audiant
920 3335 1155 3403 ﬁdeles;
1187 3335 1337 3406 quod
1373 3334 1497 3388 dico
1544 3333 1828 3401 ﬁdelibus,

138 3426 374 3479 audiant
407 3430 829 3494 competentes;
864 3424 1015 3495 quod
1058 3424 1183 3477 dico
1215 3423 1477 3478 ﬁdelibus
1512 3428 1568 3476 et
1598 3438 1828 3493 compe-

136 3514 408 3579 tentibus,
462 3514 698 3567 audiant
726 3512 1109 3583 pmnitentes;
1141 3512 1296 3583 quod
1327 3511 1450 3565 dico
1482 3509 1745 3564 ﬁdelibus
1776 3514 1832 3564 et

136 3601 615 3671 competentibus,
654 3605 709 3655 et
738 3600 1167 3671 pmnitentibus,
1200 3599 1435 3653 audiant
1480 3603 1535 3651 et
1568 3598 1828 3651 catechu-

138 3692 313 3755 meni,
333 3690 572 3743 audiant
588 3706 785 3742 omnes
803 3706 814 3743 :
831 3705 1028 3742 omnes
1048 3689 1309 3755 timeant,
1327 3692 1383 3740 et
1401 3703 1568 3740 nemo
1581 3692 1830 3739 contem-

137 3786 250 3833 nat.
278 3780 365 3833 Sit
387 3779 527 3855 mihi
552 3780 607 3832 in
632 3779 1084 3832 consolationem
1100 3782 1285 3831 vester
1305 3776 1551 3839 auditus,
1578 3792 1647 3829 ne
1673 3776 1831 3829 vobis

136 3869 207 3922 sit
236 3870 297 3922 in
330 3867 718 3922 testimonium
765 3867 928 3920 dolor
959 3883 1140 3919 meus.
1185 3863 1653 3936 Competentibus
1680 3863 1826 3929 dico,

138 3956 427 4017 Fornicari
446 3956 602 4010 vobis
620 3972 735 4009 non
764 3956 947 4017 liceat,
974 3954 1259 4007 sufﬁciant
1276 3952 1433 4006 vobis
1456 3967 1683 4018 uxores,
1704 3966 1832 4004 con-

137 4046 374 4099 cubinas
420 4044 577 4098 vobis
612 4060 729 4097 non
780 4044 912 4097 licet
940 4042 1171 4097 habere.
1217 4042 1425 4096 Audiat
1457 4043 1625 4106 Deus,
1658 4038 1704 4092 si
1734 4056 1831 4093 vos

138 4134 294 4188 surdi
325 4133 489 4199 estis;
538 4133 775 4186 audiant
804 4132 992 4201 angeli
1031 4132 1179 4202 ejus,
1214 4130 1260 4183 si
1293 4146 1391 4183 vos
1419 4128 1782 4182 contemnitis
1813 4144 1827 4181 :

139 4221 497 4275 Concubinas
544 4237 662 4274 non
691 4220 822 4274 licet
864 4219 1022 4273 vobis
1055 4218 1278 4273 habere.
1310 4218 1376 4270 Et
1413 4216 1459 4270 si
1493 4233 1610 4270 non
1657 4215 1830 4269 habe-

138 4311 212 4364 tis
244 4326 470 4381 uxores,
502 4315 695 4363 tamen
722 4326 838 4363 non
869 4308 1002 4362 licet
1035 4308 1192 4362 vobis
1228 4307 1438 4361 habere
1466 4305 1827 4372 concubinas,

141 4416 285 4470 quas
326 4404 526 4468 postea
556 4398 881 4463 dimittatis,
924 4402 984 4449 ut
1010 4396 1209 4450 dicatis
1240 4411 1467 4450 uxores.
1501 4396 1679 4449 Tanto
1712 4410 1833 4446 ma-

134 4489 230 4557 jor
271 4486 565 4540 damnatio
609 4485 771 4539 vobis
794 4483 923 4553 erit,
955 4484 1001 4537 si
1030 4483 1320 4537 volueritis
1372 4482 1581 4536 habere
1611 4485 1667 4534 et
1695 4496 1836 4534 con-

138 4577 381 4630 cubinas
432 4581 488 4629 et
533 4591 756 4629 uxores.
818 4575 941 4628 Non
992 4573 1122 4626 licet
1168 4572 1375 4626 habere
1419 4587 1637 4635 uxores,
1693 4586 1832 4641 qua-

142 4681 271 4718 rum
292 4664 515 4734 priores
546 4662 735 4717 mariti
758 4662 974 4715 vivunt.
1008 4662 1119 4715 Nec
1145 4660 1323 4727 vobis,
1347 4660 1597 4725 feminae,
1625 4658 1835 4712 habere

140 4751 293 4804 viros
342 4750 493 4816 licet,
544 4766 793 4821 quorum
841 4750 1064 4820 priores
1108 4764 1310 4802 uxores
1341 4748 1559 4801 vivunt.
1609 4746 1837 4801 Adulte-

140 4840 267 4891 rina
329 4844 462 4892 sunt
515 4839 623 4892 ista
681 4838 969 4909 conjugia,
1019 4853 1134 4891 non
1181 4837 1311 4907 jure
1359 4834 1504 4901 coeli,
1562 4834 1661 4888 sed
1703 4834 1836 4904 jure

140 4926 332 4981 saeculi
367 4943 380 4981 :
411 4943 514 4980 nec
562 4926 720 4981 illam
767 4927 1043 4980 feminam
1101 4924 1233 4978 licet
1275 4923 1504 4985 habere,
1560 4939 1686 4993 quae
1738 4938 1839 4991 per

140 5014 451 5085 repudium
490 5014 746 5069 discessit
777 5031 810 5068 a
840 5014 1065 5081 marito,
1099 5030 1167 5067 eo
1212 5012 1455 5066 vivente.
1506 5012 1691 5067 Solius
1721 5012 1838 5065 for-

145 5103 450 5156 nicationis
492 5119 660 5157 causa
715 5103 847 5157 licet
889 5120 1125 5157 uxorem
1174 5102 1493 5155 adulteram
1526 5100 1835 5166 dimittere,

144 5192 243 5245 sed
276 5191 375 5245 illa
407 5192 630 5244 vivente
660 5208 776 5245 non
807 5192 936 5245 licet
967 5192 1201 5245 alteram
1229 5191 1455 5245 ducere.

148 5300 272 5353 CAP.
313 5300 446 5353 XVI.
495 5328 561 5339 —
596 5299 675 5351 De
708 5299 821 5353 illis
852 5301 949 5424 qgi
976 5304 1101 5422 ante;
1138 5301 1361 5367 nuptias
1400 5296 1720 5352 concubinas
1751 5294 1845 5347 ha-

919 5385 1071 5424 uerin
1103 5410 1115 5423 .

919 5374 1115 5424 uerint.

219 5459 385 5527 (Item
428 5457 597 5527 Aug.)
631 5456 806 5522 Quale
837 5464 922 5512 est
947 5464 1001 5512 et
1026 5457 1170 5511 illud
1204 5456 1360 5528 quod
1392 5453 1557 5510 multi
1587 5452 1843 5507 virorum

143 5551 279 5600 ante
326 5545 558 5615 nuptias
606 5544 953 5600 concubinas
996 5544 1103 5599 sibi
1137 5544 1427 5599 adhaerere
1472 5559 1587 5597 non
1639 5541 1842 5595 erube-

1954 515 2152 581 postea
2218 511 2502 581 legitimas
2563 526 2768 563 uxores
2839 510 3143 579 accipiunt.
3212 502 3389 565 ‘Unde
3455 528 3648 566 coram

1953 602 2069 653 Deo
2102 604 2157 653 et
2182 615 2372 652 coram
2400 599 2620 669 angelis
2647 600 2771 668 ejus
2802 603 3107 663 contestor,
3143 604 3313 669 atque
3342 600 3641 667 denuntio,

1953 688 2131 742 Deum
2166 693 2221 741 et
2276 687 2386 740 ista
2434 703 2658 758 semper
2703 686 3084 757 prohibuisse,
3129 692 3187 741 et
3238 704 3536 758 nunquam
3591 689 3645 743 ei

1951 776 2248 846 placuisse.
2283 776 2351 829 Et
2391 776 2680 845 precipue
2727 775 3081 845 temporibus
3128 776 3463 830 Christianis
3509 793 3647 831 con-

1950 864 2186 918 cubinas
2251 864 2463 918 habere
2538 878 2835 934 nunquam
2897 862 3049 928 licet,
3120 868 3175 917 et
3238 880 3535 935 nunquam
3577 865 3644 919 li-

1949 953 2117 1007 cebit.

2266 1042 2394 1095 CAP.
2426 1041 2583 1096 XVII.
2625 1071 2691 1080 —
2730 1041 2867 1093 Item
2896 1039 2961 1093 de
2990 1040 3321 1094 concubinis.

2017 1130 2134 1199 (Ea:
2166 1132 2387 1184 concilio
2435 1131 2747 1196 Arelatem,
2795 1132 2972 1197 capite
3015 1129 3092 1195 4.)
3127 1129 3276 1182 Nulli
3327 1128 3495 1182 liceat
3524 1146 3639 1182 uno

1946 1225 2207 1290 tempore
2257 1218 2398 1272 duas
2454 1233 2660 1272 uxores
2708 1217 2918 1271 habere
2953 1233 2965 1271 :
3000 1218 3096 1271 sed
3140 1233 3328 1289 neque
3379 1234 3637 1290 unquam

1946 1308 2347 1362 concubinam.

1946 1412 2073 1468 CAP.
2103 1412 2287 1466 XVIII.
2309 1442 2376 1450 —
2403 1414 2471 1465 De
2495 1412 2716 1471 ancilla,
2742 1414 2792 1463 si
2806 1414 3028 1478 proprio
3043 1411 3256 1465 domino
3276 1426 3370 1464 suo
3392 1411 3640 1482 legitima

2612 1484 2731 1549 ﬁeri
2756 1483 2954 1549 possit.

2016 1570 2125 1641 (Ea:
2153 1571 2293 1624 decr.
2347 1571 2497 1624 Julii
2548 1585 2727 1638 papae,
2782 1572 2957 1637 capite
3005 1570 3078 1635 4.)
3110 1569 3168 1623 Si
3198 1568 3326 1639 quis
3372 1569 3638 1624 ancillam

1943 1675 2106 1713 suam
2164 1659 2425 1713 libertate
2483 1656 2793 1723 donaverit,
2866 1661 2924 1710 et
2980 1657 3039 1709 in
3097 1657 3463 1711 matrimonio
3530 1657 3639 1711 sibi

1944 1747 2263 1815 sociaverit,
2312 1745 2683 1801 dubitabatur
2712 1745 2865 1815 apud
2896 1744 3173 1815 quosdam
3206 1750 3401 1798 utrum
3430 1744 3639 1814 hujus-

1944 1836 2098 1891 modi
2131 1835 2347 1905 nuptias
2395 1834 2664 1905 legitime
2695 1849 2817 1887 esse
2866 1833 3189 1898 videantur,
3237 1849 3309 1886 an
3353 1848 3490 1886 non.
3530 1833 3641 1887 Nos

1943 1926 2135 1996 itaque
2180 1931 2464 1978 vetustam
2502 1923 2941 1991 ambiguitatem
2972 1922 3294 1975 decidentes
3334 1922 3467 1974 talia
3499 1938 3635 1975 con-

1944 2014 2123 2068 nubia
2168 2012 2427 2083 legitima
2478 2028 2598 2065 esse
2627 2012 2971 2064 censuimus.
3013 2011 3071 2064 Si
3125 2010 3281 2063 enim
3312 2026 3381 2063 ex
3431 2010 3634 2064 affectu

1942 2102 2089 2157 ﬁunt
2140 2116 2339 2154 omnes
2390 2098 2631 2170 nuptiae,
2688 2103 2744 2152 et
2800 2098 2943 2152 nihil
2988 2097 3252 2168 impium,
3306 2103 3364 2151 et
3414 2097 3638 2167 legibus

1941 2190 2290 2245 contrarium
2337 2188 2396 2242 in
2447 2187 2548 2240 tali
2597 2185 2964 2256 copulatione
3020 2184 3144 2239 ﬁeri
3198 2190 3406 2256 potest,
3456 2202 3635 2256 quare

1940 2279 2241 2350 praedictas
2285 2275 2514 2347 nuptias
2556 2274 2898 2329 inhibendas
2928 2274 3465 2327 existimaverimus.
3499 2274 3632 2327 Om-

1940 2367 2112 2421 nibus
2158 2365 2319 2419 vobis
2362 2380 2511 2418 unus
2540 2368 2625 2416 est
2657 2370 2816 2433 pater
2845 2363 2905 2416 in
2945 2363 3120 2427 ccelis,
3154 2368 3207 2415 et
3240 2362 3635 2433 unusquisque

1941 2455 2096 2509 dives
2142 2458 2199 2508 et
2239 2468 2477 2524 pauper,
2528 2452 2671 2506 liber
2700 2456 2754 2505 et
2801 2467 3014 2517 servus,
3068 2450 3366 2521 aequaliter
3405 2466 3511 2520 pro
3550 2466 3631 2517 se,

1941 2548 2000 2598 et
2061 2558 2167 2614 pro
2232 2541 2529 2595 animabus
2594 2556 2797 2594 eorum
2864 2541 3148 2593 rationem
3214 2538 3404 2592 daturi
3468 2544 3630 2591 sunt.

1942 2632 2300 2703 Quapropter
2345 2630 2611 2684 omnibus
2666 2630 3056 2699 cujuscunque
3104 2626 3452 2681 conditionis
3498 2626 3633 2695 sint,

1944 2736 2117 2773 unam
2166 2720 2373 2789 legem,
2407 2723 2689 2789 quantum
2720 2717 2787 2771 ad
2820 2718 3024 2785 Deum,
3066 2716 3278 2769 habere
3317 2731 3433 2769 non
3466 2713 3631 2768 dubi-

1940 2814 2149 2863 tamus.

1940 2898 2067 2953 CAP.
2103 2898 2233 2952 XIX.
2279 2925 2348 2936 —
2379 2898 2451 2949 De
2497 2896 2589 2949 illo
2611 2897 2707 2962 qui
2744 2909 2956 2947 servum
2984 2908 3162 2955 suum,
3194 2896 3247 2946 et
3285 2892 3543 2945 ancillam
3568 2892 3631 2944 in

2384 2968 2787 3019 matrimonium
2818 2965 2939 3033 conj
2945 2966 3183 3017 unmerit.

2012 3058 2120 3123 (Ea:
2145 3056 2366 3110 concilio
2398 3056 2699 3117 Matiscen.,
2733 3055 2910 3121 capite
2962 3052 3067 3120 10.)
3098 3051 3155 3105 Si
3184 3066 3411 3105 servum
3445 3053 3501 3109 et
3531 3065 3631 3103 an-

1938 3144 2127 3198 cillam
2156 3143 2424 3197 dominus
2445 3141 2746 3196 amborum
2776 3140 2836 3193 in
2867 3139 3300 3194 matrimonium
3323 3138 3632 3207 conjunxe-

1939 3233 2033 3298 rit,
2065 3236 2120 3285 et
2164 3237 2361 3302 postea
2410 3230 2650 3284 liberato
2682 3243 2844 3282 servo
2878 3227 2958 3280 vel
2990 3227 3220 3293 ancilla,
3274 3241 3392 3279 non
3444 3228 3631 3295 potest

1941 3319 2146 3374 redimi
2206 3320 2305 3390 qui
2352 3319 2409 3372 in
2466 3317 2695 3371 servitio
2744 3320 2848 3380 est,
2911 3316 3037 3369 ideo
3095 3313 3462 3368 matrimonia
3514 3328 3629 3367 non

1938 3409 2247 3462 solvantur.

2364 3495 2490 3549 CAP.
2516 3494 2618 3547 XX.
2654 3522 2723 3532 —
2751 3493 2832 3544 De
2862 3490 3201 3544 multinubis.

2011 3585 2116 3651 (Ea:
2142 3584 2364 3638 concilio
2391 3582 2777 3648 Braggarensi,
2829 3581 3005 3646 capite
3034 3578 3146 3645 8t.)
3180 3576 3236 3630 Si
3276 3576 3403 3646 quis
3435 3575 3631 3629 multis

1940 3670 2156 3741 nuptiis
2206 3669 2382 3723 fuerit
2437 3669 2758 3737 cOpulatus,
2812 3665 3211 3734 paenitentiam
3267 3668 3451 3732 agat:
3495 3678 3631 3715 con-

1938 3759 2183 3814 versatio
2267 3762 2458 3811 autem
2545 3759 2599 3808 et
2689 3753 2831 3806 ﬁdes
2905 3752 3235 3821 paenitentis
3300 3750 3631 3819 compendit

1938 3854 2185 3917 tempus.

1940 3937 2065 3991 CAP.
2100 3935 2227 3989 XXI.
2274 3962 2343 3974 —
2373 3931 2528 3996 Quod
2574 3929 2809 3983 secunda
2834 3929 3091 3995 conjugia
3136 3926 3488 3981 saecularibus
3525 3940 3631 3979 non

2008 4010 2289 4073 negentur,
2339 4003 2532 4074 quibus
2585 4007 2760 4054 tamen
2820 3999 2894 4052 ad
2942 4000 3142 4053 clerum
3186 3999 3405 4052 minime
3450 4000 3631 4050 venire

2011 4077 2335 4131 conceditur.

2009 4166 2124 4235 (Ea:
2154 4164 2295 4218 decr.
2322 4162 2521 4218 Gelasii
2542 4174 2718 4230 papze,
2742 4161 2914 4227 capite
2934 4158 3049 4225 2'2.)
3073 4156 3359 4211 Secundas
3379 4154 3628 4225 nuptias,

1942 4254 2089 4309 sicut
2116 4250 2482 4306 saecularibus
2528 4249 2673 4303 inire
2707 4246 3055 4311 conceditur,
3086 4245 3166 4298 ita
3206 4248 3337 4314 post
3378 4260 3471 4297 eas
3501 4242 3630 4296 nul-

1943 4345 2029 4397 lus
2067 4342 2139 4396 ad
2187 4340 2445 4394 clericale
2495 4338 2703 4391 sinitur
2748 4335 2943 4389 venire
2995 4332 3318 4404 collegium.
3374 4332 3502 4388 Alia
3548 4335 3633 4385 est

1942 4431 2096 4485 enim
2127 4430 2398 4484 humana:
2443 4424 2743 4496 fragilitati
2775 4422 3125 4496 generaliter
3152 4437 3417 4476 concessa
3451 4420 3632 4473 licen-

1944 4519 2043 4585 tia,
2074 4517 2185 4570 alia
2237 4516 2406 4571 debet
2462 4530 2582 4568 esse
2629 4513 2742 4566 vita
2789 4512 3113 4566 divinarum
3167 4525 3362 4564 rerum
3405 4506 3633 4562 servitio

1944 4606 2220 4660 dedicata.

2014 4692 2142 4747 CAP.
2161 4691 2319 4747 XXII.
2350 4721 2418 4729 —
2442 4691 2515 4744 De
2542 4688 2653 4742 illis
2681 4686 3155 4809 ggtplurimas
3176 4684 3398 4750 nuptias
3430 4683 3565 4735 inci-

2017 4852 2127 4919 (Ea:
2174 4850 2397 4903 concilio
2450 4848 2774 4912 Neocaesar.,
2825 4845 3001 4911 capite
3050 4840 3121 4911 I.)
3178 4841 3255 4893 De
3284 4837 3374 4892 his
3429 4837 3529 4908 qui
3575 4836 3636 4891 in

1945 4940 2221 5010 plurimas
2248 4936 2475 5006 nuptias
2505 4932 2848 4995 inciderunt,
2882 4936 2937 4984 et
2970 4937 3194 4999 tempus
3224 4927 3454 4998 quidem
3490 4942 3637 4996 pra:-

1948 5028 2172 5082 linitum
2229 5024 2599 5079 manifestum
2648 5027 2753 5087 est,
2801 5020 2898 5074 sed
2945 5017 3297 5073 conversatio
3329 5030 3552 5083 eorum,
3583 5018 3639 5067 et

1949 5118 2110 5181 ﬁdes,
2143 5121 2369 5183 tempus
2402 5106 2715 5166 abbreviat.

1949 5208 2077 5261 CAP.
2144 5203 2322 5258 XXIII.
2380 5230 2451 5241 -ο
2510 5202 2589 5255 De
2647 5200 2760 5253 illis
2806 5200 2921 5321 .qtui
2960 5197 3115 5249 tertio
3156 5195 3380 5262 nuptias
3411 5192 3641 5255 celebra-

2699 5284 2850 5321 verm
2882 5306 2894 5318 .

2699 5284 2894 5323 perint.

2023 5362 2143 5431 (Ea:
2170 5362 2313 5416 decr.
2360 5358 2663 5414 Hormisdae
2691 5372 2865 5426 papa,
2899 5356 3073 5423 capite
3101 5353 3180 5420 2.)
3231 5351 3309 5405 Ne
3337 5350 3639 5422 quisquam

1954 5450 2221 5520 amplius,
2269 5464 2444 5519 quam
2474 5448 2616 5502 duas
2661 5444 2899 5514 accipiat
2944 5458 3144 5496 uxores
3176 5456 3190 5495 :
3220 5439 3354 5513 quia
3369 5438 3490 5511 jam
3523 5444 3641 5495 ter—

1955 5540 2035 5593 tia
2064 5538 2355 5609 superflua
2382 5541 2486 5590 est.
