4028 6190
379 322 484 375 819

821 443 948 500 CAP.
980 443 1150 500 XXIV.
1182 471 1256 486 -
1278 446 1350 499 Dc
1375 443 1632 513 bigamis.

450 530 560 602 (Ea:
606 533 832 588 concilio
881 533 1221 600 Laodicensi,
1263 534 1442 602 capite
1484 532 1559 600 I.)
1616 534 1691 588 De
1730 532 1822 588 his
1851 533 1951 604 qui
1991 549 2078 587 se-

379 621 636 675 cundum
690 621 1126 675 ecclesiasticam
1180 623 1439 691 regulam
1493 621 1668 675 libere
1711 637 1775 676 ac
1823 621 2078 692 legitime

379 709 644 763 secundis
675 709 892 781 nuptiis
929 709 1117 780 juncti
1161 715 1311 774 sunt,
1348 725 1452 762 nec
1489 710 1707 765 occulte
1745 711 2077 782 nuptiarum

381 798 648 866 copulam
695 797 974 863 fecerunt,
1026 803 1254 867 oportet
1295 802 1358 852 ut
1403 814 1576 869 parvo
1607 805 1865 869 tempore
1895 805 2080 852 trans-

381 889 506 937 acto
563 889 762 938 vacent
815 885 1170 939 orationibus
1227 889 1282 938 et
1326 883 1581 954 jejuniis.
1643 887 1858 951 Quibus
1907 886 2080 941 etiam

375 972 541 1042 juxta
616 971 1040 1042 indulgentiam
1111 973 1580 1028 communionem
1656 975 1818 1029 reddi
1887 975 2081 1030 decre—

384 1061 589 1114 vimus.

652 1149 778 1203 CAP.
823 1149 970 1204 XXV.
1001 1177 1074 1191 —
1108 1151 1188 1204 De
1226 1165 1445 1204 numero
1472 1153 1814 1205 maritorum.

457 1236 568 1307 (Ere
594 1236 762 1292 dictis
802 1238 1157 1307 Hieronymi.)
1190 1238 1292 1292 Ubi
1341 1240 1512 1293 fuerit
1544 1255 1819 1294 numerus
1850 1241 2083 1295 marito-

384 1341 536 1394 rum,
570 1325 652 1379 ibi
675 1325 760 1379 vir
786 1327 1054 1397 proprius
1088 1343 1238 1380 unus
1269 1343 1390 1380 esse
1421 1327 1664 1382 desistit.

386 1413 518 1468 CAP.
544 1413 720 1467 XXVI.
774 1443 836 1454 —
871 1417 944 1468 De
968 1417 1198 1482 ingenuo
1221 1415 1451 1478 homine,
1484 1417 1535 1469 si
1578 1417 1801 1471 alterius
1830 1418 2086 1472 ancillam

452 1500 556 1553 pro
603 1487 841 1550 ingenua
896 1489 1179 1554 acceperit,
1236 1490 1285 1538 et
1335 1493 1456 1554 post
1508 1487 1765 1540 ancillam
1810 1504 1927 1542 eam
1977 1503 2087 1543 esse

460 1555 810 1608 intellexerit.

460 1643 567 1710 (Ea:
606 1641 795 1695 concil.
848 1641 1000 1710 apud
1060 1643 1410 1708 Vermeriam,
1451 1645 1541 1697 cui
1583 1645 1837 1710 inter/uit
1859 1647 2088 1715 Pipinus

386 1745 508 1796 rex,
555 1731 734 1797 capite
763 1730 838 1798 7.)
869 1728 926 1782 Si
955 1729 1081 1798 quis
1110 1729 1398 1800 ingenuus
1444 1731 1618 1786 homo
1646 1733 1911 1788 ancillam
1949 1735 2093 1788 alte-
2124 1733 2163 1788 Β

390 1817 512 1871 rius
558 1832 799 1870 uxorem
846 1817 1146 1887 acceperit,
1201 1823 1259 1872 et
1303 1818 1590 1874 existimat
1637 1822 1788 1892 quod
1840 1822 2093 1892 ingenua

393 1905 484 1966 sit,
543 1904 590 1956 si
621 1903 742 1974 ipsa
788 1904 1006 1959 femina
1055 1911 1254 1976 postea
1299 1907 1470 1962 fuerit
1500 1908 1790 1977 inservita,
1828 1911 1874 1964 si
1902 1928 2028 1966 eam
2061 1931 2093 1967 a

394 1992 666 2047 servitute
712 1993 994 2048 redimere
1043 1999 1251 2064 potest,
1301 1995 1512 2051 faciat:
1546 1998 1595 2050 si
1643 2014 1757 2052 non
1787 2005 1996 2068 potest,
2047 2002 2094 2056 si

395 2081 661 2146 voluerit,
703 2080 875 2134 aliam
907 2081 1166 2151 accipiat.
1199 2083 1256 2138 Si
1305 2088 1492 2138 autem
1531 2099 1749 2139 servam
1781 2101 1906 2140 eam
1954 2089 2093 2142 scie-

396 2175 502 2230 rat.
557 2174 616 2224 et
663 2170 1084 2225 collaudaverat
1115 2186 1127 2224 :
1160 2177 1306 2241 post,
1362 2177 1427 2227 ut
1481 2172 1798 2243 legitimam
1863 2175 2092 2232 habeat.

397 2257 674 2313 Similiter
704 2262 760 2313 et
793 2258 1000 2313 mulier
1029 2258 1284 2329 ingenua
1322 2259 1392 2316 de
1437 2276 1599 2315 servo
1631 2262 1866 2317 alterius
1911 2264 2096 2320 facere

398 2345 588 2402 debet.

400 2434 528 2490 CAP.
574 2434 774 2489 XXVII.
819 2463 888 2474 —
918 2436 1217 2502 Defemina
1242 2438 1500 2562 inggnua,
1535 2439 1588 2493 si
1606 2451 1817 2492 servum
1836 2442 2096 2495 maritum

1109 2521 1348 2562 acceperi
1377 2548 1389 2561 .

1109 2521 1389 2561 αοσευεηε.

477 2593 600 2661 (Ea:
626 2591 807 2648 codem
861 2523 1450 2664 concilio,a::e;::‘.8.)
1481 2595 1540 2650 Si
1585 2596 1798 2651 femina
1846 2596 2097 2669 ingenua

403 2678 610 2750 accipit
634 2695 884 2746 servum,
915 2680 1097 2735 sciens
1126 2681 1262 2752 quia
1291 2697 1486 2735 servus
1505 2687 1672 2748 esset,
1697 2683 1904 2739 habeat
1923 2701 2056 2739 eum
2081 2701 2096 2740 :

405 2766 542 2839 quia
565 2783 766 2822 omnes
794 2783 977 2823 unum
1007 2773 1229 2840 patrem
1259 2769 1536 2824 habemus
1563 2769 1623 2824 in
1651 2770 1825 2826 caelis.
1861 2773 1983 2826 Una
2005 2773 2099 2827 lex

403 2856 530 2924 erit,
564 2861 620 2910 et
645 2857 769 2910 viro
799 2862 856 2911 et
895 2857 1140 2912 feminae.

1449 318 1857 380 BURCHARDI
1901 320 2432 378 WORMACIENSIS
2471 317 2802 376 EPISCOPI.

3756 331 3848 382 820

2107 447 2154 499 Α
2191 443 2322 498 dam
2369 440 2654 513 sacrilegii
2685 441 2866 496 instar
2911 444 3014 509 est,
3047 441 3094 496 si
3125 442 3236 497 ulla
3273 444 3718 515 transgressione
3746 447 3853 501 vio-

2185 534 2354 587 letur.

2258 621 2387 674 CAP.
2419 620 2617 674 XXXII.
2647 647 2714 660 —
2751 621 2818 674 De
2845 618 2932 672 his
2961 621 3058 688 qui
3082 635 3305 688 sponsas
3334 622 3542 676 alienas
3563 625 3795 691 rapiunt.

2261 711 2371 779 (Ea:
2401 711 2622 764 concilio
2656 709 2930 776 Mcldensi,
2965 711 3142 779 capite
3172 709 3246 779 5.)
3281 711 3356 763 De
3404 709 3494 762 his
3522 710 3621 781 qui
3645 727 3858 780 sponsas

2187 796 2404 850 alienas
2434 797 2686 868 rapiunt,
2735 797 2967 866 antiqua
2995 802 3050 850 et
3079 797 3366 866 synodalis
3390 799 3674 852 sententia
3694 799 3858 852 obser-

2187 891 2370 940 vetur.
2415 886 2576 950 Quod
2607 890 2664 938 et
2693 885 2739 938 si
2787 889 2929 938 forte
2962 885 3019 938 in
3064 885 3310 938 Ecclesia
3341 891 3582 939 eventus
3615 886 3736 939 talis
3779 903 3859 940 re-

2186 974 2365 1045 periri
2413 974 2784 1045 dignoscitur,
2829 980 2888 1028 ut
2925 991 3027 1044 pro
3060 973 3256 1027 salutis
3287 979 3343 1027 et
3394 975 3692 1043 religionis
3721 991 3857 1028 com-

2189 1063 2440 1134 petentia
2473 1063 2779 1117 humanius
2807 1061 3082 1134 quiddam
3112 1063 3356 1116 debeant
3385 1069 3630 1117 tractare
3661 1064 3863 1134 pontiﬁ-

2189 1167 2301 1215 ces,
2342 1151 2488 1205 sicut
2533 1151 2824 1218 canonica,
2864 1156 2925 1204 ut
2954 1150 3165 1204 eisdem
3200 1150 3390 1204 verbis
3421 1157 3672 1218 utamur,
3724 1152 3862 1204 docet

2190 1239 2519 1307 auctoritas,
2573 1239 2708 1310 quia
2760 1240 2937 1309 prior,
2990 1239 3278 1308 inquiens,
3341 1239 3604 1292 deﬁnitio
3646 1239 3862 1293 durius:

2191 1326 2475 1397 posterior
2515 1332 2706 1380 autem
2743 1326 3016 1397 quiddam
3067 1327 3326 1379 tractavit
3369 1326 3695 1392 humanius,
3730 1328 3862 1380 nullo

2193 1415 2361 1469 modo
2414 1421 2474 1469 ut
2503 1415 2572 1469 ad
2623 1415 2930 1468 maximam
2988 1414 3408 1486 indulgentiam
3463 1416 3862 1482 descendamus,

2194 1504 2430 1558 alterius
2473 1520 2695 1574 sponsae
2738 1509 3025 1573 acceptor,
3069 1503 3189 1557 sine
3219 1504 3453 1575 publica
3500 1511 3741 1558 transeat
3766 1522 3865 1574 pa:-

2196 1591 2460 1647 niteutia.
2516 1592 2681 1658 Quod
2729 1593 2776 1646 si
2823 1593 2946 1646 haec
2993 1592 3224 1646 obedire
3282 1592 3564 1660 renuerit,
3611 1592 3727 1647 sine
3772 1596 3863 1646 ulla

2203 1681 2584 1752 refragatione
2635 1679 3164 1734 anathematizetur.
3223 1681 3501 1735 Fautores
3541 1697 3671 1735 vero
3716 1680 3860 1743 illius,

2193 1769 2357 1839 juxta
2389 1769 2622 1823 modum
2653 1768 2860 1839 culpas,
2891 1768 3147 1840 episcopi
3192 1769 3424 1824 decreto
3473 1771 3790 1839 pceniteant.
3817 1769 3862 1824 Si

2199 1873 2354 1923 vero,
2404 1858 2557 1928 quod
2589 1874 2702 1912 non
2731 1863 3018 1927 optamus,
3051 1857 3122 1912 de
3151 1858 3336 1930 gradu
3387 1859 3757 1913 ecclesiastico
3795 1863 3860 1912 ta-

2199 1943 2349 1997 libus
2379 1943 2598 2014 nuptiis
2630 1961 2687 1998 se
2718 1961 3140 2011 consensorem,
3173 1946 3259 1998 vel
3290 1945 3733 1999 interventorem
3761 1962 3861 2000 ma.

2201 2031 2405 2086 nifeste
2433 2032 2770 2103 prodiderit,
2799 2051 2831 2087 a
2859 2033 3040 2104 gradu
3073 2033 3305 2104 proprio
3339 2035 3707 2103 repellantur.
3746 2035 3799 2088 Et
3823 2034 3859 2088 si

2204 2120 2608 2175 verisimilibus
2661 2121 2863 2176 exinde
2907 2121 3331 2192 suspicionibus
3380 2122 3559 2177 fuerit
3599 2123 3858 2194 propulsa-

2202 2213 2314 2276 tus,
2343 2211 2613 2264 canonice
2639 2225 2696 2263 se
2736 2216 2962 2281 purget.

2363 2293 2492 2349 CAP.
2523 2295 2746 2349 XXXIII.
2777 2324 2850 2337 —
2881 2299 2950 2352 De
2982 2297 3066 2350 his
3094 2299 3193 2367 qui
3227 2299 3470 2363 feminas
3497 2301 3730 2370 rapiunt.

2275 2381 2380 2452 (Ea:
2409 2385 2631 2438 concilio
2671 2385 2821 2453 apud
2852 2386 3192 2454 Aquisgran.
3239 2389 3425 2455 capite
3472 2387 3556 2456 3.)
3587 2385 3779 2442 Placuit
3816 2389 3865 2438 ut

2204 2470 2264 2526 hi
2295 2472 2394 2542 qui
2443 2472 2671 2542 rapiunt
2712 2472 2974 2537 feminas,
3008 2474 3093 2528 vel
3125 2475 3414 2539 furantur,
3463 2482 3564 2528 aut
3603 2476 3863 2540 seducunt,

2205 2575 2299 2612 eas
2332 2559 2658 2614 nullatenus
2689 2561 2936 2615 habeant
2968 2578 3192 2625 uxores,
3240 2563 3509 2633 quamvis
3537 2565 3616 2616 eis
3652 2568 3870 2634 postmo-

2206 2648 2346 2702 dum
2393 2649 2718 2718 conveniat,
2763 2654 2860 2703 aut
2903 2666 2998 2704 eas
3042 2650 3387 2721 dotaverint,
3427 2653 3516 2706 vel
3574 2652 3869 2722 nuptialiter

2206 2751 2336 2790 cum
2379 2752 2657 2791 consensu
2686 2743 2990 2809 parentum
3021 2755 3258 2794 suorum
3303 2741 3648 2811 acceperint.
3685 2741 3738 2795 Si
3765 2740 3869 2810 quis

2207 2830 2400 2879 autem
2435 2841 2666 2881 uxorem
2711 2827 2921 2881 habere
2951 2827 3219 2890 voluerit.
3254 2830 3536 2884 canonice
3566 2834 3620 2883 et
3645 2830 3870 2900 legaliter

2208 2930 2333 2968 eam
2377 2914 2634 2984 accipiat,
2668 2919 2725 2969 et
2756 2931 2872 2969 non
2903 2915 3104 2986 rapiat.
3139 2916 3248 2980 Qui
3287 2934 3425 2971 vero
3458 2934 3582 2972 eam
3631 2916 3864 2988 rapuerit,

2131 3014 2172 3069 ο
2209 3004 2296 3056 vel
2325 3003 2547 3059 fin-atus
2575 3003 2768 3073 fuerit,
2805 3009 2901 3058 aut
2941 3005 3246 3070 seduxerit,
3283 3021 3589 3078 nunquam
3618 3022 3733 3060 eam
3762 3022 3868 3060 uxo-

2211 3108 2333 3146 rem
2364 3092 2586 3146 habeat.

2596 3177 2722 3231 CAP.
2757 3177 2968 3231 XXXIV.
3003 3205 3070 3218 —
3105 3178 3183 3231 De
3223 3177 3410 3232 eadem
3445 3195 3524 3233 re.

2285 3266 2392 3335 (Ea:
2444 3265 2665 3320 concilio
2708 3264 2989 3331 Meldensi,
3044 3267 3222 3336 capite
3257 3265 3366 3335 IO.)
3424 3267 3535 3331 Qui
3579 3282 3702 3320 vero
3743 3265 3869 3319 dein-

2213 3369 2344 3423 ceps
2412 3369 2610 3424 rapere
2676 3352 2926 3422 virgines
2966 3353 3462 3424 prwsumpsei‘int,
3531 3355 3617 3408 vel
3678 3354 3866 3415 viduas,

2214 3441 2530 3496 secundum
2589 3441 2921 3512 synodalem
2977 3440 3127 3495 beati
3179 3442 3444 3512 Gregorii
3495 3442 3866 3504 deﬁnitionem,

2212 3527 2342 3600 ipsi,
2374 3533 2431 3582 et
2459 3528 2764 3598 complices
2795 3544 2994 3582 eorum
3024 3528 3608 3595 anathematizentur,
3640 3535 3868 3599 etraptoo

2215 3633 2304 3671 res
2335 3617 2458 3671 sine
2487 3633 2585 3688 spe
2611 3617 2865 3688 conjugii
2895 3622 3174 3689 perpetuo
3209 3625 3506 3673 maneant.

406 2945 536 3000 CAP.
570 2945 796 2999 XXVIII.
815 2973 890 2986 —-
917 2947 990 2999 De
1011 2947 1242 3012 legitime
1262 2946 1586 3014 conjunctis,
1617 2949 1666 3001 si
1685 2947 1824 3001 alter
1843 2963 2023 3002 eorum
2040 2951 2099 3004 in

947 3019 1237 3071 amentiam
1266 3017 1555 3071 devenerit.

485 3105 594 3168 (Ea:
616 3104 844 3172 epistola
881 3105 1094 3158 Nicolai
1118 3105 1192 3158 ad
1229 3106 1478 3161 Carolum
1515 3105 1756 3172 Mogunl.
1797 3109 2103 3177 episcOpum

412 3193 628 3259 missa.)
677 3191 735 3245 Si
781 3191 880 3260 qui
927 3191 1360 3246 matrimonium
1409 3193 1533 3246 sani
1583 3196 1990 3263 contraxerint,
2047 3201 2106 3250 et

413 3279 518 3334 nni
548 3296 615 3334 ex
663 3279 887 3334 duobus
916 3280 1190 3348 amentia,
1241 3285 1338 3335 aut
1367 3281 1546 3347 furor,
1577 3287 1676 3336 aut
1723 3284 1914 3354 aliqua
1943 3286 2106 3340 inﬁr-

415 3367 586 3422 mitas
633 3367 947 3435 accesserit,
979 3367 1050 3422 ob
1097 3367 1243 3422 hanc
1283 3369 1677 3424 inﬁrmitatem
1726 3372 1994 3444 conjugia
2021 3381 2105 3429 ta-

417 3457 559 3512 lium
595 3456 737 3510 solvi
767 3472 884 3510 non
929 3461 1187 3527 possunt.
1219 3457 1492 3512 Similiter
1530 3459 1889 3515 sentiendum
1919 3462 1988 3516 de
2018 3463 2106 3517 bis

416 3545 519 3618 qui
543 3545 615 3600 ab
639 3545 978 3600 adversariis
1021 3549 1392 3613 exerceantur,
1425 3550 1523 3600 aut
1569 3547 1843 3602 membris
1873 3548 2107 3604 detrun-

415 3639 638 3690 cantur.

490 3724 619 3778 CAP.
652 3723 822 3777 XXIX.
850 3753 919 3762 -—-
948 3725 1024 3777 De
1051 3724 1308 3792 legitimis
1346 3726 1711 3780 matrimoniis
1741 3740 2033 3780 servorum.

491 3812 598 3882 (Ea:
627 3812 849 3866 concilio
875 3811 1161 3878 Cabillon.,
1195 3815 1371 3881 capite
1404 3814 1516 3880 30.)
1551 3813 1774 3867 Dictum
1805 3819 1890 3868 est
1919 3815 2106 3882 nobis,

417 3897 571 3969 quod
602 3898 837 3968 quidam
866 3897 1124 3967 legitima
1156 3914 1446 3952 servorum
1475 3900 1840 3954 matrimonia
1869 3907 2112 3970 potesta-

415 3987 531 4040 tiva
561 3985 808 4055 quadam
843 3985 1290 4056 praesumptione
1327 3986 1622 4054 dirimant,
1656 4004 1772 4042 non
1803 3990 2108 4044 attenden-

417 4078 503 4127 tes
533 4073 677 4127 illud
725 4073 1116 4142 evangelicum
1151 4089 1163 4126 :
1199 4071 1357 4136 Quod
1393 4075 1538 4127 Deus
1581 4076 1897 4147 conjunxit,
1936 4077 2108 4132 homo

421 4177 534 4215 non
591 4166 829 4230 separet.
888 4161 1044 4214 Unde
1116 4159 1283 4214 nobis
1336 4160 1519 4216 visum
1577 4168 1666 4217 est
1716 4169 1779 4218 ut
1841 4167 2110 4236 conjugia

421 4265 714 4303 servorum
744 4264 860 4302 non
900 4247 1260 4317 dirimentur,
1297 4249 1521 4304 etiamsi
1553 4251 1800 4306 diversos
1843 4253 2110 4309 dominos

418 4337 670 4392 habeant
700 4352 714 4389 :
750 4336 842 4389 sed
876 4334 934 4389 in
963 4353 1080 4390 uno
1109 4337 1377 4408 conjugia
1407 4346 1829 4410 permanentes,
1865 4341 2112 4398 dominis

421 4425 674 4480 serviant
705 4424 840 4478 suis.
896 4425 964 4479 Et
996 4426 1101 4480 hoc
1145 4426 1204 4480 in
1241 4427 1356 4481 illis
1408 4428 1824 4484 observ'andum
1854 4435 1956 4496 est,
2013 4431 2111 4487 ubi

418 4513 617 4583 legalis
673 4513 998 4584 conjunctio
1060 4513 1190 4583 fuit,
1253 4520 1310 4570 et
1367 4531 1470 4587 per
1520 4517 1871 4571 voluntatem
1924 4519 2108 4574 domi-

420 4617 648 4657 norum.

491 4691 621 4746 CAP.
649 4692 790 4746 XXX.
826 4721 894 4732 —
920 4692 986 4746 Si
1019 4693 1222 4758 furiosi
1263 4694 1612 4746 matrimonia
1649 4697 2034 4750 contraxerint.

488 4780 600 4848 (Ea:
628 4780 834 4834 decreto
863 4780 1097 4834 Fabiani
1110 4795 1287 4850 papa.
1313 4783 1490 4850 capite
1521 4783 1596 4852 5.)
1626 4782 1822 4852 Neque
1843 4783 2110 4851 furiosus,

417 4885 605 4940 neque
635 4869 849 4923 furiosa
881 4868 1310 4925 matrimonium
1342 4870 1678 4925 contrahere
1713 4878 1978 4942 possunt;
2011 4874 2111 4930 sed

417 4954 466 5009 si
494 4960 852 5009 contractum
883 4955 1077 5021 fuerit,
1110 4971 1225 5009 non
1255 4963 1611 5026 separentur.

415 5044 541 5098 CAP.
574 5045 747 5098 XXXI.
779 5072 851 5083 —
874 5045 950 5098 De
971 5043 1295 5112 desponsata
1310 5047 1514 5114 puella,
1533 5049 1585 5101 si
1603 5047 1742 5100 alter
1761 5062 1878 5102 eam
1898 5049 1958 5102 in
1989 5064 2110 5104 ma-

865 5115 1179 5168 trimonium
1203 5119 1376 5184 possit
1405 5120 1662 5186 accipere.

487 5201 596 5271 (Ea:
621 5204 780 5271 epist.
811 5203 1022 5270 Syricii
1047 5218 1222 5272 papas,
1260 5207 1435 5273 capite
1460 5205 1539 5273 4.)
1573 5205 1649 5259 De
1682 5204 1970 5276 conjugali
1999 5222 2109 5262 au—

414 5295 529 5345 tem
561 5289 869 5344 violatione
910 5290 1218 5361 requisisti,
1262 5291 1309 5345 si
1353 5291 1754 5362 desponsatam
1799 5293 1894 5347 alii
1943 5295 2106 5364 puel-

414 5377 546 5442 lam,
601 5379 747 5433 alter
787 5378 848 5431 in
879 5378 1310 5434 matrimonium
1354 5380 1532 5451 possit
1560 5381 1836 5450 accipere.
1873 5382 1988 5434 Hoc
2034 5398 2106 5437 ne

414 5467 512 5521 tiat
542 5467 726 5520 modis
773 5466 1042 5521 omnibus
1085 5468 1414 5522 inhibemus
1447 5485 1460 5523 :
1491 5469 1626 5539 quia
1656 5470 1753 5522 illa
1784 5469 2106 5525 benedictio

414 5569 587 5626 quam
621 5558 887 5625 nupturae
915 5553 1176 5609 sacerdos
1205 5553 1467 5626 imponit,
1498 5555 1648 5626 apud
1683 5556 1871 5609 tideles
1901 5557 2100 5625 cujus-

2215 3723 2344 3780 CAP.
2364 3725 2558 3779 XXXV.
2587 3753 2656 3764 -—
2678 3725 2757 3778 De
2779 3725 2864 3778 his
2887 3726 2984 3794 qui
3012 3727 3237 3793 rapiunt
3257 3725 3474 3793 puellas
3485 3726 3582 3780 sub
3611 3726 3799 3779 nomine
3810 3724 3868 3777 si-

2836 3796 2949 3849 mul
2979 3795 3286 3849 habitandi.
3608 3820 3623 3836 ο

2287 3879 2396 3951 (Ea:
2425 3882 2646 3936 concilio
2696 3881 2944 3938 Chalced.
2993 3884 3174 3950 capite
3217 3881 3330 3952 27.)
3363 3882 3478 3936 Eos
3531 3882 3629 3953 qui
3673 3881 3870 3950 rapiunt

2219 3968 2487 4022 mulieres
2533 3969 2639 4023 sub
2685 3971 2922 4024 nomine
2953 3969 3125 4024 simul
3173 3969 3493 4035 habitandi,
3541 3973 3868 4042 cooperantes

2219 4061 2408 4109 autem
2459 4062 2516 4109 et
2566 4058 2932 4111 conniventes
2999 4057 3347 4128 raptoribus,
3413 4059 3662 4113 decrevit
3710 4063 3867 4110 sancta

2218 4145 2470 4214 synodus
2501 4150 2563 4199 ut
2591 4146 2637 4200 si
2663 4146 2899 4216 quidem
2929 4147 3117 4200 clerici
3148 4150 3300 4212 sunt,
3333 4147 3604 4202 decidant
3630 4147 3695 4202 de
3721 4143 3867 4217 gradu

2223 4233 2451 4304 proprio
2477 4251 2490 4299 ;
2521 4233 2566 4287 si
2597 4250 2726 4288 vero
2758 4234 2906 4302 laici,
2936 4235 3517 4291 anathematizentur.

2143 4288 2182 4342 D
2223 4288 2351 4377 CAP:
2380 4288 2596 4378 XXXVI.
2635 4353 2704 4362 --
2731 4325 2804 4378 De
2836 4288 3030 4392 puellis
3060 4327 3239 4392 raptis
3283 4288 3525 4378 nondum
3557 4322 3864 4393 desponsatas.

2290 4411 2401 4476 (Ea:
2431 4408 2650 4465 concilio
2680 4411 2977 4477 Cabillon.,
3025 4414 3204 4480 capite
3228 4415 3341 4479 27.)
3375 4413 3455 4467 De
3503 4412 3700 4482 puellis
3724 4407 3867 4479 raptis

2221 4500 2464 4553 necdum
2514 4499 2866 4570 desponsatis
2896 4500 2954 4554 in
2997 4499 3449 4555 Chalcedonensi
3498 4500 3726 4555 concilio
3766 4495 3866 4550 scri-

2221 4591 2382 4656 ptum
2413 4592 2496 4640 est
2529 4603 2541 4641 :
2572 4588 2678 4641 Eos
2706 4587 2805 4658 qui
2832 4587 3065 4658 rapiunt
3093 4589 3314 4658 puellas
3344 4589 3454 4644 sub
3485 4589 3704 4644 nomine
3727 4581 3865 4638 simul

2219 4674 2535 4743 habitandi,
2602 4681 2973 4746 cooperantes
3039 4682 3094 4730 et
3158 4677 3527 4731 conniveutes
3590 4673 3865 4747 raptoribus

2220 4762 2470 4817 decrevit
2528 4768 2722 4818 sancta
2774 4765 3021 4836 synodus
3067 4770 3130 4818 ut
3175 4765 3462 4836 siquidem
3523 4765 3700 4820 clerici
3740 4763 3862 4823 sunt,

2219 4851 2484 4906 decidant
2523 4851 2592 4905 de
2621 4851 2801 4921 gradu
2832 4853 3068 4924 proprio
3103 4869 3116 4907 :
3150 4853 3196 4906 si
3227 4870 3362 4907 vero
3393 4854 3541 4919 laici,
3572 4852 3864 4907 anathema-

2217 4939 2483 4994 tizentur.
2513 4939 2728 5003 Quibus
2759 4941 2943 4994 verbis
2972 4941 3138 4996 datur
3165 4941 3430 5013 intelligi,
3465 4942 3699 5014 qualiter
3724 4938 3863 5005 hujus

2219 5027 2357 5083 mali
2413 5033 2673 5082 auctores
2729 5029 3043 5084 damnandi
3099 5035 3230 5084 sunt
3269 5047 3283 5084 :
3319 5031 3549 5101 quando
3603 5027 3861 5099 participes

2215 5116 2522 5171 consilium
2566 5117 2942 5172 conniventes
2986 5122 3145 5172 tanto
3191 5119 3554 5174 anathemate
3597 5115 3857 5173 feriuntur,

2217 5209 2274 5259 et
2297 5205 2458 5274 juxta
2505 5205 2843 5260 canonicam
2891 5206 3286 5260 auctoritatem
3339 5208 3408 5261 ad
3455 5204 3706 5276 conjugia
3745 5199 3857 5268 legi-

2215 5293 2355 5348 tima
2385 5299 2576 5364 raptas
2603 5294 2714 5348 sibi
2737 5295 2868 5364 jure
2899 5294 3190 5348 vindicare
3223 5295 3548 5350 nullatenus
3572 5294 3798 5364 possunt.

2464 5382 2594 5438 CAP.
2626 5383 2865 5438 XXXVII.
2895 5411 2968 5424 —
2993 5387 3071 5440 De
3092 5387 3270 5453 raptis
3299 5385 3646 5454 desponsatis.

2286 5470 2405 5539 (Ea:
2439 5472 2663 5526 concilio
2698 5470 2998 5542 Toletano.)
3025 5472 3270 5526 Proinde
3302 5472 3530 5543 placuit,
3576 5474 3728 5538 atque
3764 5467 3852 5516 sta-

2215 5561 2398 5612 tutum
2449 5563 2534 5613 est
2560 5576 2593 5612 a
2627 5577 2788 5612 sacro
2829 5565 3132 5623 conventu,
3189 5565 3254 5613 ut
3297 5561 3342 5612 si
3373 5557 3578 5628 aliquis
3622 5561 3842 5624 sponsam
