3972 6192
134 295 249 352 821

138 422 400 475 alterius
438 421 719 491 rapuerit,
775 421 1006 492 publica
1044 423 1385 493 paenitentia
1432 426 1757 489 mulctetur,
1809 433 1863 482 et
1890 435 1935 485 A

139 511 287 563 sine
322 528 419 581 spe
458 510 716 582 conjugii
765 516 1013 565 maneat.
1062 513 1126 565 Et
1165 513 1211 565 si
1246 513 1369 583 ipsa
1406 515 1594 569 eidem
1637 516 1867 570 crimini

140 599 533 653 consentiens
567 616 682 653 non
710 599 838 665 fuit,
874 600 1101 653 licentia
1131 602 1385 657 nubendi
1414 603 1510 657 alii
1543 620 1657 657 non
1692 621 1865 674 nege-

142 690 278 740 tur.
314 687 474 750 Quod
506 687 553 740 si
584 693 641 740 et
669 687 781 757 ipsi
812 695 940 758 post
968 688 1090 742 haec
1119 706 1178 742 se
1206 690 1554 760 conjungere
1586 708 1865 760 praesum-

144 778 405 844 pserint,
452 777 682 847 utrique
716 792 898 846 usque
945 777 1017 831 ad
1048 778 1494 833 satisfactionem
1530 781 1863 834 anathema-

146 866 436 921 tizentur.

538 955 668 1009 CAP.
700 956 971 1010 XXXVIII.
1006 987 1075 996 —
1104 960 1177 1011 De
1204 958 1386 1012 eadem
1414 974 1491 1012 re.

233 1046 351 1109 (Ea:
371 1045 592 1097 concilio
625 1046 922 1108 Ancirano,
943 1048 1120 1114 capite
1152 1047 1266 1113 lO.)
1301 1048 1674 1117 Desponsatas
1707 1047 1865 1117 puel-

156 1133 274 1199 las,
308 1137 362 1186 et
392 1138 523 1202 post
547 1133 618 1185 ab
649 1132 774 1186 aliis
805 1138 1014 1203 raptas,
1050 1136 1263 1204 placuit
1292 1136 1437 1201 erui,
1466 1141 1525 1189 et
1552 1136 1633 1189 eis
1680 1136 1861 1201 reddi,

156 1222 379 1291 quibus
411 1227 543 1275 ante
574 1222 804 1275 fuerant
828 1223 1203 1292 desponsata,
1236 1224 1458 1278 etiamsi
1491 1225 1570 1279 eis
1604 1242 1634 1278 a
1671 1232 1862 1297 rapto-

155 1310 327 1364 ribus
358 1310 440 1363 vis
469 1310 628 1363 illata
657 1310 995 1364 constiterit.

560 1398 687 1452 CAP.
724 1400 939 1453 XXXIX.
975 1429 1044 1439 —
1070 1403 1144 1454 De
1174 1401 1358 1454 eadem
1381 1416 1457 1454 re.

240 1487 360 1556 (Ea:
388 1489 608 1541 concilio
640 1487 921 1552 Meldensi,
953 1491 1130 1557 capite
1168 1492 1279 1559 65.)
1312 1489 1367 1543 Si
1395 1494 1587 1543 autem
1621 1489 1863 1544 necdum

160 1592 265 1630 eas
319 1593 464 1647 quas
528 1583 838 1645 rapuerant
883 1593 1014 1631 cum
1075 1579 1366 1633 voluntate
1423 1583 1727 1649 parentum
1758 1581 1863 1634 sub

159 1664 406 1733 praefato
438 1664 857 1735 desponsionis,
889 1666 975 1720 vel
1006 1666 1247 1721 dotalitii
1294 1667 1523 1721 nomine
1554 1668 1615 1721 in
1664 1669 1861 1739 conju-

161 1754 327 1823 gium
355 1758 614 1823 sumptas
640 1754 870 1819 habent,
902 1756 1133 1825 quando
1166 1756 1225 1809 in
1256 1756 1515 1810 omnium
1547 1773 1711 1810 aures
1741 1758 1863 1811 haec

162 1843 340 1896 fuerit
369 1843 701 1896 constitutio
730 1845 1114 1914 promulgata,
1151 1844 1219 1898 ab
1242 1860 1439 1899 earum
1462 1846 1865 1915 conjunctione

163 1936 528 2002 separentur,
563 1936 616 1985 et
646 1932 890 2002 publica:
912 1933 1263 2003 paenitentiae
1286 1934 1643 2004 subigantur.
1667 1935 1863 2005 Rapta:

164 2025 360 2073 autem
396 2021 733 2089 parentibus
756 2021 1017 2091 legaliter
1058 2022 1462 2079 restituantur.
1517 2025 1648 2077 Post
1678 2030 1862 2079 actam

164 2125 298 2162 vero
326 2109 616 2180 publicam
644 2109 1060 2180 paenitentiam,
1103 2110 1149 2163 si
1190 2116 1327 2164 aetas
1359 2116 1414 2165 et
1451 2111 1864 2167 incontinentia

166 2196 452 2265 exegerit,
506 2197 759 2266 legitimo
809 2202 865 2249 et
920 2213 985 2250 ex
1040 2197 1298 2269 utrisque
1346 2199 1606 2269 partibus
1653 2199 1862 2269 placito

165 2284 440 2354 conjugio
471 2285 776 2338 socientur.
813 2285 953 2338 Nam
983 2285 1041 2338 in
1090 2286 1179 2340 his
1209 2303 1325 2339 non
1358 2290 1617 2357 regulam
1653 2286 1862 2341 consti-

165 2374 405 2440 tuimus,
449 2374 564 2440 sed,
601 2379 664 2427 ut
709 2373 900 2427 verbis
943 2374 1128 2444 Magni
1173 2374 1379 2429 Leonis
1426 2379 1676 2437 utamur,
1724 2375 1863 2445 quid

163 2462 237 2515 sit
282 2461 642 2515 tolerabilius
690 2463 1061 2516 aestimamus.
1111 2464 1269 2528 Quod
1302 2464 1349 2516 si
1385 2480 1531 2517 unus
1561 2480 1627 2516 ex
1665 2464 1861 2534 conju-

166 2550 312 2621 gatis
359 2550 583 2615 obierit,
610 2551 658 2603 is
696 2551 795 2621 qui
838 2551 1125 2622 publicam
1155 2552 1549 2623 paenitentiam
1576 2552 1778 2622 egerit,
1810 2556 1866 2607 et

166 2644 459 2707 superstes
484 2639 782 2705 exstiterit,
805 2639 1011 2693 iterare
1032 2640 1367 2711 conjugium
1390 2656 1507 2694 non
1529 2645 1860 2711 praesumat,

166 2727 277 2780 nisi
322 2727 470 2781 forte
523 2728 826 2798 episcopus
870 2729 1199 2799 prawiderit
1245 2729 1501 2799 aliquam
1555 2730 1864 2783 concedere

165 2816 612 2886 indulgentiam,
662 2820 728 2871 ut
778 2817 1099 2888 graviorem
1138 2818 1319 2888 possit
1366 2834 1625 2873 amovere
1679 2819 1863 2873 otl‘en-

165 2920 309 2958 sam.

165 3011 298 3065 Car.
334 3010 437 3064 XL.
479 3040 549 3051 —
578 3014 648 3065 De
688 3011 771 3065 his
807 3013 905 3079 qui
940 3014 999 3065 in
1028 3015 1371 3066 matrimonio
1402 3013 1585 3082 juncti
1620 3017 1765 3078 sunt,
1814 3018 1864 3067 et

631 3083 970 3136 concumbere
996 3100 1102 3137 non
1127 3090 1373 3153 possunt.

241 3171 356 3238 (E1:
395 3173 553 3239 epist.
602 3171 757 3238 Greg.
819 3172 893 3225 ad
946 3174 1201 3226 Joannem
1244 3176 1603 3228 Ravennatem
1661 3174 1864 3241 episco-

164 3261 349 3327 pum.)
378 3259 537 3322 Quod
562 3265 754 3313 autem
778 3260 1144 3330 interrogasti
1166 3261 1235 3315 de
1257 3261 1344 3314 his
1366 3261 1465 3331 qui
1494 3261 1862 3315 matrimonio

158 3347 353 3414 juncti
401 3352 555 3413 sunt,
606 3354 663 3401 et
704 3349 920 3402 nubere
963 3366 1081 3402 non
1124 3355 1383 3420 possunt,
1436 3349 1482 3401 si
1524 3350 1620 3403 ille
1667 3351 1865 3419 aliam,

163 3436 252 3488 vel
283 3435 384 3488 illa
417 3435 592 3488 alium
634 3435 840 3490 ducere
893 3438 1091 3506 possit,
1145 3438 1353 3508 quibus
1398 3437 1675 3507 scriptum
1729 3442 1859 3491 est:

164 3523 264 3575 Vir
303 3528 361 3577 et
398 3522 610 3577 mulier
647 3524 694 3576 si
746 3540 805 3578 se
857 3525 1281 3594 conjunxerint,
1331 3529 1386 3577 et
1433 3530 1629 3595 postea
1656 3524 1864 3578 dixerit

169 3611 385 3666 mulier
424 3612 493 3666 de
523 3613 665 3680 viro,
699 3614 851 3683 quod
882 3630 995 3667 non
1019 3613 1198 3684 possit
1218 3614 1370 3668 coire
1401 3630 1529 3667 cum
1564 3630 1653 3679 eo,
1687 3613 1733 3667 si
1762 3629 1861 3683 po-

166 3707 279 3755 test
326 3701 569 3770 probare
608 3718 707 3771 per
746 3703 964 3769 justum
1003 3703 1287 3773 judicium
1336 3702 1487 3772 quod
1532 3718 1731 3755 verum
1771 3702 1861 3768 sit,

169 3790 415 3859 accipiat
447 3790 621 3843 alium
656 3807 669 3843 :
702 3790 749 3843 si
780 3796 970 3844 autem
1012 3791 1108 3845 ille
1139 3791 1310 3844 aliam
1355 3790 1655 3860 acceperit,
1696 3807 1865 3861 sepa-

168 3884 395 3932 rentur.

610 3967 738 4021 CAP.
771 3966 911 4021 XLI.
944 3996 1013 4007 ——
1049 3970 1118 4021 De
1142 3967 1328 4023 eadem
1358 3983 1434 4021 re.

244 4057 363 4120 (Ea:
393 4058 613 4110 concilio
640 4056 789 4125 apud
824 4057 1155 4110 Vermeriam
1203 4057 1528 4125 temporibus
1570 4058 1752 4125 Pipini
1788 4070 1868 4109 rc-

172 4147 279 4213 gis,
300 4148 480 4214 capite
518 4145 623 4213 t7.)
675 4145 733 4199 Si
792 4161 906 4216 qua
952 4144 1161 4199 mulier
1209 4145 1666 4215 proclamaverit,
1712 4145 1865 4214 quod

169 4234 255 4287 vir
305 4249 443 4286 suus
492 4249 789 4304 nunquam
830 4249 960 4287 cum
1008 4250 1071 4287 ea
1105 4233 1329 4297 coisset,
1382 4238 1584 4287 exeant
1614 4232 1746 4286 inde
1795 4232 1862 4287 ad

169 4338 397 4376 crucem
435 4338 446 4374 :
490 4328 545 4376 et
565 4323 610 4375 si
640 4338 838 4377 verum
876 4323 1067 4386 fuerit,
1102 4327 1460 4393 separentur,
1494 4328 1549 4377 et
1572 4322 1669 4376 illa
1698 4321 1868 4377 faciat

170 4409 327 4481 quod
353 4411 493 4463 vult.

613 4496 743 4550 CAP.
770 4498 924 4551 XLII.
957 4526 1026 4537 —
1051 4500 1124 4552 De
1151 4497 1335 4551 eadem
1354 4514 1430 4551 re.

246 4584 356 4654 (Ea:
386 4587 609 4639 concilio
653 4586 803 4654 apud
842 4586 1250 4655 Compendium,
1291 4589 1467 4655 capite
1504 4584 1618 4654 20.)
1654 4585 1707 4639 Si
1741 4585 1868 4656 quis

174 4674 394 4743 accepit
425 4689 679 4738 uxorem,
713 4680 770 4727 et
799 4674 1001 4729 habuit
1026 4674 1207 4744 ipsam
1253 4674 1447 4745 aliquo
1491 4679 1770 4745 tempore,
1813 4680 1871 4729 et

171 4763 299 4832 ipsa
330 4763 545 4815 femina
574 4762 710 4815 dicit
756 4763 914 4833 quod
964 4779 1079 4817 non
1132 4763 1339 4817 coisset
1394 4779 1523 4816 cum
1559 4779 1644 4828 ea,
1676 4770 1733 4817 et
1774 4763 1868 4817 ille

178 4850 259 4903 vir
292 4850 430 4904 dicit
468 4850 622 4920 quod
674 4851 752 4903 sic
798 4851 949 4917 fecit,
995 4852 1056 4904 in
1106 4850 1341 4905 veritate
1390 4850 1496 4904 viri
1552 4850 1866 4905 consistat.

176 4938 315 5009 quia
346 4938 432 4991 vir
461 4944 732 5008 caputest
765 4939 1039 4992 mulieris.

582 5028 707 5080 CAP.
741 5028 924 5083 XLIII.
965 5057 1036 5069 —
1060 5031 1133 5082 De
1171 5028 1355 5082 eadem
1385 5044 1459 5082 re.

251 5118 355 5185 (Em
385 5117 605 5169 concilio
641 5116 879 5180 Tribur.,
918 5120 1092 5185 capite
1129 5118 1207 5185 3.)
1250 5117 1346 5170 Vir
1386 5116 1433 5169 si
1479 5115 1705 5169 duxerit
1735 5132 1872 5169 uxo-

181 5219 301 5257 rem
329 5204 711 5257 concumbere
756 5220 885 5257 cum
930 5221 996 5257 ea
1032 5220 1148 5258 non
1192 5204 1409 5265 valens,
1449 5209 1505 5256 et
1534 5204 1711 5256 frater
1751 5203 1873 5273 ejus

180 5291 437 5345 clanculo
474 5307 601 5344 eam
642 5291 943 5358 vitiaverit,
985 5296 1042 5346 et
1082 5292 1377 5362 gravidam
1421 5290 1752 5357 reddiderit,
1780 5307 1870 5344 se-

184 5385 478 5449 parentur.
520 5380 890 5434 Considerata
925 5386 1119 5434 autem
1178 5379 1591 5444 imbecillitate,
1649 5380 1872 5434 miseri-

185 5468 376 5521 cordia
405 5468 488 5522 eis
514 5468 878 5538 impartiatur
904 5469 973 5523 ad
1006 5468 1362 5539 conjugium,
1402 5472 1625 5522 tantum
1673 5466 1733 5520 in
1764 5468 1872 5521 Do-

190 5567 364 5607 11111ὶο.

1162 303 1636 359 ΒΕΟΒΕΤΟΒΟΜ
1688 305 1872 362 LIBRI
1913 307 2020 362 XX.
2066 336 2130 346 —
2175 304 2392 362 LIBER
2430 306 2672 363 NONUS.

3561 317 3665 370 822

2392 430 2517 484 CAP.
2552 431 2723 486 XLIV.
2758 462 2825 473 —
2854 434 2927 486 De
2955 433 3137 487 eadem
3166 448 3247 489 re.

2046 517 2161 582 (Ex
2195 520 2354 586 epist.
2398 519 2644 589 Gregor.)
2682 522 2755 573 De
2790 520 2875 573 his
2930 522 3246 592 acquisitis,
3286 522 3385 593 qui
3423 524 3496 576 ob
3529 540 3660 578 cau.

1974 622 2093 659 sam
2128 606 2349 675 frigidae
2385 613 2603 662 naturae
2643 625 2700 663 se
2743 610 2942 663 dicunt
2982 627 3097 664 non
3136 627 3298 680 posse
3330 613 3388 665 iu
3420 612 3665 666 invicem

1973 710 2205 764 operam
2237 696 2423 749 carnis
2462 697 2663 752 dantes
2704 699 3060 752 commisceri
3093 716 3104 753 :
3140 701 3250 754 Iste
3280 716 3412 754 vero
3467 701 3512 753 si
3544 716 3663 753 non

1970 787 2156 851 potest
2185 799 2247 836 ea
2282 784 2364 837 uti
2391 800 2494 854 pro
2530 802 2727 849 uxore,
2760 787 2968 840 habeat
3000 788 3162 857 quasi
3195 805 3469 843 sororem.
3504 789 3665 853 Quod

1972 870 2352 925 retinaculum
2422 871 2620 943 jugale
2702 876 2900 929 volunt
2942 876 3313 940 rescindere,
3390 886 3662 932 maneant

1970 959 2200 1030 utrique
2236 959 2464 1031 innupti
2498 978 2511 1014 :
2548 977 2680 1014 nam
2719 963 2765 1015 si
2793 963 2927 1016 huic
2956 979 3070 1016 non
3103 965 3289 1033 potuit
3330 967 3667 1019 naturaliter

1971 1049 2335 1113 concordare,
2368 1050 2658 1119 quomodo
2690 1051 2853 1103 alteri
2884 1052 3221 1106 conveniet?
3254 1053 3431 1123 igitur
3480 1054 3527 1107 si
3575 1054 3662 1107 vir

1969 1136 2140 1189 aliam
2176 1138 2294 1189 vult
2342 1137 2597 1207 accipere
2630 1154 2887 1201 uxorem,
2941 1140 3242 1193 manifesta
3290 1141 3435 1193 ratio
3479 1145 3656 1210 patet,

1972 1224 2107 1295 quia
2139 1226 2519 1279 succendeute
2551 1225 2780 1279 diabolo
2812 1226 2925 1280 odii
2959 1227 3234 1290 fomitem,
3270 1245 3499 1282 exesam
3538 1246 3663 1283 eam

1971 1313 2188 1381 habuit,
2222 1320 2277 1368 et
2308 1313 2516 1366 idcirco
2561 1314 2721 1367 illam
2747 1314 3035 1368 dimittere
3081 1316 3359 1369 mendacii
3411 1316 3661 1371 falsitate

1975 1401 2222 1455 molitur.
2278 1401 2441 1465 Quod
2475 1402 2520 1454 si
2580 1404 2784 1455 mulier
2839 1409 3125 1471 causatur,
3193 1408 3249 1457 et
3312 1404 3467 1469 dicit,
3521 1405 3656 1458 Volo

1974 1494 2156 1542 mater
2223 1506 2343 1543 esse
2428 1492 2484 1543 et
2539 1490 2684 1543 lilios
2754 1507 3078 1560 procreare,
3158 1500 3396 1562 uterque
3462 1510 3663 1546 eorum

1970 1578 2212 1648 septima
2276 1594 2449 1631 manu
2532 1580 2988 1649 propinquorum
3049 1582 3212 1634 tactis
3289 1583 3664 1635 sacrosanctis

1972 1666 2249 1737 reliquiis,
2292 1667 2670 1738 jurejurando
2712 1667 2860 1721 dicat
2909 1673 2972 1722 ut
3017 1685 3315 1739 nunquam
3366 1686 3466 1738 per
3505 1686 3661 1723 com-

1973 1756 2300 1810 mistionem
2359 1756 2543 1809 carnis
2602 1756 2890 1825 conjuncti
2961 1772 3074 1810 una
3109 1773 3240 1810 caro
3283 1756 3469 1811 etl‘ecti
3522 1757 3662 1810 fuis-

1974 1849 2118 1911 sent,
2168 1849 2303 1898 tunc
2352 1844 2577 1898 videtur
2638 1846 2939 1898 mulierem
2990 1845 3264 1899 secundas
3308 1861 3474 1916 posse
3522 1861 3663 1898 con—

1973 1934 2199 1986 trahere
2237 1932 2482 2002 nuptias.
2525 1934 2853 1988 Humanum
2902 1934 3026 1987 dico
3076 1940 3311 2003 propter
3359 1932 3666 1986 inﬁrmita-

1974 2027 2088 2076 tem
2123 2022 2310 2075 carnis
2350 2037 2569 2075 eorum.
2624 2022 2720 2075 Vir
2768 2028 2959 2075 autem
3010 2023 3110 2093 qui
3170 2022 3395 2092 frigidae
3445 2029 3663 2077 naturae

1973 2114 2074 2175 est,
2109 2114 2337 2163 maneat
2367 2109 2486 2163 sine
2516 2110 2779 2180 conjuge.
2826 2111 2988 2175 Quod
3028 2112 3074 2164 si
3110 2117 3165 2164 et
3216 2112 3312 2164 ille
3363 2110 3534 2164 aliam
3564 2126 3663 2164 co-

1974 2199 2167 2270 pulam
2225 2198 2526 2269 acceperit,
2577 2204 2714 2252 tunc
2768 2198 2823 2252 hi
2882 2199 2981 2270 qui
3034 2199 3353 2269 juraverint
3424 2198 3664 2269 perjurii

1973 2287 2211 2342 crimine
2241 2287 2324 2341 rei
2355 2291 2675 2353 teneantur,
2728 2292 2784 2341 et
2814 2287 3154 2357 pmnitentia
3184 2292 3431 2357 peracta,
3464 2287 3663 2358 priora

1974 2382 2251 2446 cogantur
2272 2376 2525 2446 recipere
2556 2376 2865 2430 connubia.

1974 2484 2099 2537 CAP.
2159 2483 2307 2537 XLV.
2363 2484 2446 2537 De
2532 2483 2835 2551 conjugatis
2902 2484 2997 2550 qui
3045 2484 3329 2537 saecularia
3358 2484 3662 2551 relinquere

2644 2553 2975 2608 desiderant.

2079 2641 2189 2710 (Ea:
2216 2641 2375 2695 dictis
2409 2642 2605 2695 Basilii
2625 2644 2907 2711 episcopi.)
2929 2641 2986 2695 Si
3017 2640 3145 2712 quis
3162 2641 3285 2695 vult
3320 2641 3661 2710 conjugatus

1973 2729 2228 2784 converti
2266 2730 2338 2783 ad
2366 2730 2801 2795 monasterium,
2854 2746 2968 2783 non
3001 2735 3085 2783 est
3129 2729 3513 2801 recipiendus,
3552 2728 3663 2782 nisi

1975 2818 2136 2889 prius
2179 2819 2421 2888 conjuge
2471 2819 2866 2872 castimoniam
2920 2819 3223 2888 proﬁtente
3266 2818 3439 2873 fuerit
3494 2819 3660 2872 abso-

1975 2908 2150 2962 lutus.
2186 2908 2327 2961 Nam
2370 2908 2415 2960 si
2449 2906 2567 2973 illa,
2613 2908 2837 2961 vivente
2884 2906 2999 2971 illo,
3040 2923 3141 2976 per
3182 2906 3659 2960 incontinentiam

1898 2985 1937 3040 (ἶ
1976 2996 2135 3052 alteri
2166 2996 2446 3065 nupserit,
2478 2997 2673 3066 procul
2706 2995 2882 3049 dubio
2924 2997 3178 3049 adultera
3210 2995 3337 3059 erit,
3379 3012 3483 3049 nec
3520 2994 3659 3048 reci-

1970 3086 2126 3156 pitur
2173 3086 2327 3155 upud
2375 3086 2555 3139 Deum
2617 3084 2899 3153 ejusmodi
2969 3085 3077 3137 viri
3128 3084 3443 3148 conversio,
3500 3084 3663 3153 cujus

1972 3174 2233 3244 sequitur
2273 3173 2592 3243 conjugalis
2642 3172 2871 3226 foederis
2919 3173 3265 3242 prostitutio.
3315 3173 3476 3226 Tales
3524 3188 3661 3241 ergo

1971 3269 2109 3317 tunc
2140 3261 2262 3315 sine
2291 3262 2461 3330 culpa
2511 3266 2827 3331 sequantur
2869 3260 3152 3314 Christum
3197 3259 3392 3313 relicto
3432 3260 3661 3329 saeculo,

1969 3352 2016 3405 si
2043 3351 2292 3404 habeant
2347 3366 2412 3405 ex
2474 3349 2596 3419 pari
2650 3350 2943 3402 voluntate
2976 3349 3251 3402 castitatis
3296 3365 3657 3402 consensum.

1971 3459 2098 3512 CAP.
2122 3456 2309 3510 XLVI.
2342 3486 2409 3495 -
2440 3459 2513 3510 De
2542 3457 2658 3508 viro
2706 3457 2803 3523 qui
2850 3470 3070 3508 umorem
3118 3470 3273 3507 suam
3322 3456 3499 3508 velare
3536 3469 3662 3525 per-

2708 3528 2936 3579 miserit.

2044 3617 2151 3680 (EJ:
2183 3615 2402 3667 concilio
2446 3614 2720 3679 Remensi,
2758 3615 2933 3680 capite
2961 3612 3039 3680 3.)
3072 3611 3178 3674 Qui
3223 3627 3457 3665 uxorem
3499 3628 3662 3666 suam

1973 3700 2301 3772 permiserit
2361 3700 2569 3767 velare,
2604 3700 2773 3753 aliam
2823 3716 2938 3753 non
2988 3698 3246 3768 accipiat,
3296 3715 3354 3752 se
3398 3699 3664 3753 similiter

1973 3792 2353 3843 convertatur.

1976 3896 2102 3950 CAP.
2133 3894 2416 3949 XLVII.—
2434 3892 2513 3946 De
2528 3894 2769 3956 muliere,
2798 3896 2847 3947 si
2866 3896 2983 3947 sine
3013 3895 3231 3948 licentia
3251 3895 3362 3947 viri
3382 3895 3469 3948 sui
3488 3894 3662 3948 velum

2588 3964 2695 4017 sibi
2717 3966 3052 4033 imposuerit.

2047 4057 2150 4123 (Ea:
2190 4053 2331 4107 decr.
2362 4052 2514 4122 apud
2560 4053 2961 4122 Compendium,
3021 4055 3198 4121 capite
3233 4054 3305 4119 6.)
3356 4053 3573 4121 Mulier,
3616 4053 3664 4107 si

1977 4144 2098 4197 sine
2132 4140 2357 4195 licentia
2388 4140 2579 4194 mariti
2612 4141 2700 4193 sui
2734 4142 2923 4194 velum
2970 4141 3030 4194 in
3089 4146 3259 4210 caput
3315 4141 3557 4207 miserit,
3616 4142 3664 4195 si

1978 4233 2099 4285 viro
2128 4229 2427 4300 placuerit,
2473 4229 2712 4299 recipiet
2758 4246 2884 4283 eam
2934 4230 3144 4283 iterum
3185 4231 3255 4285 ad
3307 4230 3661 4301 conjugium.

1980 4339 2105 4392 CAP.
2137 4336 2368 4392 XLVIII.
2395 4366 2462 4374 —
2489 4338 2556 4389 De
2576 4338 2691 4389 viro
2718 4339 2813 4403 qui
2833 4339 2948 4390 sine
2980 4339 3171 4390 uxoris
3194 4339 3463 4406 permissu
3482 4352 3662 4392 mona-

2452 4409 2645 4460 sticam
2674 4411 2845 4461 vitam
2873 4412 3185 4476 susceperit.

2050 4498 2157 4559 (Em
2191 4510 2303 4560 reg.
2358 4494 2516 4561 Greg.
2577 4494 2650 4547 ad
2706 4495 2948 4548 Adrium
2988 4499 3285 4563 notarium,
3350 4499 3525 4566 capite
3554 4497 3666 4566 80.)

2048 4584 2354 4654 Agathosa,
2398 4583 2563 4635 latrix
2597 4584 2990 4651 praesentium,
3031 4590 3232 4654 questa
3265 4589 3349 4639 est
3395 4585 3666 4639 maritum

1979 4688 2145 4726 suum
2175 4675 2373 4725 contra
2404 4671 2755 4724 voluntatem
2782 4687 2942 4724 suam
2978 4671 3037 4725 in
3090 4673 3436 4727 monasterio
3489 4674 3668 4727 urbici

1979 4761 2197 4815 abbatis
2236 4776 2357 4814 esse
2386 4776 2743 4814 conversum.
2786 4761 2949 4824 Quod
2994 4761 3129 4831 quia
3159 4762 3229 4815 ad
3277 4762 3533 4831 ejusdem
3568 4763 3666 4816 ab-

1980 4850 2125 4904 batis
2153 4851 2381 4919 culpam
2410 4853 2465 4901 et
2494 4848 2768 4901 invidiam
2804 4864 2921 4901 non
2954 4854 3039 4901 est
3069 4849 3307 4903 dubium
3355 4850 3665 4919 pertinere,

1979 4937 2345 5008 experientiae
2396 4941 2511 4990 tua:
2565 4936 2926 5007 prcecipimus
2992 4942 3053 4989 ut
3102 4937 3364 5007 diligenti
3420 4937 3666 5007 inquisi-

1979 5026 2136 5079 tione
2160 5024 2466 5088 discretiat,
2503 5040 2571 5078 ne
2610 5024 2754 5077 forte
2791 5040 2919 5077 cum
2951 5024 3074 5093 ejus
3101 5026 3391 5078 voluntate
3429 5041 3668 5078 conver-

1981 5131 2074 5166 sus
2119 5112 2209 5179 sit,
2262 5113 2350 5166 vel
2405 5112 2528 5182 ipsa
2577 5129 2635 5165 se
2682 5119 2906 5165 mutare
2951 5112 3302 5181 promiserit.
3359 5114 3427 5166 Et
3472 5112 3519 5166 si
3566 5112 3672 5166 hoc

1984 5201 2281 5271 repererit,
2332 5205 2389 5254 et
2418 5200 2579 5253 illum
2622 5200 2681 5253 in
2724 5202 3069 5254 monasterio
3107 5216 3443 5271 permanere
3483 5201 3669 5271 provi-

1984 5291 2134 5357 deat,
2167 5295 2223 5343 et
2268 5289 2414 5342 hanc
2463 5289 2609 5341 sicut
2655 5289 2922 5359 promisit
2967 5295 3190 5343 mutare
3244 5290 3565 5360 compellat.
3616 5289 3672 5344 Si

1984 5395 2116 5432 vero
2166 5378 2310 5431 nihil
2355 5378 2563 5431 horum
2616 5383 2719 5444 est,
2776 5394 2880 5431 nec
2937 5378 3225 5448 quoddam
3284 5378 3673 5432 fornicationis

1985 5467 2202 5521 crimen
2235 5470 2472 5535 propter
2521 5466 2671 5535 quod
2712 5466 2829 5518 viro
2862 5466 2989 5520 licet
3044 5483 3274 5519 uxorem
3322 5468 3669 5537 relinquere,

1986 5555 2318 5626 praedictam
2349 5554 2648 5607 mulierem
2684 5554 3035 5607 commisisse
3083 5556 3440 5625 cognoveris,
3497 5570 3567 5608 ne
3606 5554 3671 5607 il-
