3972 6192
309 237 412 291 823

1387 238 1786 295 BURCHARDI
1827 239 2357 297 WORMACIENSIS
2394 242 2726 300 EPlSCOPI.

3685 253 3778 304 8'24

312 357 756 456 lius-conversio
814 358 977 456 uxori
1033 359 1244 414 relictas
1297 359 1357 414 in
1414 362 1624 416 saeculo
1671 361 2079 432 ﬁeripossitA
2116 380 2384 449 diximus,
2439 387 2502 437 ut
2552 383 2920 440 ostendamus
2977 400 3152 456 quem
3215 386 3410 456 legum
3472 389 3781 446 conﬂictum

314 447 658 519 perditionis
693 447 934 515 occasio,
989 449 1252 502 volumus
1298 453 1363 503 ut
1414 451 1657 503 maritus
1701 467 1867 504 suum
1920 450 2006 504 illi

315 536 402 589 vel
434 535 480 588 si
503 536 624 605 jam
679 540 1006 590 tonsuratus
1046 542 1151 602 est,
1193 536 1420 605 reddas,
1453 537 1612 590 omni
1643 539 2006 591 excusatione

317 629 590 678 cessante.
627 625 767 677 Nam
797 623 844 677 si
891 629 1124 694 excepta
1172 623 1563 678 fornicationis
1609 641 1775 678 causa
1822 626 2006 679 virum

318 727 557 766 uxorem
608 712 933 780 relinquere
983 713 1140 765 nulla
1190 711 1412 765 ratione
1460 715 1814 781 conceditur,
1875 715 2011 785 quia

218 857 220 859 ,
323 807 626 872 postquam
673 801 1032 870 copulatione
1081 800 1332 870 conjugii
1381 800 1488 854 viri
1527 807 1696 872 atque
1755 802 2014 856 mulieris

2119 470 2415 525 Lotharius
2455 473 2724 544 congredi
2766 490 2930 545 posse
2974 480 3258 540 autumat,
3308 492 3437 530 cum
3476 493 3782 547 personam,

2118 575 2292 628 quam
2325 559 2386 612 in
2415 561 2533 614 suis
2581 563 2964 632 penetralibus
3014 564 3271 634 quotidie
3303 564 3526 636 fatigat,
3565 573 3622 620 et
3665 583 3784 622 con-

2119 648 2272 715 terit,
2305 650 2535 719 quando
2565 653 2686 703 vult
2739 651 2812 705 ad
2857 651 3141 722 judicium
3186 653 3394 721 educit,
3431 655 3656 724 quando
3685 658 3788 710 vult

2121 737 2191 791 ad
2231 739 2479 792 claustra
2533 739 2746 792 reducit
2783 757 2794 793 :
2844 746 2900 794 et
2937 741 3168 812 quando
3209 741 3414 796 educta
3457 744 3646 810 fuerit,
3695 745 3791 798 nisi

2123 842 2189 880 ca
2219 827 2558 896 proﬁteatur
2607 844 2737 898 qua:
2776 829 2896 899 ipse
2925 831 3276 900 praeceperit,
3329 831 3518 900 punit.
3563 833 3792 902 Propriae

2123 915 2300 986 igitur
2342 916 2593 970 libertati
2639 917 2941 983 committi,
3001 923 3058 972 et
3113 919 3184 972 ab
3238 919 3398 973 omni
3450 922 3794 990 oppressione

2125 1021 2189 1058 ac
2216 1011 2498 1076 potestate
2529 1006 2704 1075 illius,
2730 1023 2861 1061 cum
2886 1023 3000 1077 quo
3031 1007 3210 1061 initur
3234 1008 3552 1071 conllictus,
3587 1015 3798 1080 oportet

2127 1094 2378 1162 liberari,
2412 1100 2586 1166 atque
2617 1094 2734 1149 suis
2767 1095 3080 1150 liberaliter
3113 1096 3215 1161 uti,
3245 1101 3301 1150 et
3347 1102 3638 1166 suspectas
3683 1114 3796 1168 per-

2127 1199 2294 1236 sonas
2331 1184 2595 1237 convenit
2624 1183 2931 1253 declinare,
2982 1200 3112 1256 que:
3145 1201 3203 1240 se
3255 1185 3326 1239 ab
3369 1185 3610 1257 objectis
3637 1193 3798 1240 osten-

2128 1271 2261 1326 dere
2286 1272 2444 1342 cupit
2473 1273 2812 1327 immunem.

2562 1362 2688 1416 CAP.
2721 1361 2860 1416 Llll.
2898 1389 2972 1403 -
2997 1364 3072 1416 De
3099 1362 3282 1416 eadem
3309 1378 3386 1418 re.

323 906 504 944 unum
533 906 741 959 corpus
765 889 1031 952 efﬁcitur,
1077 904 1193 942 non
1226 892 1414 958 potest
1446 905 1512 944 ex
1543 899 1703 960 parte
1734 890 2011 958 converti,

324 984 380 1033 et
409 996 475 1034 ex
504 984 666 1048 parte
697 978 758 1031 in
786 978 994 1031 saeculo
1029 993 1281 1030 manere.

327 1070 455 1125 CAP.
490 1069 669 1123 XLIX.
702 1097 770 1106 -η
793 1069 878 1120 De
907 1069 1098 1134 regina
1143 1067 1477 1134 Thietbirga,
1505 1083 1623 1136 quae
1673 1083 1839 1122 causa
1885 1068 2016 1124 reli-

533 1139 713 1209 gionis
736 1154 770 1191 a
797 1137 956 1204 regia
995 1137 1264 1204 dignitate
1304 1137 1580 1192 discedere
1604 1139 1868 1193 voluerat.

400 1223 508 1294 (Ea:
537 1227 694 1294 epist.
745 1225 960 1280 Nicolai
992 1239 1154 1292 papa
1203 1225 1277 1278 ad
1317 1225 1570 1280 Carolum
1615 1228 1839 1297 regem.)
1870 1226 2018 1281 Scri-

325 1309 442 1380 psit
463 1309 628 1363 nobis
656 1309 986 1380 Thietbirga
1018 1311 1238 1381 regina,
1272 1313 1432 1382 regia
1457 1331 1514 1367 se
1545 1315 1688 1368 velle
1740 1315 2019 1385 dignitate

327 1415 429 1452 seu
467 1400 672 1468 copula
701 1398 852 1464 exui,
895 1404 946 1453 et
996 1401 1172 1454 solam
1223 1401 1444 1471 privata
1471 1402 1584 1456 vita
1631 1403 1750 1457 fore
1781 1409 2022 1457 conten—
2204 1449 2347 1471 mm
2397 1449 2534 1471 ,λῳ
2563 1398 2703 1471 tu;
3432 1451 3650 1471 “MA”,

331 1449 449 1536 ea.
476 1449 969 1538 signasigna.
997 1449 2023 1555 -ιλδζερῖίιζέῇξυέ“ῑιοξ’ῇοῐξῑῑίεξι-
2142 1449 2352 1555 “(rem
2397 1449 2583 1555 εάετηι)
2628 1451 2826 1555 "me
3180 1451 3372 1549 studio
3432 1451 3797 1555 τιιίειιιξνεεω

329 1569 457 1625 ﬁeri
491 1586 674 1642 posse,
711 1570 820 1624 nisi
853 1571 1119 1625 eamdem
1153 1572 1344 1627 vitam
1400 1575 1604 1644 conqu
1647 1577 1770 1645 ejus
1818 1577 2020 1630 Lotba-
2057 1638 2090 1645 _
2132 1543 2970 1645 ῨῨυλξξὲῗἮ-Ψέφξνῗίίυδίῗ
3020 1556 3313 1645 Mli?“
3354 1557 3591 1645 eam“?
3635 1541 3799 1645 fovefe

332 1659 450 1712 rius
481 1626 736 1729 elegerit.
798 1660 864 1713 Et
908 1665 1036 1730 post
1081 1675 1279 1730 pauca.
1331 1626 1765 1716 7De7retroa7c‘ta‘
1793 1626 2019 1717 calli};-
2057 1638 2096 1692 Β
2135 1642 2199 1680 ac
2242 1626 2483 1734 diu?”
2510 1633 2851 1734 Broc‘jrato'
2897 1628 3295 1734 ίῗίηηθιίηθῑξξ
3339 1646 3374 1683 ³
3400 1634 3464 1734 ξε
3509 1630 3622 1734 alio
3657 1635 3800 1734 Ρδείίξ

335 1748 516 1801 versia
567 1715 927 1818 ’I‘hietbirga‘
955 1715 1288 1802 non‘debet
1335 1715 2023 1806 ulterius7ad77ite7ratain
2132 1715 2816 1818 °°9?e“t,ias,9is°?d°’°'
2875 1715 3181 1815 “8‘13"?”
3220 1717 3476 1815 “enim
3555 1718 3704 1774 unde
3736 1718 3802 1818 ,εἰ

335 1837 768 1907 responsionem
821 1803 1165 1906 promoveri.
1244 1837 1404 1900 Quod
1456 1838 1602 1893 bene
2136 1803 2771 1907 Y‘fl,t,a.t°.fﬁscedere’
2820 1805 3064 1902 corripe’
3099 1805 3216 1860 imo
3258 1806 3487 1877 corrige
3532 1823 3674 1907 ﬁam,
3702 1810 3805 1859 em

334 1924 562 1979 ﬁnitum
602 1929 708 1993 est,
738 1930 794 1978 et
829 1925 1181 1995 interpositis
1223 1927 1572 1994 juramentis
1621 1928 2025 1994 deliberatum,
2135 1893 2236 1992 tth
2265 1896 2585 1995 lntennonf
2615 1909 2717 1995 Ρῗτ
2746 1909 2943 1948 omma
2983 1910 3250 1995 {evocare
3287 1900 3507 1995 58‘859-
3539 1896 3657 1995 {am
3691 1910 3802 1993 νέω

336 2015 494 2068 nulla
525 2014 697 2068 debet
725 2013 1050 2081 iteratione,
1084 2013 1194 2067 nisi
1220 2013 1476 2070 fortassis
1505 2016 1604 2070 ubi
1627 2015 1801 2070 fuerit
1845 2018 2031 2087 major
2137 1998 2186 2087 έ¹
2215 1981 2752 2087 ᾖτηθῗθξυᾳξξῖηηει
2781 1987 3206 2087 δξΡεΐεῐιοηθριξι
3255 1989 3486 2087 quaerit,
3527 1989 3583 2087 et
3625 1999 3801 2087 conju-

337 2103 662 2170 auctoritas,
695 2069 1049 2156 retractari:
1432 2069 1437 2070 7
1516 2069 1525 2070 7
1629 2069 1645 2070 ί
1848 2069 1899 2070 ὴ
1936 2069 1956 2087 ’⁵
2010 2069 2021 2070 7
2139 2070 2284 2141 galis
2342 2069 2613 2170 connubii
2671 2070 3021 2124 solutionem
3099 2071 3395 2142 efflagitat,
3448 2076 3663 2125 certum
3714 2074 3798 2135 est,

340 2192 468 2247 CAP.
500 2192 560 2247 L.
603 2157 673 2234 -λ-
730 2195 806 2246 De
855 2192 1112 2246 Lothario
1161 2207 1284 2258 rege
1338 2194 1436 2261 qui
1497 2208 1716 2247 umorem
1772 2208 1928 2248 suam
1975 2195 2034 2248 in
2138 2158 2414 2227 Apostolo
2441 2157 2692 2261 ,diimnte’
2730 2159 2866 2261 Qui?
2910 2159 3120 2261 Tum"
3151 2159 3241 2258 ³ἶ¹ί
3284 2159 3546 2258 ⁰Ῠ¹Ῥ⁰τί⁵
3586 2164 3801 2261 ῘῘΫξθῗίὼ

908 2263 1154 2316 custodia
1174 2246 1464 2318 detinebat.
1585 2246 1588 2247 7
1705 2246 1708 2247 7
2139 2251 2254 2301 tem
2286 2262 2404 2299 11011
2440 2246 2633 2312 habet,
2665 2247 2763 2301 sed
2792 2247 2893 2302 Vir.
2926 2248 3133 2302 Verum
3160 2248 3207 2301 si
3239 2253 3297 2303 et
3329 2249 3454 2318 ipse
3502 2248 3802 2319 pudicitiam

413 2349 889 2421 (Remel-“3,19,,”
919 2351 1148 2419 verum,
1193 2351 1339 2405 sicut
1369 2352 1686 2406 multorum
1719 2351 1900 2408 relatu
1948 2352 2034 2407 di-
2142 2338 2386 2388 sectatus
2432 2334 2725 2404 religionis
2775 2335 3011 2390 obtentu
3062 2337 3329 2407 copulam
3378 2336 3678 2390 dissolvere
3717 2335 3801 2400 vis,

342 2439 608 2506 dicimus,
658 2438 960 2493 Lotbarius
990 2454 1086 2492 rex
1141 2444 1484 2498 conventum
1529 2439 1817 2494 celebrare
1848 2441 2038 2512 dispo-
2144 2427 2367 2512 tantum
2409 2438 2480 2476 ne
2517 2423 2780 2512 simulate
2829 2425 2930 2478 Ῑίθῐ
2969 2425 3361 2479 οοηοθάίωιιδ·
3420 2427 3564 2480 Nam
3603 2424 3724 2478 licet
3748 2424 3806 2477 είί

345 2528 451 2595 nit,
515 2533 572 2582 et
620 2527 1012 2598 Thietbirgam
1063 2527 1326 2598 reginam
1393 2528 1641 2582 examini
1693 2511 1951 2600 proprio
1983 2534 2040 2584 et

2187 2511 2422 2580 :riptum
2455 2527 2467 2565 :
2500 2511 2659 2576 Quod
2686 2513 2836 2566 Deus
2865 2513 3185 2583 conjunxit,
3218 2513 3393 2568 homo
3423 2530 3541 2568 non
3593 2517 3805 2583 separet,

340 2615 556 2688 judicio
588 2616 868 2686 subjicere
902 2615 1224 2670 meditatur.
1261 2617 1328 2670 Et
1384 2616 1432 2670 si
1464 2617 1698 2688 quidem
1727 2633 1852 2672 eam
1894 2634 2040 2690 prm-

347 2705 533 2776 stigiis
583 2705 848 2760 falsitatis
894 2721 1010 2758 suae
1067 2706 1316 2775 potuerit
1371 2706 1659 2771 exhibere,
1709 2707 1871 2778 quasi
1922 2724 2039 2762 non

346 2794 521 2850 fuerit
548 2794 808 2864 legitima
837 2809 940 2846 sua
967 2809 1132 2862 uxor,
1183 2794 1305 2848 vult
1359 2810 1485 2858 eam
1517 2795 1747 2865 penitus
1800 2812 1834 2850 a
1863 2812 1921 2850 se
1952 2813 2040 2852 se-

350 2886 689 2954 questrare:
735 2883 823 2936 sin
869 2887 1059 2936 autem
1103 2884 1222 2936 vult
1276 2897 1402 2936 eam
1442 2887 1718 2953 tanquam
1749 2884 2037 2954 propriam

351 2987 590 3026 uxorem
619 2971 946 3037 admittere,
979 2970 1075 3024 sed
1102 2970 1327 3036 deinde,
1353 2971 1517 3042 quasi
1537 2971 1816 3025 mmchata
1843 2972 2038 3038 fuerit,

354 3060 710 3126 insimulare,
744 3065 914 3131 atque
945 3075 1048 3130 pro
1079 3058 1188 3113 hoc
1229 3059 1525 3114 hominem
1571 3076 1740 3113 suum
1770 3063 1827 3113 et
1854 3061 2042 3115 homi-

353 3165 488 3204 nem
536 3148 883 3219 Thietbirga:
930 3148 998 3202 ad
1075 3147 1439 3202 monachiam
1490 3147 1806 3218 impellere,
1860 3152 1936 3214 et,
1997 3149 2046 3202 si

2147 2689 2359 2744 amoris
2385 2688 2619 2755 intuitu,
2651 2705 2714 2743 ex
2744 2706 3027 2744 consensu
3074 2691 3379 2762 utriusque
3423 2690 3675 2761 conjugis
3707 2704 3804 2742 ma-

2147 2778 2423 2832 trimonia
2462 2777 2872 2832 dissolvuntur.
2903 2779 2958 2834 Si
2997 2795 3136 2850 ergo
3185 2779 3296 2834 hoc
3349 2780 3525 2834 modo
3555 2779 3653 2843 vis,
3697 2793 3808 2847 gra-

2152 2867 2300 2920 tuito
2361 2866 2750 2938 permittimus
2807 2869 3020 2934 animo,
3098 2869 3461 2939 celeremque
3517 2867 3808 2939 praebemus

2155 2970 2447 3010 assensum
2480 2971 2492 3008 :
2526 2954 2692 3009 aliter
2723 2960 2913 3011 autem
2945 2956 3072 3011 ﬁeri
3121 2962 3390 3012 mutuam
3421 2957 3807 3029 separationem

2155 3050 2395 3099 vestram
2420 3044 2812 3114 prohibemus.

2155 3148 2284 3205 CAP.
2318 3149 2450 3204 LIV.
2476 3179 2545 3189 —
2575 3152 2647 3204 De
2677 3151 2788 3203 illis
2845 3150 2947 3220 qui
2970 3154 3030 3204 in
3056 3152 3196 3205 alias
3241 3154 3554 3221 provincias
3580 3149 3808 3217 fugerint,

2148 2601 2296 2654 Deus
2334 2605 2528 2654 tamen
2582 2605 2640 2654 et
2691 2617 2806 2655 non
2865 2601 3040 2655 homo
3094 2608 3341 2672 separat,
3391 2602 3618 2672 quando
3657 2601 3808 2654 divini
3910 2605 3911 2672 ξ

355 3237 532 3292 homo
562 3236 742 3308 ipsius
774 3237 986 3306 reginae
1015 3235 1295 3297 ceciderit,
1346 3235 1599 3306 disponit
1625 3236 1773 3290 hanc
1807 3235 1929 3290 sine
1961 3237 2045 3290 di-

356 3326 570 3380 latione
608 3324 911 3396 perimere.
973 3324 1111 3388 Qum
1161 3327 1443 3394 quantum
1475 3323 1589 3377 sint
1625 3325 1784 3378 omni
1840 3324 2049 3378 divina:

357 3415 445 3468 vel
495 3419 820 3468 sanctorum
869 3415 1123 3478 Patrum,
1187 3411 1302 3482 legi
1344 3411 1652 3479 contraria,
1713 3411 2050 3484 magnitudo
2118 3437 2132 3450 ι

361 3502 682 3573 prudentia:
713 3507 935 3568 vestrae,
967 3500 1277 3568 credimus,
1304 3502 1426 3572 jam
1459 3502 1718 3556 advertit.

364 3592 492 3648 CAP.
545 3593 626 3646 LI.
670 3621 739 3632 ——
795 3594 868 3645 De
908 3590 1183 3656 singulari
1218 3592 1524 3654 certamine,
1564 3591 1709 3659 quod
1764 3592 2054 3646 Lotharius

433 3663 656 3717 molitus
677 3667 755 3716 est
783 3665 971 3716 contra
1012 3660 1379 3728 Thietbirgam
1403 3677 1625 3716 umorem
1661 3677 1832 3717 suam.

434 3753 594 3822 (Item
635 3749 914 3820 ejusdem.)
964 3749 1418 3805 Monomachiam
1467 3765 1600 3803 vero
1656 3750 1716 3805 in
1759 3750 1887 3821 lege
1936 3766 2055 3804 non

365 3839 734 3900 assumimus.
784 3854 913 3908 quae
950 3843 1299 3909 praeceptam
1341 3837 1514 3893 fuisse
1571 3855 1684 3892 non
1714 3838 2051 3910 reperimus.

365 3927 548 3992 Quam
582 3926 712 3980 licet
739 3925 936 3980 iniisse
965 3925 1245 3997 quosdam
1285 3925 1566 3995 legamus,
1616 3926 1762 3979 sicut
1797 3933 2056 3979 sanctum

370 4013 548 4068 David
607 4019 666 4068 et
714 4014 932 4068 Goliam
993 4030 1152 4068 sacra
1213 4013 1404 4084 prodit
1456 4012 1714 4079 historia,
1774 4030 2056 4084 nusquam

368 4107 563 4158 tamen
623 4107 686 4158 ut
742 4119 848 4174 pro
902 4103 1027 4173 lege
1070 4106 1332 4156 teneatur
1375 4100 1587 4155 alicubi
1633 4101 1827 4156 divina
1873 4103 2060 4156 sanxit

2225 3225 2323 3274 aut
2377 3235 2501 3274 suos
2560 3223 2790 3276 seniores
2847 3225 3018 3276 secuti
3061 3224 3296 3290 fuerint,
3374 3230 3426 3278 et
3476 3237 3661 3278 umores
3709 3234 3814 3274 suos

2229 3292 2377 3345 domi
2396 3293 2730 3360 reliquerint.

2232 3380 2346 3447 (Ea:
2393 3380 2613 3434 concilio
2661 3380 2813 3450 apud
2870 3383 3226 3448 Vermeriam,
3275 3385 3457 3451 capite
3504 3381 3579 3446 6.)
3621 3381 3675 3435 Si
3709 3376 3816 3449 quis

2161 3467 2494 3522 necessitate
2521 3468 2837 3522 inevitabili
2867 3474 3103 3540 cogente
3135 3469 3192 3523 in
3220 3469 3398 3524 alium
3449 3471 3706 3525 ducatum
3734 3481 3812 3518 seu

2160 3555 2514 3626 provinciam
2543 3555 2773 3625 fugerit,
2819 3562 2874 3611 et
2907 3573 3045 3610 uxor
3081 3557 3226 3628 ejus,
3278 3574 3412 3612 cum
3460 3559 3606 3611 valet
3648 3561 3699 3609 et
3739 3569 3817 3624 po-

2162 3651 2295 3710 test,
2325 3660 2520 3699 amore
2549 3650 2856 3714 parentum
2887 3649 2985 3699 aut
3013 3661 3206 3700 rerum
3236 3662 3474 3700 suarum
3502 3660 3626 3700 eun‘.
3678 3639 3813 3711 sequi

2163 3733 2432 3800 noluerit,
2465 3733 2590 3802 ipsa
2617 3734 2773 3787 omni
2797 3739 3051 3804 tempore
3097 3735 3356 3805 quandiu
3401 3735 3490 3788 vir
3513 3734 3630 3804 ejus
3661 3745 3809 3801 quem

2165 3826 2355 3875 secuta
2386 3837 2500 3874 non
2542 3820 2668 3885 fuit,
2712 3820 2869 3887 vivit,
2926 3836 3152 3892 semper
3210 3820 3458 3892 innupta
3499 3820 3814 3891 permaneat.

2166 3910 2266 3964 Ille
2292 3925 2424 3963 vero
2455 3908 2554 3979 qui
2598 3909 2936 3963 necessitate
2976 3913 3211 3980 cogente
3243 3910 3302 3962 in
3353 3909 3466 3963 alia
3506 3907 3678 3979 patria
3719 3920 3815 3957 ma-

2167 4003 2283 4066 net,
2333 3998 2381 4052 si
2429 4014 2727 4068 nunquam
2768 3997 2829 4050 in
2877 4013 3040 4051 suam
3090 3997 3334 4068 patriam
3393 4014 3453 4051 se
3493 4005 3814 4051 reversurum

2167 4092 2377 4157 sperat,
2411 4087 2456 4140 si
2486 4103 2543 4140 se
2573 4085 2866 4140 continere
2896 4103 3009 4140 non
3041 4092 3243 4156 potest,
3273 4087 3446 4141 aliam
3488 4099 3708 4140 uxorem
3742 4096 3815 4133 ac-

370 4191 679 4245 auctoritas
710 4207 724 4245 :
755 4206 886 4245 cum
919 4189 1026 4244 hoc
1055 4194 1113 4243 et
1140 4188 1541 4258 hujuscemodi
1571 4193 1851 4243 sectantes
1875 4190 2054 4244 Deum
2089 4199 2132 4253 Ι)
2171 4174 2364 4246 οίΡίδῗν
2390 4179 2584 4228 tamen
2615 4190 2742 4228 cum
2774 4175 3132 4244 P‘Bniteutia-

371 4278 736 4334 solummodo
765 4283 990 4333 tentare
1020 4277 1341 4332 videantur.

373 4385 503 4440 Car.
541 4386 652 4440 LII.
691 4416 759 4425 —
794 4387 874 4439 De
902 4385 1110 4451 femina
1139 4383 1204 4437 de
1231 4383 1499 4438 adulterio
1527 4385 1832 4453 inculpata,
1875 4387 1926 4439 si
1943 4399 2062 4438 cum

444 4458 645 4509 marito
697 4456 848 4510 debet
908 4458 1050 4509 inire
1105 4459 1372 4509 certamen
1428 4457 1614 4522 legale,
1659 4470 1768 4510 sua:
1803 4457 2064 4525 potestati

445 4529 603 4596 prius
633 4527 786 4581 debet
813 4527 888 4580 ad
919 4532 1123 4594 tempus
1153 4529 1390 4580 restitui.

445 4615 599 4684 (Item
627 4615 910 4686 ejusdem.)
945 4617 1227 4670 Praeterea
1255 4614 1372 4668 sive
1423 4615 1492 4669 de
1539 4615 1795 4686 conjugii
1824 4615 2060 4682 foedere,

376 4705 494 4758 sive
541 4704 612 4759 de
665 4704 934 4759 adulterii
978 4704 1219 4758 crimine
1251 4703 1535 4774 judicium
1589 4703 1661 4757 sit
1705 4703 2062 4774 agitandum,

374 4792 535 4847 nulla
562 4793 709 4847 ratio
740 4793 955 4864 patitur
977 4792 1363 4862 'l‘hietbirgam
1397 4808 1526 4846 cum
1586 4792 1850 4846 Lothario
1900 4809 2064 4863 posse

375 4882 523 4937 inire
553 4882 904 4949 conﬂictum,
952 4882 1041 4934 vel
1087 4880 1409 4951 legitimum
1470 4879 1867 4934 controversiae
1919 4880 2066 4934 inire

374 4977 684 5039 certamen,
717 4971 827 5024 nisi
857 4970 1014 5040 prius
1050 4975 1119 5024 ad
1159 4976 1386 5040 tempus
1435 4969 1610 5023 fuerit
1639 4985 1752 5022 suae
1797 4969 2067 5039 potestati

376 5065 434 5114 et
469 5058 911 5131 consanguineis
939 5057 1188 5130 propriis
1218 5058 1391 5113 libere
1421 5058 1652 5113 sociata.
1711 5059 1866 5112 Inter
1924 5075 2066 5130 quos

377 5149 553 5203 etiam
592 5150 749 5203 locus
795 5148 1185 5219 providendus
1229 5153 1334 5213 est,
1387 5147 1446 5201 in
1500 5163 1613 5217 quo
1657 5148 1816 5200 nulla
1863 5146 1934 5201 sit
1983 5148 2066 5201 vis

375 5236 764 5292 multitudinis
794 5236 1176 5304 formidanda,
1225 5240 1282 5289 et
1330 5251 1447 5288 non
1500 5235 1573 5288 sit
1620 5234 1852 5288 difﬁcile
1893 5240 2066 5290 testes

373 5326 709 5396 producere,
740 5326 828 5380 vel
860 5330 1097 5380 caeteras
1139 5340 1430 5395 personas,
1480 5339 1610 5393 qua:
1655 5328 1770 5377 tam
1799 5339 1830 5377 a
1857 5324 2065 5378 sanctis

373 5416 708 5482 canonibus,
759 5431 934 5486 quam
982 5433 1016 5470 a
1055 5413 1392 5468 venerandis
1436 5413 1708 5468 Romanis
1757 5413 1977 5483 legibus
2006 5413 2066 5466 in

375 5504 705 5576 hujusmodi
771 5502 1166 5558 controversiis
1215 5501 1610 5574 requiruntur.
1667 5501 1796 5555 Haec
1855 5500 2066 5555 idcirco

2170 4281 2294 4336 CAP.
2327 4280 2430 4335 LV.
2461 4310 2531 4320 —
2564 4283 2635 4334 De
2662 4283 2882 4346 feminis
2925 4297 3059 4349 quae,
3092 4283 3268 4350 captis
3306 4283 3446 4335 viris
3475 4280 3558 4335 vel
3595 4280 3650 4333 in
3675 4274 3815 4344 capti-

2521 4353 2744 4405 vitatem
2771 4353 2972 4418 missis,
3009 4353 3135 4406 aliis
3172 4357 3490 4419 nupserunt.

2243 4440 2347 4507 (Ea:
2375 4440 2533 4507 epist.
2566 4440 2756 4494 Leonis
2795 4454 2974 4508 papa,
3026 4441 3204 4509 capite
3242 4439 3355 4509 42.)
3401 4438 3560 4504 Quod
3610 4433 3812 4490 debeant

2169 4529 2423 4594 feminae,
2457 4543 2604 4598 quae,
2639 4528 2818 4597 captis
2848 4527 2983 4580 viris
3024 4533 3082 4582 et
3118 4528 3177 4582 in
3217 4528 3597 4599 captivitatem
3641 4520 3809 4582 ductis,

2173 4615 2299 4669 aliis
2328 4615 2464 4669 viris
2507 4621 2843 4686 nupserant,
2895 4621 3162 4686 putantes
3197 4616 3569 4688 interemptos
3616 4608 3811 4665 maritos

2172 4702 2438 4758 remeatis
2477 4702 2547 4756 de
2587 4703 2910 4773 captivitate
2949 4703 3240 4774 prioribus
3288 4703 3424 4758 viris
3473 4696 3727 4772 copulari,
3763 4697 3812 4746 ut

2174 4792 2378 4863 cuique
2417 4790 2472 4844 id
2514 4790 2670 4863 quod
2715 4791 2968 4862 legitime
3008 4791 3212 4846 habuit
3251 4792 3611 4857 reformator,
3653 4791 3701 4838 et
3744 4797 3813 4834 re-

2174 4882 2346 4952 cipiat
2377 4881 2768 4951 unusquisque
2799 4880 2950 4952 quod
2976 4897 3144 4935 suum
3172 4886 3278 4948 est,
3301 4887 3358 4936 et
3399 4875 3814 4946 redintegrentur

2175 4968 2388 5025 foedera
2427 4971 2782 5040 nuptiarum.

2175 5076 2303 5131 CAP.
2336 5075 2470 5129 LVI.
2501 5104 2571 5117 —-
2618 5076 2775 5142 Quod
2810 5091 2917 5130 non
2952 5075 3209 5144 probetur
3261 5091 3372 5130 esse
3422 5070 3705 5142 culpabilis,
3737 5061 3814 5132 qui

2244 5163 2466 5200 umorem
2493 5150 2643 5215 capti
2667 5150 2726 5201 in
2762 5150 3104 5202 matrimonio
3134 5147 3350 5201 videtur
3375 5162 3483 5201 esse
3505 5144 3723 5200 sortitus.

2245 5236 2408 5302 (Item
2444 5235 2703 5305 ejusdem,
2769 5238 2946 5305 capite
2987 5231 3107 5304 43.)
3160 5235 3272 5289 Nec
3311 5241 3498 5288 tamen
3551 5219 3809 5297 culpabilis

2170 5325 2476 5395 judicetur,
2509 5329 2564 5378 et
2606 5331 2878 5396 tanquam
2919 5325 3091 5379 alieni
3115 5325 3266 5394 juris
3304 5336 3589 5394 perversor
3629 5313 3805 5371 habea-

2173 5419 2286 5477 ίαν,
2334 5414 2430 5483 (ιιιὶ
2478 5429 2782 5482 personam
2821 5414 2944 5484 ejus
3005 5413 3196 5468 mariti
3253 5413 3353 5484 qui
3398 5413 3511 5484 jam
3565 5421 3664 5462 non
3705 5412 3803 5484 esse

2174 5499 2622 5568 existimabatur,
2681 5483 3010 5572 assumpsit.
3057 5499 3117 5556 Si
3171 5483 3326 5554 enim
3385 5483 3553 5554 multa
3585 5506 3696 5564 qua:
3745 5483 3800 5539 ad
