4028 6190
110 314 227 364 825

1155 298 1647 357 DECRETORUM
1690 298 1880 355 LIBRI
1918 302 2025 357 XX.
2068 331 2135 342 —-
2178 300 2384 355 LIBER
2426 297 2671 355 NONUS.

3588 305 3691 356 826

113 447 223 486 eos
256 429 365 501 qui
423 430 487 483 in
534 428 919 499 captivitatem
968 422 1130 482 ducti
1186 429 1325 478 sunt
1363 422 1756 494 pertinebant,
1810 422 1869 476 in
1903 429 1946 481 A
1986 427 2311 480 adulterum
2346 422 2620 477 maritum
2663 423 2964 495 reliquerit
2990 425 3246 491 ﬁdelem,
3274 431 3332 480 et
3367 426 3692 481 adulterum

113 522 221 592 jus
255 519 522 573 alienum
557 517 801 571 transire
833 515 1171 588 potuerunt.
1202 515 1404 566 tamen
1435 513 1677 582 plenum
1698 512 1869 581 justi-

120 610 224 662 tiae
294 612 385 661 est
450 611 516 661 ut
594 606 798 660 iisdem
854 604 1086 659 reversis
1152 602 1397 672 propria
1461 600 1870 653 reformentur.

119 697 304 762 Quod
336 696 386 750 si
426 695 485 748 in
518 694 840 764 mancipiis,
890 696 975 747 vel
1010 694 1069 746 in
1118 688 1302 755 agris,
1342 694 1441 743 aut
1467 689 1639 742 etiam
1674 691 1733 741 in
1774 689 1876 742 do-

120 786 333 839 mibus
383 799 448 837 ac
479 782 933 852 possessionibus
962 781 1069 834 rite
1113 784 1401 843 servatur,
1430 782 1647 848 quanto
1688 776 1876 847 magis

122 875 193 927 in
275 871 697 941 conjugiorum
746 866 1237 939 redintegratione
1280 866 1610 920 faciendum
1664 864 1758 930 sit,
1814 870 1876 920 ut

123 962 297 1035 quod
331 961 543 1015 bellica
573 958 910 1013 necessitate
940 957 1237 1011 turbatum
1265 961 1370 1020 est,
1416 954 1574 1026 pacis
1617 955 1874 1008 remedio

124 1048 540 1106 reformetur?

130 1142 275 1195 CAP.
328 1138 490 1191 LVII.
524 1165 595 1175 —
630 1137 696 1191 Ut
728 1138 777 1189 si
804 1136 1051 1189 mulieres
1097 1133 1173 1187 ad
1202 1136 1413 1201 priores
1446 1135 1670 1187 maritos
1695 1132 1879 1186 redire

210 1210 534 1273 noluerint,
602 1208 749 1261 velut
816 1207 998 1276 impiae
1072 1205 1437 1259 ecclesiastica
1512 1206 1880 1258 communione

208 1279 521 1350 privantia:
552 1280 687 1330 sint.

215 1370 381 1437 (Item
430 1366 698 1435 ejusdem,
754 1379 872 1432 cap.
909 1365 1021 1431 45)
1066 1362 1122 1418 Si
1155 1366 1346 1416 autem
1376 1362 1585 1433 aliqua:
1609 1361 1881 1416 mulieres

140 1458 225 1510 ita
284 1456 679 1525 posteriorum
725 1452 976 1505 virorum
1019 1468 1213 1506 amore
1243 1456 1377 1505 sunt
1427 1458 1625 1522 captaa,
1673 1455 1736 1504 ut
1764 1467 1882 1504 ma-

142 1547 259 1599 lint
292 1544 380 1596 his
407 1544 704 1595 cohaerere
738 1556 909 1610 quam
943 1540 1013 1593 ad
1063 1540 1389 1609 legitimum
1424 1540 1610 1594 redire
1641 1556 1883 1592 consor-

144 1633 322 1696 tium,
358 1631 573 1684 merito
605 1635 740 1683 sunt
767 1630 1061 1697 notandus,
1090 1628 1168 1681 ita
1199 1634 1264 1682 ut
1297 1628 1678 1682 ecclesiastica
1719 1644 1884 1680 com-

145 1719 430 1773 munione
461 1718 805 1788 priventur:
858 1733 987 1787 quae
1039 1716 1108 1769 de
1148 1732 1208 1769 re
1246 1716 1558 1771 excusabili
1602 1714 1884 1769 contami-
1920 1717 1961 1769 Β

151 1805 447 1859 nationem
509 1802 771 1856 criminis
832 1803 1151 1873 elegerunt,
1227 1804 1596 1857 ostendentes
1654 1802 1888 1855 sibimet

148 1910 248 1964 pro
273 1910 381 1946 sua
407 1891 840 1945 iucuniinenlia
889 1892 1191 1961 placuisse,
1235 1892 1390 1961 quod
1419 1893 1577 1962 justa
1620 1890 1885 1944 remissio
1922 1908 1930 1915 ·

146 1986 367 2054 poterat
400 1979 667 2049 expiare.
706 1980 966 2033 Redeant
1004 1995 1140 2048 ergo
1197 1979 1260 2031 in
1313 1996 1485 2034 suum
1544 1983 1754 2033 statum
1791 1995 1884 2032 vo-

143 2070 396 2125 luntaria
430 2068 935 2137 redintegratione
980 2067 1265 2137 conjugia,
1322 2084 1511 2138 neque
1557 2069 1676 2121 ullo
1715 2068 1887 2121 modo

148 2158 212 2212 ad
296 2154 693 2226 Opprobrium
773 2156 951 2209 malm
1008 2154 1322 2207 voluntatis
1396 2157 1658 2208 trahatur
1733 2155 1887 2225 quod

152 2245 400 2300 conditio
453 2243 814 2297 necessitatis
866 2242 1159 2297 extorsit:
1214 2242 1349 2313 quia
1406 2244 1554 2297 sicut
1607 2245 1699 2297 ha:
1760 2259 1887 2296 mu-

153 2336 315 2389 lieres
353 2349 487 2404 quae
530 2332 733 2386 reverti
785 2332 855 2385 ad
925 2331 1078 2384 viros
1130 2347 1267 2384 suos
1326 2332 1635 2399 uoluerint,
1693 2331 1889 2402 impia:

154 2428 289 2477 sunt
344 2421 653 2487 habendae,
728 2421 805 2474 ita
843 2419 972 2473 illae
1027 2418 1085 2470 in
1147 2419 1419 2473 alfectum
1476 2436 1545 2474 ex
1603 2421 1719 2474 Deo
1777 2418 1893 2472 iui-

155 2518 281 2566 tum
314 2510 564 2564 redeunt
594 2510 793 2563 merito
826 2512 975 2561 sunt
1006 2506 1333 2561 laudandae.

158 2602 290 2656 CAP.
331 2600 517 2653 LVIII.
549 2627 621 2639 —
653 2600 718 2654 Ut
744 2600 792 2651 si
817 2598 939 2650 viri
979 2595 1045 2648 de
1066 2599 1391 2662 captivitate
1418 2599 1653 2665 regressi
1691 2599 1891 2649 intem-

232 2674 498 2741 perantia
528 2685 756 2723 ua‘orum
813 2667 1018 2741 offensi
1068 2669 1460 2741 110n_fuerint,
1494 2674 1545 2741 et
1594 2669 1893 2741 coluerient

235 2738 334 2796 eas
384 2745 444 2795 in
515 2743 761 2809 conjugio
815 2740 1080 2806 recipere,
1142 2738 1377 2790 liberam
1437 2739 1671 2792 habeant
1717 2738 1893 2803 facul-

238 2820 430 2867 tatem.

238 2904 403 2972 (Item
444 2900 698 2970 ejusdem,
726 2899 903 2968 capite
930 2896 1042 2955 44.)
1074 2895 1138 2947 Et
1174 2895 1311 2950 ideo
1350 2895 1397 2949 si
1443 2896 1550 2949 viri
1594 2900 1723 2967 post
1768 2896 1891 2948 lon-

164 3009 306 3064 gam
338 2990 725 3060 captivitatem
777 2983 1011 3050 reversi,
1064 2983 1143 3036 ita
1208 2986 1269 3038 in
1300 2984 1606 3040 dilectione
1660 3000 1891 3037 suarum
1928 2990 1968 3045 C

167 3080 495 3149 conjugum
528 3079 898 3147 perseverent
931 3076 990 3125 ut
1028 3088 1122 3125 eas
1152 3073 1395 3143 cupiant
1419 3074 1478 3126 in
1512 3090 1677 3127 suum
1710 3072 1895 3125 redire

168 3169 570 3236 consortium,
594 3163 981 3220 omittendum
1013 3165 1097 3214 est
1141 3167 1200 3217 et
1232 3163 1577 3233 inculpabile
1625 3161 1897 3233 judican-

171 3259 325 3314 dum
388 3256 541 3327 quod
597 3252 903 3307 necessitas
966 3249 1182 3319 intulit,
1237 3256 1293 3305 et
1349 3251 1770 3306 restituendum
1813 3250 1900 3300 est

177 3347 345 3419 quod
369 3346 514 3399 ﬁdes
542 3344 746 3413 poscit.

180 3439 329 3491 CAP.
374 3435 499 3489 LIX.
530 3463 597 3471 —
624 3436 695 3486 De
753 3431 849 3484 illo
882 3430 979 3496 qui
1024 3428 1082 3479 in
1113 3430 1434 3495 paganismo
1492 3443 1716 3482 umorem
1746 3441 1901 3481 suam

906 3499 1198 3551 dimiserit.

264 3595 392 3661 (Ea:
422 3592 563 3646 decr.
594 3590 836 3658 Eutych.
870 3584 1072 3657 papa)
1114 3586 1169 3640 Si
1210 3585 1339 3657 quis
1369 3585 1597 3654 gentilis
1628 3584 1902 3655 gentilem

182 3681 488 3740 dimiserit
536 3695 768 3733 uxorem
810 3682 943 3729 ante
998 3674 1298 3744 baptisma,
1362 3680 1487 3744 post
1553 3673 1903 3743 baptismum

185 3775 255 3827 in
291 3772 576 3842 potestate
602 3768 725 3837 ejus
777 3766 888 3818 erit
934 3779 1059 3816 eam
1118 3763 1349 3825 habere,
1402 3763 1490 3816 vel
1523 3779 1634 3815 non
1672 3762 1900 3814 habere.

190 3866 334 3918 CAP.
372 3860 476 3914 LX.
504 3889 571 3897 —
608 3861 679 3912 De
721 3857 1024 3925 baptizato,
1076 3854 1126 3906 si
1156 3868 1297 3906 umor
1348 3853 1461 3921 ejus
1518 3852 1756 3920 inﬁdelis
1788 3865 1908 3903 con-

849 3926 990 3979 verti
1015 3925 1265 3978 noluerit.

276 4021 391 4088 (Ear
423 4018 568 4071 decr.
603 4013 889 4085 ejusdem.)
932 4012 1115 4065 Simili
1145 4012 1313 4066 modo
1362 4012 1407 4064 si
1432 4027 1578 4064 unus
1614 4027 1676 4064 ex
1705 4009 1909 4078 conju-

198 4109 362 4180 gatis
394 4107 709 4176 baptizatus
767 4109 872 4168 est,
929 4106 986 4155 et
1017 4102 1159 4154 alter
1197 4100 1445 4170 gentilis,
1480 4106 1537 4153 et
1589 4098 1749 4168 Sequi
1793 4112 1908 4149 non

198 4199 355 4261 vult,
386 4196 457 4247 sit
487 4194 631 4248 sicut
663 4193 801 4247 dicit
853 4190 1161 4260 Apostolus
1196 4207 1209 4243 :
1262 4188 1511 4242 Inﬁdelis
1540 4188 1588 4240 si
1648 4186 1908 4249 discedit,

204 4283 490 4340 discedat.

202 4376 347 4429 CAP.
392 4371 516 4424 LXI.
549 4398 619 4410 —
664 4372 736 4423 De
790 4369 885 4421 illo
937 4368 1033 4435 qui
1080 4369 1205 4419 ante
1261 4364 1586 4432 baptismum
1642 4363 1918 4416 mulierem

770 4441 1037 4505 virginem
1067 4438 1364 4504 acceperat.

285 4532 401 4602 (Ea:
486 4530 707 4584 concilio
753 4528 1034 4593 Meldensi,
1084 4524 1260 4593 capite
1310 4523 1382 4592 2.)
1412 4522 1468 4577 Si
1498 4522 1629 4592 quis
1654 4521 1920 4575 habuerit

202 4634 460 4677 uxorem
500 4618 782 4687 virginem
829 4622 958 4669 ante
1009 4614 1315 4683 baptisma,
1376 4612 1599 4665 vivente
1645 4612 1744 4664 illa
1791 4614 1920 4680 post

205 4709 507 4781 baptisma
550 4707 785 4760 alteram
840 4705 1051 4758 habere
1110 4719 1224 4755 non
1281 4705 1489 4772 potest.
1560 4700 1815 4754 Crimina
1859 4699 1919 4751 in

208 4798 507 4867 baptismo
531 4796 845 4857 solvuntur,
870 4808 988 4845 non
1019 4790 1307 4860 conjugia.

209 4889 352 4942 CAP.
392 4885 547 4939 LXII.
590 4912 661 4922 —
705 4886 770 4935 De
798 4883 908 4935 illis
938 4881 1157 4947 femmis
1189 4895 1325 4946 quae,
1353 4878 1505 4930 nulla
1542 4890 1706 4930 causa
1762 4878 1922 4929 inter-

578 4955 838 5017 veniente,
880 4954 1217 5019 reliquerunt
1244 4953 1388 5004 viros
1422 4964 1563 5002 suos.

292 5044 405 5113 (Ea:
469 5043 692 5097 concilio
746 5042 1070 5103 Elibertan.,
1131 5041 1308 5107 capite
1363 5040 1441 5107 7.)
1498 5038 1642 5091 Item
1689 5034 1920 5089 feminae

214 5150 357 5204 quae
380 5133 535 5185 nulla
564 5131 922 5201 praecedente
957 5144 1126 5182 causa
1173 5128 1528 5197 reliquerunt
1580 5125 1729 5178 viros
1768 5138 1919 5189 suos,

215 5229 278 5279 et
310 5220 477 5275 alteri
508 5236 567 5273 se
598 5219 1029 5288 copulaveruut,
1073 5221 1131 5269 et
1170 5216 1230 5268 in
1278 5216 1382 5268 hoc
1438 5228 1778 5283 permanere
1825 5228 1921 5266 vo-
1988 5210 1997 5215 “

216 5310 464 5373 Iuerint,
500 5324 605 5362 nec
639 5308 698 5365 in
729 5307 844 5361 line
874 5304 1156 5375 accipiant
1176 5302 1663 5356 communionem.

214 5404 361 5458 the.
396 5398 586 5454 LXIII.
618 5424 687 5436 —
711 5398 784 5450 De
815 5397 1021 5459 femina
1062 5408 1182 5462 quas
1208 5392 1515 5444 adulterum
1561 5391 1845 5458 reliquerit
1874 5393 1923 5442 et

765 5466 1071 5519 adulterum
1109 5465 1389 5532 acceperit.

300 5558 423 5623 (Ea;
465 5557 669 5620 eodem,
736 5556 909 5623 capite
961 5556 1036 5622 9.)
1099 5555 1237 5606 Item
1290 5549 1502 5606 femina
1554 5548 1739 5603 ﬁdelis
1796 5565 1923 5619 qua:

1986 515 2162 579 ducit,
2199 512 2577 583 prohibeatur
2607 529 2677 566 ne
2707 512 2895 566 ducat.
2945 514 3002 569 Si
3056 520 3249 567 autem
3298 514 3545 581 duxerit,
3577 532 3693 569 non

1985 605 2145 675 prius
2176 602 2419 671 accipiat
2444 603 2917 655 communionem
2949 618 3122 672 quam
3164 603 3212 656 is
3243 618 3415 672 quem
3461 602 3697 672 reliquit

1987 694 2056 747 de
2079 691 2290 746 saeculo
2326 689 2549 757 exierit,
2617 690 2725 744 nisi
2778 691 2923 744 forte
2984 690 3291 744 necessitas
3340 690 3694 744 inﬁrmitatis

1987 783 2123 837 dare
2157 780 2525 849 compulerit.

1988 873 2116 925 CAP.
2162 870 2336 924 LXIV.
2374 898 2439 907 —
2474 870 2626 935 Quod
2653 886 2824 939 neque
2863 870 3124 924 dimissus
3168 870 3236 922 ab
3287 884 3476 934 umore,
3525 884 3697 937 neque

2242 941 2481 994 dimissa
2511 957 2545 994 a
2582 945 2801 1007 marito,
2834 943 2993 994 alteri
3021 942 3442 1008 conjungantur.

2062 1034 2167 1091 (Ea:
2207 1029 2429 1085 concilio
2461 1031 2747 1096 Africano,
2781 1034 2957 1099 capite
2987 1033 3101 1099 63.)
3144 1028 3364 1082 Placuit
3397 1032 3457 1081 ut
3494 1043 3698 1081 secun-

1988 1120 2125 1175 dum
2157 1117 2551 1187 evangelicam
2582 1123 2635 1173 et
2684 1119 3054 1188 apostolicam
3097 1118 3479 1187 disciplinam,
3512 1134 3699 1187 neque

1991 1207 2264 1261 dimissus
2306 1206 2376 1258 ab
2420 1222 2611 1274 uxore,
2658 1223 2844 1277 neque
2903 1208 3194 1260 dimissaa
3244 1206 3469 1270 marito,
3534 1205 3701 1258 alteri

1991 1294 2443 1362 conjungantur,
2475 1292 2575 1346 sed
2631 1293 2710 1346 ita
2755 1298 3043 1358 maneant,
3092 1297 3189 1346 aut
3231 1292 3460 1346 sibimet
3500 1308 3699 1345 recon-

1992 1381 2279 1434 cilientur.
2333 1381 2498 1445 Quod
2558 1381 2605 1434 si
2653 1382 3125 1453 contempserint,
3174 1381 3244 1434 ad
3304 1380 3699 1452 paenitentiam

1994 1469 2349 1538 redigantur.

1996 1558 2124 1611 CAP.
2160 1557 2310 1611 LXV.
2341 1587 2410 1594 —
2438 1557 2516 1609 De
2547 1558 2639 1611 illo
2670 1560 2765 1624 qui
2786 1559 2995 1610 vivente
3024 1559 3223 1611 marito
3245 1559 3523 1626 conjuqem
3554 1558 3703 1611 illius

2067 1628 2409 1680 adulterasse
2458 1635 2765 1692 accusatur,
2825 1633 2875 1681 et
2924 1644 3041 1680 eam
3115 1632 3237 1697 post
3307 1632 3423 1697 ejus
3500 1630 3703 1681 obitum

2069 1700 2367 1766 sumpsisse
2398 1697 2756 1765 dignoscitur.

2069 1785 2176 1855 (Ea:
2224 1788 2454 1841 concilio
2512 1786 2792 1842 Meldensi.
2847 1788 3022 1855 capite
3073 1788 3157 1840 69.
3169 1814 3185 1857 )
3226 1786 3275 1839 Is
3334 1786 3432 1856 qui
3480 1786 3705 1838 vivente

1998 1874 2537 1946 maritoconjugem
2578 1875 2733 1928 illius
2790 1875 3136 1929 adulterasse
3193 1880 3505 1941 accusatur,
3557 1880 3614 1927 et
3639 1889 3705 1925 eo

1998 1963 2060 2016 in
2081 1963 2345 2032 proximo
2371 1964 2641 2019 defuncto
2675 1964 2933 2016 eamdem
2976 1964 3286 2033 sumpsisse
3330 1962 3705 2034 dignoscitur,

2000 2051 2353 2105 omnimodis
2412 2052 2657 2121 publica:
2687 2052 3039 2122 paenitentia:
3100 2053 3411 2122 subigatur.
3475 2053 3551 2105 De
3593 2064 3707 2119 quo

1999 2141 2172 2194 etiam
2206 2145 2340 2208 post
2380 2140 2779 2209 pcenitentiam
2813 2140 3070 2209 praelata,
3100 2142 3148 2194 si
3216 2139 3547 2209 expedierit,
3596 2151 3709 2190 ser-

1998 2228 2225 2282 vabitur
2255 2231 2483 2297 regula,
2519 2228 2626 2281 nisi
2653 2228 2816 2297 forte,
2848 2228 2902 2282 id
2957 2234 3059 2295 est,
3119 2235 3216 2283 aut
3259 2230 3469 2282 mulier
3520 2226 3707 2279 virum

2001 2318 2099 2388 qui
2147 2321 2415 2370 mortuus
2464 2317 2648 2370 fuerat
2690 2317 2958 2371 occidisse
3012 2321 3261 2383 notetur,
3324 2323 3422 2370 aut
3470 2313 3705 2387 propin-

2001 2406 2188 2477 quitas
2219 2405 2309 2459 vel
2358 2406 2475 2459 alia
2530 2406 2799 2475 quaelibet
2851 2406 2996 2460 actio
3045 2405 3358 2461 criminalis
3410 2401 3704 2474 impediat.

2000 2493 2159 2558 Quod
2192 2493 2242 2545 si
2272 2493 2584 2562 probatum
2616 2494 2805 2560 fuerit,
2856 2495 2975 2549 sine
3004 2496 3120 2548 ulla
3158 2512 3258 2566 spe
3304 2491 3557 2563 conjugii
3577 2504 3707 2542 cum

2002 2582 2342 2652 poenitentia
2400 2588 2680 2651 perpetuo
2722 2588 3005 2637 maneant.
3045 2583 3104 2637 Si
3162 2589 3350 2637 autem
3420 2576 3712 2651 negaverit

2001 2686 2061 2724 se
2093 2669 2360 2722 eamdem
2411 2670 2683 2723 feminam
2717 2671 2940 2725 vivente
2968 2671 3088 2725 viro
3131 2684 3498 2741 nequaquam
3550 2666 3709 2720 adul-

2001 2764 2240 2821 terasse,
2271 2762 2330 2810 et
2361 2758 2582 2828 praefati
2605 2759 2900 2814 homicidii
2931 2765 3132 2814 neuter
3149 2775 3347 2814 eorum
3379 2775 3507 2812 reus
3539 2753 3710 2809 exsti-

2002 2847 2155 2910 terit,
2213 2850 2271 2899 et
2327 2848 2583 2916 probatis
2635 2849 2872 2902 testibus
2925 2856 3130 2903 neuter
3188 2864 3391 2903 eorum
3451 2843 3713 2900 convinci

2007 2934 2280 3004 potuerit,
2305 2941 2558 3006 purgent
2588 2938 2850 3007 legaliter
2899 2938 3111 2991 famam
3142 2954 3259 2991 suae
3302 2933 3609 3006 opinionis,
3659 2934 3716 2985 et

2009 3027 2237 3091 sumpto
2297 3028 2537 3078 utantur
2580 3027 2868 3097 conjugio,
2928 3026 2975 3081 si
3004 3026 3138 3090 alia,
3179 3032 3246 3081 ut
3291 3024 3558 3091 diximus,
3600 3038 3713 3075 non

2007 3110 2340 3182 impedierit
2373 3114 2539 3168 ratio.

2438 3203 2565 3258 CAP.
2602 3204 2775 3260 LXVI.
2810 3208 2969 3259 —-De
2998 3205 3182 3259 eadem
3210 3220 3285 3259 re.

2080 3289 2196 3360 (Ea:
2216 3292 2443 3346 concilio
2479 3294 2677 3347 Tribur
2707 3335 2721 3359 ,
2744 3294 2926 3363 capite
2964 3296 3035 3361 3.)
3073 3296 3333 3349 Relatum
3366 3297 3452 3345 est
3482 3289 3716 3345 auribus

2011 3384 2340 3432 sanctorum
2392 3382 2775 3451 sacerdotum,
2825 3384 3131 3452 quemdam
3175 3382 3407 3436 alterius
3474 3394 3716 3433 uxorem

2011 3471 2209 3535 stupro
2244 3466 2504 3521 violasse:
2540 3470 2774 3539 insuper
2804 3476 2859 3521 et
2886 3471 3141 3535 moechas,
3173 3471 3397 3522 vivente
3429 3468 3549 3520 viro
3593 3482 3715 3531 suo,

2006 3555 2405 3624 jurameutum
2436 3556 2679 3620 dedisse,
2713 3561 2774 3609 ut
2804 3562 2935 3626 post
2965 3557 3203 3627 legitimi
3242 3556 3438 3609 mariti
3475 3558 3719 3608 mortem

2015 3644 2060 3695 si
2092 3642 2517 3709 supervixisset,
2581 3644 2813 3697 duceret
2870 3662 3127 3699 uxorem.
3179 3644 3341 3708 Quod
3399 3649 3457 3696 et
3505 3643 3717 3695 factum

2016 3734 2119 3784 est.
2148 3730 2281 3782 Tale
2333 3730 2509 3799 igitur
2565 3731 2919 3786 connubium
2970 3732 3343 3803 prohibemus
3395 3736 3451 3784 et
3490 3729 3721 3783 anathe-

2019 3817 2375 3873 matizamus.

2020 3925 2146 3979 CAP.
2184 3924 2382 3979 LXVII.
2420 3955 2488 3964 -—
2512 3927 2583 3979 De
2614 3926 2707 3979 illo
2856 3942 3078 4051 umortem
3101 3927 3278 3988 habet,
3307 3928 3574 3994 etsaepius
3602 3939 3723 3977 ma:-

2712 4011 2738 4049 c
2780 4012 2813 4048 a
2840 4013 2903 4050 us
2933 4014 2985 4051 es
3017 4040 3029 4051 .

2712 4011 2903 4050 enatus
2933 4011 3029 4052 est.

2712 4014 2903 4050 enatus
2990 4014 3029 4052 ι.

2093 4081 2211 4152 (Ere
2231 4084 2453 4137 concilio
2483 4084 2815 4152 Etibertan.,
2869 4014 3047 4155 caiisite
3102 4087 3183 4154 4.)
3235 4083 3294 4138 Si
3351 4083 3478 4153 quis
3536 4080 3723 4136 ﬁdelis

2025 4170 2238 4223 habens
2289 4187 2523 4225 uxorem
2573 4188 2689 4224 non
2734 4174 2908 4225 semel
2960 4174 3058 4227 sed
3117 4171 3328 4241 smpius
3366 4170 3538 4224 fuerit
3577 4185 3723 4222 moe-

1948 4268 1988 4321 D
2028 4260 2245 4324 chatus,
2280 4259 2337 4311 iu
2370 4260 2484 4312 tine
2542 4261 2741 4313 mortis
2796 4268 2880 4314 est.
2910 4262 3357 4315 conveniendus.
3393 4260 3551 4323 Quod
3592 4258 3637 4311 si
3663 4274 3723 4311 se

2025 4347 2357 4415 promiserit
2400 4353 2773 4415 cessaturum,
2834 4349 3005 4403 detur
3056 4351 3109 4403 ei
3156 4350 3510 4401 communio.
3555 4346 3608 4400 Si
3639 4360 3726 4399 re-

2027 4433 2327 4487 suscitatus
2352 4450 2548 4488 rursus
2598 4436 2773 4489 fuerit
2829 4439 3165 4502 moechatus,
3224 4436 3438 4506 placuit
3487 4433 3727 4489 ulterius

2028 4537 2143 4575 non
2173 4522 2415 4576 illudere
2447 4524 2587 4577 alios
2622 4524 2689 4577 de
2720 4527 3125 4580 communione
3154 4525 3328 4595 pacis.

2030 4613 2158 4666 CAP.
2192 4611 2420 4665 LXVIII.
2452 4641 2520 4652 —-
2558 4612 2620 4667 Si
2646 4615 2817 4667 laicus
2859 4616 3134 4669 absolutus
3164 4631 3281 4669 cum
3307 4616 3450 4669 laica
3479 4614 3726 4667 absoluta

2715 4691 3035 4752 peccaverit.

2099 4770 2210 4838 (Ea:
2230 4773 2453 4825 concilio
2494 4772 2771 4838 Meldensi,
2803 4776 2979 4841 capite
3002 4776 3081 4843 7.)
3119 4773 3174 4828 Si
3204 4774 3382 4825 laicus
3413 4788 3542 4825 cum
3582 4771 3728 4825 Iaica

2028 4858 2262 4925 femina,
2304 4860 2362 4913 id
2418 4865 2521 4920 est,
2573 4865 2816 4930 uterque
2868 4862 3163 4915 absolutus
3211 4878 3243 4914 a
3302 4861 3429 4929 lege
3473 4860 3727 4929 conjugii

2028 4948 2418 5012 concubuerit,
2460 4953 2574 5000 tres
2607 4964 2782 5001 annos
2807 4951 3137 5018 poeuiteant.
3177 4951 3240 5003 Et
3263 4954 3477 5019 quanto
3518 4949 3727 5017 saepius

2030 5042 2086 5089 et
2116 5035 2502 5105 uegligeutius
2557 5050 2623 5088 ea
2654 5045 2885 5104 peccata
2940 5038 3371 5101 commiserunt,
3412 5042 3572 5089 tanto
3607 5051 3731 5088 ma—

2031 5124 2117 5194 gis
2149 5129 2205 5177 et
2229 5129 2457 5193 tempus
2478 5123 2740 5191 addatur,
2772 5130 2829 5180 et
2872 5127 3075 5180 modus
3101 5124 3474 5195 paenitentiae.

2031 5213 2159 5268 CAP.
2196 5213 2364 5267 LXIX.
2412 5242 2480 5251 —-
2532 5215 2606 5265 De
2639 5228 2821 5351 umore;
2851 5230 2970 5338 qua:
3010 5218 3216 5268 conscio
3244 5214 3440 5266 marito
3466 5212 3730 5266 mwchata

2820 5301 2933 5337 ueri
2966 5324 2977 5335 .

2820 5301 2977 5337 αθηε.

2103 5372 2221 5442 (Ea:
2250 5372 2471 5425 concilio
2506 5373 2773 5439 Mogunt.,
2800 5375 2977 5441 capite
3010 5371 3093 5441 9.)
3137 5372 3196 5427 Si
3247 5373 3472 5427 conscio
3521 5374 3730 5428 marito

2033 5466 2090 5514 et
2118 5460 2239 5531 ipso
2288 5459 2681 5513 consentiente
2734 5477 2878 5514 uxor
2932 5462 3212 5515 mmchata
3261 5462 3457 5524 fuerit,
3516 5462 3735 5533 placuit

2035 5566 2136 5602 nec
2160 5548 2218 5603 in
2266 5548 2379 5602 line
2418 5547 2663 5601 dandam
2690 5548 2773 5601 eis
2814 5548 3299 5604 communionem.
3342 5551 3401 5606 Si
3438 5568 3570 5605 vero
3601 5567 3729 5607 eam
