3972 6192
388 299 489 352 827

1461 299 1866 356 BURCIIABDI
1904 300 2433 358 WORMACIENSIS
2470 299 2782 356 EPISCOPI
2797 339 2812 357 .
3151 324 3156 332 ·
3757 311 3844 362 828

386 423 705 494 reliquerit,
739 427 797 478 et
835 425 1084 494 separati
1119 425 1354 494 fuerint,
1386 430 1443 480 et
1479 425 1650 494 digne
1685 427 2078 496 pmnituerint,
2114 429 2160 480 A
2199 426 2344 479 ritus
2379 441 2505 480 eam
2549 424 2850 493 invenerit,
2894 428 2952 478 et
2979 424 3294 495 repetierit,
3345 428 3647 483 secundum
3704 445 3848 484 saecu-

383 516 516 582 post
547 512 742 566 decem
766 528 945 566 annos
996 513 1278 582 accipiant
1308 514 1794 568 communionem.

388 602 516 655 CAP.
553 601 691 655 LXX.
723 631 791 639 —
827 604 898 655 De
924 605 1043 654 viro
1079 618 1296 655 uxorem
1327 618 1431 655 non
1463 603 1704 664 habente,
1724 605 1775 656 si
1803 619 1922 658 cum
1947 604 2080 657 alte-

674 674 791 725 rius
818 687 991 727 umore
1025 673 1354 726 adulterium
1381 677 1795 742 perpetraverit.

460 759 568 829 (Em
619 762 839 814 concilio
868 761 1200 826 Namieten.,
1235 764 1412 830 capite
1442 765 1517 827 6.)
1551 762 1712 824 Quod
1760 763 1806 816 si
1837 762 1921 815 vir
1965 778 2082 817 non

388 847 605 902 habens
637 864 871 902 uxorem
905 865 1035 902 cum
1067 849 1303 902 alterius
1347 866 1522 904 uxore
1562 850 1909 904 adulterium
1953 864 2080 920 per-

387 936 650 1005 petravit,
675 942 772 990 aut
822 937 867 990 si
900 953 1012 1006 qua
1063 937 1267 990 mulier
1298 954 1414 990 non
1445 938 1660 992 habens
1709 939 1894 991 virum
1951 953 2081 992 cum

388 1024 620 1078 alterius
677 1026 816 1090 viro,
877 1026 974 1079 ille
1024 1026 1122 1096 qui
1173 1026 1354 1080 foedus
1403 1027 1635 1080 violavit
1685 1027 1960 1097 conjugii,
2009 1043 2082 1080 vu

388 1129 584 1180 annos,
619 1120 680 1166 ut
707 1129 878 1183 supra
931 1115 1148 1167 dictum
1181 1119 1284 1180 est,
1331 1114 1625 1185 poeniteat.
1677 1116 1776 1169 Ille
1803 1116 1902 1186 qui
1957 1116 2082 1186 lege

388 1201 643 1271 conjugii
697 1219 810 1255 non
871 1207 1116 1267 tenetur,
1179 1203 1436 1273 quinque
1521 1219 1700 1258 annos
1788 1205 2079 1275 paeniteat.

392 1290 584 1360 Neque
627 1290 782 1344 enim
845 1292 1081 1361 tequalis
1129 1292 1464 1361 poenitentia
1507 1292 1694 1346 danda
1723 1299 1810 1346 est
1840 1293 1930 1346 his
1961 1293 2084 1364 qui-

384 1378 492 1432 bus
521 1378 780 1432 sufficere
833 1385 1058 1448 poterat
1107 1381 1174 1433 ad
1211 1381 1545 1449 explendam
1591 1380 1889 1434 libidinem
1922 1398 2082 1437 suam

385 1467 694 1537 conjugum
724 1469 1019 1536 amplexus
1051 1484 1063 1521 :
1108 1474 1161 1522 et
1207 1469 1318 1522 illis
1349 1469 1467 1538 qui,
1503 1470 1746 1538 conjuge
1803 1477 2080 1535 carentes,

386 1557 589 1610 ardore
629 1555 883 1610 libidinis
907 1556 1262 1627 impellente,
1295 1557 1355 1610 in
1393 1557 1826 1612 fornicationem
1866 1559 2083 1612 cecide-

386 1649 538 1700 runt

387 1733 517 1789 CAP.
545 1734 711 1788 LXXI.
748 1764 816 1773 —-
859 1736 930 1788 De
957 1735 1262 1802 conjugatis
1291 1737 1388 1803 qui
1416 1735 1606 1805 aliqua
1635 1741 1780 1790 certa
1809 1751 1869 1790 re
1915 1737 2081 1792 disci-

707 1805 856 1858 dium
881 1807 1129 1887 fecerint,
1163 1812 1221 1859 ut
1251 1809 1469 1875 innupti
1488 1811 1758 1861 maneant.

459 1893 564 1962 (Ea:
593 1894 753 1946 dictis
785 1893 1043 1964 August.)
1076 1895 1380 1963 Apostolus
1403 1895 1610 1948 Paulus
1639 1895 1777 1949 dicit
1807 1910 1819 1949 :
1856 1895 1952 1950 His
1982 1893 2082 1964 qui

384 1985 517 2036 sunt
547 1982 606 2034 in
651 1982 918 2051 conjugio
969 1983 1262 2052 praecipio,
1317 1999 1428 2036 non
1454 1999 1582 2052 ego,
1623 1982 1720 2036 sed
1781 1983 2077 2050 Dominus,

387 2086 626 2124 uxorem
653 2087 686 2123 a
741 2071 862 2123 viro
916 2087 1034 2124 non
1096 2071 1426 2125 discedere:
1456 2071 1609 2142 quod
1651 2070 1697 2124 si
1737 2071 2078 2136 discesserit,

383 2174 616 2212 manere
647 2158 971 2228 innuptam,
1025 2165 1124 2213 aut
1168 2160 1288 2213 viro
1334 2177 1436 2213 suo
1471 2159 1842 2213 reconciliari.
1893 2161 2084 2214 Potest

387 2247 542 2302 enim
561 2247 685 2301 fieri
709 2253 770 2300 ut
793 2248 1044 2302 discedat
1065 2265 1128 2302 ea
1146 2264 1314 2302 causa
1332 2248 1464 2318 quia
1496 2248 1773 2302 Dominus
1799 2247 2078 2318 permistt.

385 2339 501 2390 Aut
526 2335 570 2389 si
591 2335 821 2390 femina:
842 2336 975 2390 licet
994 2337 1180 2390 virum
1203 2337 1488 2390 dimittere
1512 2336 1682 2389 etiam
1705 2341 1939 2407 propter
1958 2353 2084 2390 cau-

388 2440 506 2478 sam
521 2424 933 2492 fornicationis,
956 2430 1012 2478 et
1027 2441 1138 2478 non
1156 2425 1290 2478 licet
1302 2423 1442 2489 viro,
1459 2423 1598 2494 quid
1615 2424 2083 2494 respondebimus

387 2513 456 2567 de
479 2514 584 2567 hoc
605 2512 760 2584 quod
781 2512 919 2567 dicit
936 2511 1222 2583 posterius
1247 2527 1261 2564 :
1284 2512 1349 2564 Et
1375 2511 1462 2564 vir
1481 2527 1716 2565 uxorem
1745 2528 1863 2566 non
1893 2513 2084 2569 dimit-

385 2605 468 2655 tat
492 2601 520 2654 ‘l
547 2601 730 2664 Quare
761 2617 873 2654 non
908 2599 1143 2666 addidit,
1188 2605 1421 2669 excepta
1460 2615 1629 2653 causa
1667 2601 2076 2668 fornicationis,

387 2689 541 2761 quod
558 2689 832 2743 Dominus
846 2686 1148 2758 permittit:
1166 2687 1277 2740 nisi
1291 2686 1425 2758 quia
1437 2687 1682 2741 similem
1697 2689 1941 2744 formam
1961 2691 2084 2746 vult

387 2778 656 2848 intelligi,
678 2782 741 2830 ut
771 2776 817 2830 si
845 2775 1126 2830 dimiserit
1155 2776 1310 2845 quod
1345 2792 1514 2829 causa
1539 2777 1928 2832 fornicationis
1956 2795 2083 2849 per-

391 2867 659 2932 mittitur,
695 2871 924 2919 maneat
954 2865 1075 2919 sine
1106 2880 1302 2932 uxore,
1331 2871 1429 2919 aut
1449 2866 1851 2921 reconcilietur
1879 2867 2080 2922 uxori?

2191 516 2310 569 lum
2369 519 2710 586 potestatem
2769 513 3035 568 habuerit
3081 514 3219 584 quid
3276 514 3328 568 ei
3369 531 3534 586 agere
3575 517 3726 572 velit:
3767 521 3845 573 sed

2193 604 2385 658 audiat
2431 604 2486 659 S.
2543 604 2926 674 Augustinum
2958 603 3290 657 dicentem:
3350 603 3486 658 Cum
3526 606 3671 659 enim
3715 608 3786 660 vir
3822 625 3849 660 a

2190 693 2401 747 virtute
2441 709 2652 747 nomen
2700 693 2939 762 accepit,
2973 696 3028 746 et
3080 693 3287 746 mulier
3315 709 3347 744 a
3379 693 3635 758 mollitie,
3677 694 3729 748 id
3781 701 3848 750 est

2191 782 2523 852 fragilitate,
2566 797 2744 852 quare
2787 787 2984 834 contra
3018 781 3470 834 crudelissimam
3511 782 3747 836 libidinis
3777 784 3850 837 be-

2192 872 2356 924 stiam
2384 872 2506 924 vult
2533 870 2930 940 unusquisque
2957 885 3195 922 uxorem
3227 885 3390 922 suam
3423 885 3544 923 esse
3577 870 3847 935 victricem,

2191 975 2322 1014 cum
2351 959 2474 1030 ipse
2503 960 2572 1012 ad
2620 958 2872 1029 primum
2921 958 3177 1011 libidinis
3219 957 3396 1011 ictum
3453 959 3629 1012 victus
3680 960 3852 1013 cadat?

2194 1051 2334 1104 Nam
2395 1047 2676 1118 quidquid
2728 1053 2926 1100 contra
2976 1046 3151 1100 fidem
3203 1047 3535 1099 catholicam
3598 1063 3706 1100 non
3748 1049 3851 1100 licet

2194 1137 2549 1202 mulieribus,
2599 1151 2702 1189 nec
2734 1134 2868 1188 viris
2901 1135 3110 1188 licebit.
3145 1134 3205 1188 Si
3259 1140 3450 1187 autem
3501 1135 3692 1188 eadem
3745 1152 3852 1189 mu-

2192 1227 2300 1281 lier
2328 1227 2532 1280 timore
2574 1224 2895 1294 perterrita,
2928 1241 2959 1277 a
3010 1225 3130 1277 loco
3164 1223 3263 1277 ubi
3306 1239 3431 1276 eam
3464 1223 3746 1292 episcopus
3770 1224 3851 1276 de-

2193 1314 2424 1368 stinavit
2475 1313 2780 1384 aufugerit,
2815 1317 2869 1366 et
2920 1312 3006 1366 vir
3063 1313 3184 1382 ejus
3242 1311 3310 1365 ab
3372 1310 3634 1382 episcopo
3689 1312 3851 1376 semel,

2195 1409 2295 1460 aut
2321 1404 2427 1470 bis,
2472 1405 2556 1457 vel
2608 1403 2818 1473 saepius
2869 1403 3179 1473 repetierit,
3214 1402 3260 1456 si
3301 1403 3472 1455 vitam
3524 1403 3575 1455 ei
3633 1403 3851 1456 obtinere

2193 1493 2392 1565 possit,
2424 1491 2719 1564 perquirat
2756 1497 2812 1546 et
2859 1492 3059 1546 reddat
3091 1508 3104 1546 :
3139 1491 3224 1545 sin
3257 1503 3473 1556 autem,
3513 1491 3736 1544 omnino
3762 1506 3852 1544 non

2195 1581 2416 1637 reddat.
2443 1581 2675 1635 Maritus
2696 1597 2851 1649 vero,
2885 1580 3142 1652 quandiu
3172 1579 3297 1651 ipsa
3321 1579 3497 1641 vivat,
3529 1581 3680 1633 nullo
3711 1579 3849 1633 modo

2115 1708 2155 1763 Β
2196 1670 2435 1724 alteram
2469 1669 2654 1723 ducat.

2195 1760 2320 1814 CAP.
2345 1758 2560 1814 LXXIV.
2583 1788 2652 1796 —
2669 1760 2746 1813 De
2767 1772 2844 1823 eo,
2864 1758 2914 1811 si
2930 1758 3053 1824 quis
3075 1771 3193 1810 cum
3223 1771 3390 1810 uxore
3412 1756 3656 1820 alterius,
3682 1757 3853 1809 vivente

2721 1845 2796 1888 eo.
2829 1831 3134 1894 fornicatus
3155 1830 3346 1892 fuerit.

2261 1917 2368 1989 (Ea:
2398 1917 2617 1971 concilio
2672 1916 2828 1986 apud
2859 1916 3013 1969 Alth.
3069 1915 3274 1980 habito,
3329 1917 3595 1983 praesente
3649 1913 3853 1970 Conrado

2187 2023 2332 2078 rege,
2355 2008 2532 2075 capite
2560 2004 2640 2074 5.)
2676 2005 2820 2059 Illud
2843 2020 2973 2057 vero
3001 2002 3296 2058 communi
3317 2003 3548 2057 decreto
3581 2003 3851 2056 secundum

2189 2110 2470 2156 canonum
2493 2093 2753 2148 instituta
2785 2092 3090 2147 deﬁnimus
3129 2097 3187 2146 et
3217 2091 3678 2162 praejudicamus,
3715 2096 3768 2144 ut
3815 2089 3853 2143 si

2191 2183 2320 2256 quis
2353 2199 2482 2236 cum
2527 2198 2698 2236 uxore
2731 2181 2986 2251 alterius,
3029 2180 3254 2234 vivente
3285 2197 3370 2247 eo,
3406 2180 3716 2234 fornicatus
3756 2179 3850 2232 fue-

2190 2273 2284 2340 rit,
2316 2271 2595 2326 moriente
2635 2271 2842 2324 marito
2890 2268 3387 2340 synodalijudicio
3430 2269 3623 2322 aditus
3649 2269 3698 2322 ei
3733 2267 3855 2321 clau-

2191 2361 2358 2415 datur
2385 2359 2639 2426 illicitus,
2693 2375 2762 2412 ne
2791 2359 3030 2412 ulterius
3061 2357 3114 2410 ei
3161 2357 3555 2427 conjungatur
3595 2355 3854 2410 matrimo-

2189 2449 2310 2518 nio,
2343 2463 2516 2518 quam
2549 2446 2710 2516 prius
2744 2445 2950 2517 polluit
2975 2445 3282 2499 adulterio.
3305 2446 3588 2499 Nolumus
3617 2444 3755 2499 enim
3775 2458 3858 2496 nec

2191 2536 2528 2592 Christianae
2559 2534 2827 2604 religioni
2854 2535 3119 2588 convenit
3148 2537 3210 2588 ut
3239 2534 3438 2588 nullus
3467 2534 3636 2587 ducat
3668 2534 3721 2586 in
3749 2548 3857 2586 con-

2183 2627 2436 2698 jugium,
2466 2641 2638 2696 quam
2669 2625 2828 2695 prius
2859 2624 3065 2695 polluit
3095 2640 3198 2694 per
3229 2623 3606 2678 adulterium.

2189 2715 2317 2770 CAP.
2353 2715 2541 2768 LXXV.
2584 2743 2653 2753 —
2682 2716 2757 2767 De
2796 2715 3026 2778 ingenuo
3058 2715 3154 2780 qui
3192 2715 3489 2778 ingenuam
3528 2713 3716 2781 accipit
3745 2726 3860 2764 uaro-

2544 2801 2674 2848 rem,
2709 2789 2758 2835 et
2775 2789 2960 2852 postea
2989 2798 3200 2836 servum
3228 2799 3282 2836 se
3314 2784 3530 2846 fecerit.

2263 2855 2373 2925 (Ea:
2427 2857 2614 2910 concil.
2679 2857 2900 2909 Tribur.
2953 2857 3041 2907 cui
3098 2855 3352 2920 interfuit
3406 2870 3512 2907 rea:
3559 2853 3858 2922 Arnolphus.

386 2954 453 3006 Et
483 2969 620 3024 posr
645 2969 824 3022 pauca
858 2969 870 3005 :
909 2953 1180 3005 Dominus
1212 2959 1404 3007 autem
1437 2953 1702 3024 permisit
1749 2971 1918 3010 causa
1966 2957 2083 3010 for-
2113 2992 2152 3046 Ω
2189 2948 2363 3046 οαηίξθ
2403 2943 2801 3042 ΒιλΡϐΓῙθῐυω
2838 2947 2953 3040 .est
3011 2941 3082 2995 ad
3136 2948 3389 2995 sanctam
3425 2943 3708 3039 synodum
3733 2940 3858 3046 quod

387 3041 688 3096 nicationis
745 3057 977 3096 uxorem
1033 3041 1263 3108 dimitti,
1315 3042 1412 3096 sed
1479 3043 1615 3114 quia
1656 3045 1918 3114 permisit
1965 3061 2081 3099 non

382 3130 570 3201 jussit.

389 3219 514 3272 CAP.
537 3219 734 3272 LXXII.
763 3246 831 3257 —
850 3220 922 3271 De
942 3219 1054 3271 illis
1077 3221 1191 3287 qui,
1219 3221 1604 3273 interveniente
1622 3221 1867 3290 repudio,
1888 3223 2013 3276 aliis
2029 3237 2084 3277 se

777 3290 836 3342 in
866 3292 1272 3343 matrimonium
1301 3292 1689 3358 copulaverint.

460 3359 567 3428 (Ea:
622 3359 828 3423 decreto
871 3361 1170 3414 Innocentii
1231 3376 1409 3430 papa,
1465 3364 1644 3430 capite
1697 3364 1810 3432 26.)
1861 3364 1938 3417 De
1994 3363 2083 3419 his

387 3445 562 3501 etiam
592 3448 888 3518 requisivit
932 3447 1160 3503 dilectio
1201 3454 1319 3517 tua,
1378 3450 1478 3520 qui
1529 3451 1941 3508 interveniente
1993 3470 2084 3508 re-

386 3535 564 3606 pudio
585 3536 712 3591 aliis
733 3553 790 3590 se
822 3536 1192 3591 matrimonio
1210 3539 1646 3607 copulaverunt,
1671 3556 1812 3610 quos
1845 3542 1903 3596 in
1928 3546 2086 3596 utra-

389 3641 501 3695 que
527 3631 686 3694 parte
729 3625 1017 3680 adulteros
1063 3641 1184 3679 esse
1239 3625 1610 3680 manifestum
1662 3633 1762 3683 est.
1815 3629 1924 3693 Qui
1953 3646 2086 3684 vero

387 3713 475 3767 vel
509 3730 682 3768 uxore
714 3714 956 3778 vivente,
1009 3715 1270 3784 quamvis
1312 3715 1677 3770 dissociatum
1736 3734 1856 3772 esse
1897 3719 2087 3773 videa-

388 3806 484 3856 tur
512 3802 870 3872 conjugium,
901 3802 968 3856 ad
1000 3802 1170 3857 aliam
1194 3803 1458 3873 copulam
1499 3803 1860 3874 festinarunt,
1902 3824 2088 3878 neque

388 3894 632 3958 possunt
651 3890 895 3944 adulteri
925 3907 1038 3944 non
1067 3891 1268 3957 videri,
1300 3892 1604 3947 intantum
1650 3899 1714 3948 ut
1772 3895 1860 3949 hee
1914 3897 2088 3951 etiam

389 3979 872 4049 personaequibus
895 3980 1334 4049 talesconjuncti
1356 3987 1509 4046 sunt,
1536 3982 1708 4035 etiam
1752 3983 1888 4054 ipsa:
1933 3986 2091 4039 adul-

389 4066 601 4122 terium
640 4066 991 4122 commisisse
1021 4068 1334 4136 videantur,
1381 4070 1691 4125 secundum
1723 4072 1864 4127 illud
1936 4074 2090 4144 quod

391 4155 635 4224 legimus
655 4155 716 4209 in
760 4156 1064 4227 Evangelia
1096 4174 1109 4210 :
1145 4157 1252 4221 Qui
1291 4158 1579 4213 dimiserit
1616 4176 1854 4215 uxorem
1903 4179 2087 4231 suam,

391 4247 448 4297 et
468 4243 702 4298 duxerit
723 4245 916 4310 aliam,
943 4246 1276 4300 moechatur.
1305 4247 1368 4300 Et
1389 4246 1518 4300 ideo
1544 4263 1740 4301 omnes
1766 4265 1798 4302 a
1833 4265 2085 4304 commu-
2116 4268 2156 4320 υ

391 4331 566 4384 nione
591 4331 846 4386 fidelium
877 4333 1267 4388 abstinendos.
1303 4335 1380 4389 De
1411 4336 1746 4405 parentibus
1771 4322 1963 4393 autem
1986 4344 2084 4394 aut

389 4419 731 4492 prepinquis
769 4437 971 4474 eorum
1020 4422 1160 4476 nihil
1191 4424 1301 4476 tale
1345 4424 1515 4478 statui
1545 4429 1751 4493 potest,
1785 4426 1895 4481 nisi
1924 4427 1972 4482 si
2001 4428 2085 4483 in-

390 4513 648 4564 centores
677 4509 862 4563 illiciti
889 4509 1160 4564 consortii
1192 4511 1363 4566 fuisse
1393 4512 1713 4568 videantur.

391 4597 518 4652 CAP.
545 4598 766 4676 LXXIII.
791 4627 858 4638 —
879 4600 944 4676 Si
964 4600 1120 4667 cujus
1138 4615 1280 4676 umor
1296 4606 1646 4676 constuprat‘a
1662 4605 1850 4670 fuerit,
1893 4609 2080 4676 etpra-

560 4674 748 4737 pterea
778 4673 1006 4723 maritas
1037 4671 1260 4739 perdere
1291 4673 1445 4725 illam
1476 4673 1887 4730 machinaverit.

463 4755 575 4826 (Ea:
605 4759 791 4812 concil.
853 4759 1207 4825 Triburiensi,
1249 4763 1422 4828 capite
1451 4762 1566 4831 46.)
1627 4762 1682 4817 Si
1737 4765 1899 4834 cujus
1945 4783 2086 4821 uxor

389 4850 755 4916 constuprata
803 4845 996 4915 fuerit,
1025 4852 1080 4900 et
1109 4853 1416 4919 propterea
1436 4851 1674 4904 maritus
1693 4852 1922 4923 capitali
1948 4871 2083 4909 sen-

389 4934 568 4988 tentia
599 4934 789 4989 delere
845 4935 1003 4989 illam
1035 4938 1464 5004 machinaverit,
1496 4939 1618 5010 ipsa
1646 4957 1799 5008 vero,
1847 4950 2085 5014 urgente

389 5022 591 5076 mortis
644 5023 915 5094 periculo,
961 5025 1031 5078 ad
1085 5026 1420 5096 episcopum
1469 5029 1807 5100 confugerit,
1843 5036 1901 5084 et
1925 5033 2084 5086 auxi-

390 5111 531 5165 lium
563 5113 874 5182 quaasierit,
907 5115 1223 5184 operosiori
1249 5121 1441 5170 tamen
1473 5117 1520 5170 si
1562 5124 1751 5188 potest
1787 5121 2086 5190 episcopus

386 5199 579 5254 labore
634 5200 870 5256 desudet
935 5219 1003 5256 ne
1059 5203 1386 5274 occidatur;
1420 5205 1467 5258 si
1520 5221 1654 5259 vero
1707 5223 1827 5261 non
1880 5201 2098 5278 potest,’

388 5288 549 5342 nullo
575 5290 745 5344 modo
777 5289 943 5343 liceat
975 5291 1027 5344 ei
1055 5292 1376 5363 requirenti
1404 5309 1532 5346 eam
1559 5294 1798 5350 reddere
1829 5297 1898 5350 ad
1931 5296 2086 5350 occi—

389 5376 664 5444 dendum,
699 5395 826 5449 quae
856 5394 914 5432 se
945 5379 996 5432 ei
1026 5379 1233 5435 obtulit
1263 5381 1333 5436 ad
1361 5381 1782 5438 defendendum
1813 5401 1826 5438 :
1861 5385 1956 5438 sed
1989 5402 2084 5439 so-

389 5464 518 5518 lerti
549 5481 680 5518 cura
707 5466 1056 5522 transmittat
1083 5485 1208 5522 eam
1240 5468 1308 5522 ad
1342 5469 1534 5522 locum
1575 5485 1746 5540 quem
1779 5471 1901 5542 ipsa
1931 5471 2084 5526 dele-

390 5554 556 5623 gerit,
593 5559 655 5607 ut
683 5571 877 5608 secura
913 5557 1086 5625 possit
1133 5557 1338 5611 vivere.
1373 5557 1429 5612 Si
1459 5575 1592 5612 vero
1633 5558 1922 5613 interdum
1973 5577 2089 5614 ma-

2192 3033 2428 3104 quidam
2491 3031 2779 3102 ingenuus
2833 3029 3144 3101 ingenuam
3196 3030 3480 3101 acceperit
3537 3046 3776 3094 uxorem,
3821 3033 3863 3080 et

2191 3126 2319 3192 post
2344 3120 2595 3174 filiorum
2627 3119 3083 3189 procreationem
3116 3117 3410 3172 occasione
3447 3118 3674 3172 divortii
3700 3117 3861 3185 cujus-

2193 3211 2324 3264 dam
2351 3225 2576 3263 servum
2610 3225 2668 3262 se
2711 3207 2931 3274 fecerit,
2972 3211 3167 3260 utrum
3219 3207 3543 3260 necessario
3599 3206 3862 3260 mulierem

2191 3305 2386 3354 tenere
2419 3297 2639 3362 debeat,
2671 3301 2746 3363 et,
2784 3295 2830 3349 si
2868 3294 3139 3362 tenuerit,
3175 3301 3364 3348 utrum
3395 3296 3501 3348 illa
3541 3311 3757 3366 quoque
3794 3309 3862 3346 se-

2193 3388 2448 3442 cundum
2501 3387 2834 3439 saecularem
2881 3384 3067 3454 legem
3117 3383 3374 3440 servituti
3430 3384 3638 3454 subjici
3676 3383 3863 3438 debeat.

2192 3476 2514 3532 Judicatum
2546 3479 2632 3528 est
2660 3489 2899 3527 uxorem
2957 3472 3195 3527 minime
3227 3473 3439 3526 debere
3489 3472 3719 3536 dimitti,
3771 3485 3864 3524 non

2193 3570 2390 3620 tamen
2419 3564 2490 3618 ob
2535 3562 2740 3618 Christi
2760 3563 2948 3632 legem
2997 3562 3298 3616 mulierem
3329 3561 3390 3615 in
3420 3562 3750 3616 servitutem
3796 3575 3865 3613 re-

2197 3653 2336 3723 digi,
2373 3653 2510 3706 dum
2533 3651 2627 3706 ille
2659 3667 2773 3704 non
2799 3666 2866 3704 ex
2918 3666 3199 3704 consensu
3241 3649 3512 3721 conjugis
3557 3667 3618 3705 se
3673 3664 3865 3704 servum

2195 3742 2347 3807 fecit,
2381 3757 2554 3810 quem
2586 3739 2831 3793 liberum
2861 3739 2982 3809 ipsa
3007 3739 3276 3792 maritum
3301 3740 3542 3810 accepit.

2198 3833 2326 3887 CAP.
2359 3829 2578 3885 LXXVI.
2605 3859 2674 3867 —
2701 3832 2775 3882 De
2792 3829 2899 3882 illis
2922 3828 3227 3952 conjugatis
3246 3844 3480 3896 quorum
3511 3828 3648 3896 leges
3676 3827 3866 3881 diversae

2975 3914 3078 3952 sun
3108 3941 3119 3952 .

2975 3914 3119 3953 sunt.

2269 3991 2380 4060 (Em
2412 3987 2611 4055 eodem,
2657 3989 2832 4056 capite
2869 3986 2978 4056 15.)
3015 3987 3091 4040 De
3126 3985 3358 4041 Francia
3401 3986 3618 4041 nobilis
3665 3986 3865 4057 quidam

2199 4079 2372 4134 homo
2398 4076 2651 4131 nobilem
2687 4077 2758 4130 de
2801 4075 3044 4130 Saxonia
3074 4075 3359 4130 Saxonum
3392 4076 3520 4146 lege
3550 4075 3706 4130 duxit
3750 4089 3864 4126 uxo-

2199 4183 2342 4221 rem.
2371 4166 2580 4220 Tenuit
2609 4165 2803 4218 multis
2852 4164 3038 4230 annis,
3071 4169 3128 4217 et
3157 4179 3224 4217 ex
3252 4180 3321 4218 ea
3362 4164 3515 4219 filios
3558 4161 3864 4235 procreavit,

2199 4255 2408 4308 Verum
2440 4253 2574 4324 quia
2605 4269 2723 4307 non
2754 4252 2956 4306 iisdem
3009 4257 3250 4306 utuntur
3291 4252 3518 4322 legibus
3547 4253 3786 4308 Saxones
3825 4254 3866 4301 et

2193 4341 2412 4409 Franci,
2448 4347 2714 4395 causatus
2742 4347 2826 4394 est
2856 4340 3007 4412 quod
3037 4356 3162 4394 eam
3193 4355 3309 4393 non
3352 4357 3480 4406 sua,
3514 4341 3573 4396 id
3607 4348 3690 4396 est
3733 4341 3867 4395 Fran-

2192 4446 2387 4484 corum
2408 4430 2531 4500 lege
2580 4428 3026 4499 desponsaverit,
3071 4429 3158 4481 vel
3189 4429 3496 4497 acceperit,
3553 4435 3651 4483 aut
3677 4429 3866 4483 dotare-

2191 4519 2268 4573 rit
2307 4535 2320 4573 :
2363 4518 2711 4588 dimissaque
2755 4517 2873 4583 illa,
2916 4517 3078 4571 duxit
3114 4517 3374 4572 alteram.
3411 4519 3681 4572 Deiinivit
3725 4528 3867 4584 super

2191 4607 2301 4662 hoc
2329 4613 2521 4661 sancta
2551 4607 2822 4676 synodus,
2851 4611 2913 4660 ut
2953 4606 3047 4660 ille
3102 4609 3496 4676 transgressor
3560 4606 3867 4676 evangelica

2192 4696 2332 4766 legis
2385 4696 2722 4765 subjugatur
2759 4694 3144 4764 paenitentiae;
3177 4695 3482 4750 asecunda
3510 4696 3749 4767 conjuge
3793 4707 3867 4745 se-

2193 4787 2448 4855 paretur,
2481 4784 2733 4853 priorem
2757 4798 3048 4837 resumere
3070 4787 3324 4852 cogatur.

2195 4873 2321 4928 CAP.
2359 4873 2603 4927 LXXVII.
2642 4901 2704 4913 —
2737 4873 2846 4928 Cur
2877 4874 3324 4926 communicantes
3344 4873 3460 4924 viri
3487 4887 3610 4926 cum
3640 4869 3872 4926 adulteris

2654 4944 2914 4996 umoribus
2944 4958 3049 4996 non
3087 4944 3426 4997 conveniant.

2265 5033 2374 5099 (Ετ
2407 5032 2550 5086 decr.
2585 5033 2882 5086 Innocentii
2906 5046 3087 5100 papae,
3122 5033 3300 5099 capite
3327 5031 3436 5100 24.)
3472 5031 3589 5086 Cur
3617 5030 3721 5084 viri
3764 5041 3872 5083 cum

2195 5120 2472 5175 adulteris
2501 5135 2619 5173 non
2674 5120 3038 5185 conveniant,
3089 5125 3145 5173 et
3192 5119 3336 5173 illud
3375 5119 3762 5174 desideratum
3804 5122 3873 5170 est

2196 5209 2348 5272 sciri,
2379 5225 2480 5263 cur
2545 5209 3036 5262 communicantes
3070 5208 3176 5262 viri
3204 5223 3335 5261 cum
3381 5208 3658 5262 adulteris
3704 5204 3871 5260 uxori-

2196 5298 2302 5352 bus
2331 5314 2448 5352 non
2475 5298 2834 5364 conveniant,
2862 5314 2992 5352 cum
3033 5303 3233 5352 contra
3257 5313 3461 5352 uxores
3507 5297 3568 5351 in
3613 5291 3872 5350 consortio

2197 5386 2587 5441 adulterorum
2617 5387 2869 5441 virorum
2898 5403 3128 5441 manere
3161 5387 3486 5451 videantur,
3529 5386 3667 5441 dum
3722 5392 3874 5450 super

2196 5475 2305 5529 hoc
2350 5475 2672 5532 Christiana
2736 5475 2939 5546 religio
2973 5475 3322 5530 adulterium
3361 5476 3416 5528 in
3464 5479 3711 5544 utroque
3757 5483 3872 5524 sexu

2196 5562 2324 5634 pari
2354 5563 2571 5618 ratione
2602 5568 2954 5630 contemnet,
2995 5564 3092 5619 sed
3139 5563 3288 5619 viros
3317 5580 3445 5617 suos
3480 5563 3746 5617 mulieres
3774 5571 3867 5609 non
