4028 6190
114 340 234 392 8'29

118 552 371 619 peccata
407 545 736 599 vindictam.
781 545 892 598 Viri
922 550 1108 599 autem
1162 538 1410 595 liberius
1449 558 1657 595 uxores
1708 543 1875 596 adul-

124 643 295 689 teras
329 635 483 704 apud
516 634 837 687 sacerdotes
873 634 1089 687 deferre
1140 634 1602 696 consueverunt,
1638 636 1695 683 et
1744 629 1875 684 ideo

125 724 495 778 mulieribus
531 722 757 791 prodito
788 738 982 775 earum
1014 716 1267 775 crimine
1310 719 1647 773 communio
1694 720 1876 771 dene-

125 818 339 883 gatur,
376 813 634 865 virorum
664 816 872 873 autem,
908 812 1115 863 latente
1151 807 1488 873 commisso,
1546 823 1662 859 non
1710 807 1874 860 facile

129 900 462 972 quisquam
517 915 587 952 ex
642 899 1063 968 suspicionibus
1116 894 1461 961 abstinetur,
1521 894 1620 965 qui
1674 894 1875 965 utique

130 988 593 1043 submovebitur
624 987 668 1039 si
702 987 825 1056 ejus
866 986 1150 1055 llagitium
1184 982 1505 1054 delegatur.
1551 984 1693 1038 Cum
1734 1000 1872 1053 ergo

133 1094 251 1148 par
284 1093 461 1129 causa
491 1077 562 1129 sit
589 1075 882 1128 interdum
914 1073 1252 1145 probatione
1287 1077 1564 1138 cessante,
1606 1070 1873 1127 vindictae

139 1165 301 1219 ratio
344 1163 727 1234 conquiescit.

140 1291 281 1343 CAP.
321 1288 596 1342 LXXVIII.
630 1318 700 1327 —~
737 1288 890 1351 Quod
929 1304 1035 1341 non
1064 1287 1349 1341 conveniat
1382 1286 1720 1341 Christianos
1752 1302 1875 1341 cum

462 1360 731 1412 haereticis
772 1359 1049 1426 nuptialia
1061 1358 1199 1424 jura
1226 1358 1561 1411 contrahere.

220 1484 337 1547 (Ea:
370 1483 597 1535 concilio
630 1481 967 1546 Laodicensi,
1000 1482 1176 1549 capite
1207 1480 1320 1549 3t.)
1353 1481 1515 1544 Quod
1544 1497 1661 1534 non
1698 1497 1873 1550 opor-

145 1576 269 1624 teat
335 1587 469 1623 cum
550 1570 835 1623 haereticis
901 1568 1181 1622 universis
1246 1568 1587 1638 nuptiarum
1656 1570 1875 1623 fcedera

147 1658 464 1726 celebrare,
514 1674 622 1712 nec
665 1658 748 1711 eis
795 1658 947 1712 filios
996 1658 1131 1711 dare
1181 1658 1267 1710 vel
1311 1658 1483 1724 tilias,
1533 1658 1629 1713 sed
1688 1659 1874 1729 magis

150 1748 431 1817 accipere,

157 1842 295 1891 tant.

450 1942 588 1997 CAP.
626 1940 845 1995 LXXIX.
880 1942 1180 1995 —Judicii
1212 1942 1572 1999 examinatio.

210 2052 288 2104 De
321 2050 441 2103 hoc
475 2047 641 2119 quod
674 2048 812 2102 mibi
861 2053 1197 2119 reputatum
1231 2055 1319 2103 est
1370 2051 1431 2104 in
1486 2052 1591 2105 hac
1632 2051 1874 2122 synodo,

151 2138 300 2209 quod
336 2138 521 2191 simul
554 2153 683 2190 cum
713 2137 818 2191 ista
866 2137 1087 2191 femina
1113 2137 1465 2194 adulterium
1499 2141 1583 2193 vel
1623 2140 1874 2193 fornica-

158 2230 371 2281 tionem
402 2225 694 2291 fecissem,
736 2226 895 2297 quod
960 2243 1079 2280 non
1140 2242 1246 2295 ego
1290 2228 1371 2282 ita
1411 2228 1538 2295 feci,
1590 2244 1696 2282 nec
1744 2227 1877 2281 inde

152 2334 235 2371 me
265 2314 623 2386 culpabilem
656 2331 1039 2386 recognosco,
1083 2314 1161 2368 sic
1190 2331 1281 2369 me
1332 2318 1484 2371 Deus
1525 2316 1753 2388 adjuvet
1808 2316 1878 2369 ad

150 2406 300 2461 istud
327 2404 643 2476 judicium.

505 1747 556 1801 si
624 1750 819 1801 tamen
889 1745 1240 1800 Christianos
1302 1763 1362 1800 se
1432 1746 1561 1801 fieri
1626 1746 1870 1818 permit-
1909 1765 1947 1817 Β

1122 327 1614 388 DECRETORUM
1659 332 1845 386 LIBRI
1883 333 1989 389 ΧΧ.
2034 364 2100 373 -—
2143 332 2351 388 LIBER
2394 330 2721 386 DECIMUS.
3592 339 3695 391 830

116 458 305 513 facile
338 456 410 511 de
441 456 726 510 adulterio
777 459 1059 522 accusant,
1100 454 1167 506 et
1212 465 1337 507 non
1385 454 1605 507 habent
1641 453 1876 507 latentia
1908 460 1955 512 Α

2120 458 2257 511 CAP.
2304 454 2488 508 LXXX.
2523 484 2590 494 —
2628 455 2918 523 Separatio
2946 457 3164 509 incesta
3192 458 3569 524 capulationis.

2064 547 2147 601 Ab
2195 544 2305 598 isto
2357 542 2447 596 die
2500 543 2559 596 in
2601 550 2768 597 antea
2835 560 2965 597 cum
3007 544 3115 597 ista
3157 545 3372 598 femina
3410 562 3542 599 cum
3581 563 3697 616 qua

1991 632 2344 689 adulterium
2380 632 2467 684 vel
2499 632 2937 686 fornicationem
2988 634 3189 700 fecisti,
3242 634 3391 687 unde
3444 634 3698 702 diSCipli-

1992 740 2124 776 nam
2162 723 2245 775 vel
2278 720 2677 790 paenitentiam
2710 721 3029 791 suscepisti,
3064 722 3311 792 amplius
3367 738 3483 775 non
3528 723 3695 775 adul-

1988 810 2224 870 terabis,
2276 824 2381 861 nec
2429 809 2800 862 fornicaberis
2850 826 2983 863 cum
3044 826 3131 875 ea,
3183 826 3285 862 nec
3332 810 3504 862 aliam
3564 826 3696 863 uxo-

1989 916 2113 953 rem
2159 897 2429 966 accipies,
2472 898 2579 950 nisi
2637 904 2762 967 post
2812 904 3099 967 peractam
3152 898 3547 968 paenitentiam
3590 899 3695 953 tibi

1987 987 2225 1041 licentia
2256 986 2390 1039 data
2424 984 2594 1039 fuerit
2626 988 2694 1040 ab
2728 987 3013 1057 episcopo,
3049 994 3151 1040 aut
3175 987 3245 1040 ab
3298 987 3421 1057 ejus
3471 988 3643 1042 misso
3678 1004 3691 1042 :

1986 1078 2065 1130 sic
2097 1082 2151 1130 te
2184 1078 2337 1129 Deus
2383 1075 2629 1141 adjuvet.

2168 1166 2299 1219 CAP.
2340 1164 2555 1219 LXXXI.
2591 1196 2659 1203 —
2682 1167 3059 1219 Rcconciliutio
3083 1164 3514 1232 conjugatorum.

2058 1256 2144 1309 Ab
2177 1255 2288 1307 isto
2317 1255 2409 1307 die
2444 1255 2499 1306 in
2535 1261 2703 1307 antea
2735 1254 2897 1307 istam
2931 1260 3089 1307 tuam
3121 1254 3426 1323 conjugem
3462 1253 3697 1309 nomine

1993 1345 2055 1397 Ν.
2101 1360 2274 1413 quam
2312 1343 2524 1412 injuste
2565 1344 2863 1397 dimiseras
2890 1343 2967 1395 ita
3001 1343 3238 1407 tenebis,
3272 1343 3418 1395 sicut
3445 1358 3548 1412 per
3577 1358 3690 1395 rec-

1988 1436 2109 1484 tum
2146 1433 2390 1485 maritus
2434 1448 2594 1485 suam
2657 1432 2827 1485 debet
2874 1432 3083 1484 habere
3126 1432 3450 1501 conjugem,
3509 1431 3567 1484 in
3616 1430 3701 1485 dir,

1990 1521 2232 1574 lectione
2268 1526 2327 1574 et
2374 1520 2565 1573 debita
2620 1519 2972 1589 disciplina:
3025 1535 3129 1572 nec
3176 1534 3301 1572 eam
3352 1535 3456 1588 per
3514 1520 3697 1573 ullum

1992 1610 2205 1661 malum
2230 1606 2533 1677 ingenium
2567 1624 2597 1660 a
2623 1613 2677 1659 te
2708 1605 3018 1675 separabis,
3049 1622 3151 1659 nec
3170 1622 3237 1660 ea
3268 1606 3491 1661 vivente
3519 1606 3697 1661 aliam

1990 1697 2227 1767 accipies
2264 1714 2279 1752 :
2313 1697 2394 1750 sic
2424 1702 2481 1750 te
2515 1698 2663 1749 Deus
2689 1695 2941 1764 adjuvet.

2372 1786 2502 1840 CAP.
2542 1785 2783 1840 LXXXII.
2816 1813 2888 1822 —-
2923 1784 3003 1836 De
3032 1782 3217 1836 eadem
3246 1798 3324 1837 re.

2062 1875 2107 1926 A
2136 1872 2310 1926 modo
2345 1873 2405 1926 in
2455 1879 2619 1926 antea
2661 1872 2836 1925 istum
2877 1878 3042 1925 tuum
3088 1872 3356 1925 maritum
3400 1887 3573 1942 quem
3613 1870 3698 1924 in-

1985 1963 2139 2033 juste
2168 1960 2476 2015 dimiseras
2510 1962 2589 2014 ita
2639 1961 2858 2014 tenebis
2896 1966 2954 2013 et
2995 1961 3436 2030 amplexaberis,
3472 1967 3529 2014 et
3558 1960 3609 2014 ei
3641 1960 3701 2014 in

1992 2050 2240 2117 servitio,
2278 2050 2337 2103 in
2372 2067 2569 2104 amore
2622 2055 2676 2103 et
2710 2050 2767 2103 in
2817 2050 3020 2102 timore
3079 2051 3156 2103 ita
3204 2052 3316 2104 eris
3360 2050 3615 2121 subjecta
3647 2052 3703 2103 et

1991 2139 2285 2204 obediens,
2329 2138 2479 2192 sicut
2510 2154 2610 2208 per
2644 2142 2859 2190 rectum
2903 2153 3048 2190 uxor
3088 2154 3190 2192 suo
3232 2138 3399 2191 debet
3448 2138 3702 2207 subjecta

1991 2244 2111 2281 esse
2148 2226 2383 2292 marito,
2432 2243 2537 2279 nec
2598 2242 2847 2296 unquam
2912 2226 2981 2279 ab
3013 2242 3077 2279 eo
3136 2232 3190 2279 te
3240 2226 3553 2295 separabis,
3597 2240 3702 2278 nec

1988 2315 2087 2368 illo
2119 2315 2347 2368 vivente
2380 2314 2547 2367 alteri
2580 2314 2700 2366 viro
2744 2319 2799 2366 te
2843 2312 3102 2381 sociabis,
3149 2329 3253 2367 nec
3289 2312 3555 2383 conjugio
3598 2318 3698 2365 aut

1990 2402 2275 2457 adulterio
2314 2418 2327 2456 :
2367 2402 2459 2456 Sic
2491 2407 2541 2455 te
2576 2403 2720 2455 Deus
2759 2402 3006 2472 adjuvet.

1616 2540 1795 2580 FINIS
1842 2539 2019 2580 LIBRI
2070 2538 2249 2578 NONI.

990 2851 1298 2927 INDEX
1373 2854 2067 2929 CAPITULORUM
2144 2854 2405 2927 LIBRI
2488 2856 2843 2932 DECIMI.

154 3032 295 3084 CAP.
355 3031 403 3082 1.
451 3027 519 3081 Ut
560 3024 810 3096 episcopi
861 3024 932 3079 de
986 3026 1280 3093 parochiis
1318 3027 1437 3081 suis
1464 3029 1771 3099 sortilegos
1822 3032 1877 3081 et
1916 3028 1955 3083 C
1989 3030 2076 3082 22.
2120 3028 2187 3080 Ut
2218 3028 2627 3084 vaticinatores
2654 3031 2783 3084 caesi
2816 3032 2884 3085 de
2915 3031 3240 3087 civitatibus
3264 3033 3584 3104 ejiciantur.

231 3116 530 3170 maleticos
562 3116 867 3185 expellant.

204 3247 220 3261 .
258 3208 340 3260 De
369 3204 685 3258 cultoribus
716 3203 1013 3256 arborum.

200 3337 215 3349 .
258 3297 339 3348 De
374 3293 686 3346 cultoribus
725 3291 1037 3344 idolorum.

209 3426 221 3436 .
261 3385 345 3437 De
379 3382 581 3435 eadem
612 3397 691 3434 re.

205 3514 219 3525 .
259 3474 342 3524 De
374 3470 484 3522 illis
516 3468 611 3540 qui
643 3466 1025 3522 divinationes
1057 3467 1379 3537 requirunt.

208 3601 221 3612 .
264 3560 347 3612 De
381 3559 491 3611 illis
522 3557 620 3628 qui
653 3558 825 3609 ritum
858 3570 1213 3626 paganorum
1246 3556 1568 3610 observant.

211 3688 225 3700 .
276 3649 359 3701 De
405 3647 515 3699 illis
561 3646 660 3716 qui
705 3644 963 3715 auguriis
999 3646 1053 3697 et
1113 3643 1599 3699 incantationibus
1657 3644 1882 3697 subser-

158 3211 196 3261 2

159 3300 191 3351 3

162 3388 197 3439 4

162 3476 196 3525 3

161 3565 196 3615 6

159 3653 197 3703 7

250 3735 441 3788 viunt.

168 3833 228 3883 8.
270 3828 351 3881 De
385 3824 581 3878 eadem
612 3840 695 3877 re.

172 3922 229 3972 9.
268 3918 351 3970 Dc
378 3913 489 3967 illis
523 3914 621 3984 qui
651 3916 835 3967 sortes
867 3912 1191 3977 observant.

184 4007 272 4059 10.
308 4004 387 4057 De
419 4002 718 4056 arboribus
748 4018 890 4072 quas
922 4000 1126 4069 vulgus
1158 4000 1309 4053 colit.

183 4096 271 4147 11.
312 4091 389 4143 De
423 4090 532 4142 illis
563 4089 661 4159 qui
689 4089 811 4142 dies
843 4091 899 4140 et
933 4102 1155 4139 menses
1186 4086 1503 4140 observant.

182 4183 271 4234 I2.
314 4178 392 4231 De
423 4177 532 4229 illis
559 4177 658 4247 qui
683 4174 1376 4230 daemonibusimmolant.

179 4271 271 4322 I3.
305 4267 382 4319 De
414 4265 525 4318 illis
551 4266 649 4336 qui
679 4264 1015 4318 traditiones
1048 4263 1351 4333 gentilium
1383 4264 1703 4317 observant.

184 4357 277 4411 14.
317 4354 394 4407 De
441 4353 792 4407 mulierculis
842 4369 971 4423 quae
1018 4352 1264 4406 infantes
1316 4368 1445 4405 suos
1489 4367 1597 4421 pro
1643 4351 1884 4405 sanitate

255 4443 321 4496 in
351 4442 639 4495 fornacem
673 4447 771 4494 aut
797 4456 971 4509 supra
1004 4444 1215 4493 tectum
1245 4444 1490 4510 ponunt.

184 4535 271 4585 15.
310 4529 470 4593 Quod
504 4545 618 4583 non
646 4530 814 4582 liceat
856 4527 1085 4599 iniquas
1121 4527 1538 4581 observationes
1577 4527 1880 4581 Kalendar.

254 4633 450 4687 agere.

175 4712 269 4762 16.
313 4706 390 4758 De
422 4706 531 4758 illis
572 4704 671 4776 qui
704 4704 986 4760 Kalendas
1033 4703 1332 4758 Ianuarias
1371 4703 1487 4758 ritu
1522 4719 1885 4775 paganorum

257 4794 452 4848 colere
480 4798 840 4864 praesumunt

185 4888 278 4939 17.
330 4884 405 4936 De
435 4883 629 4935 eadem
665 4898 743 4936 re.

184 4976 274 5027 18.
320 4972 393 5023 De
443 4970 703 5024 bubulcis
736 4971 821 5023 vel
873 4970 1257 5037 venatoribus,
1305 4970 1405 5043 qui
1453 4985 1580 5024 suas
1626 4969 1883 5024 incanta-

256 5059 444 5113 tiones
476 5060 846 5113 exercuerint.

184 5153 273 5205 19.
312 5146 469 5211 Quod
513 5163 633 5201 non
688 5148 855 5201 liceat
886 5147 1251 5202 mulierculas
1282 5147 1629 5203 Christianas
1660 5148 1882 5201 vanita-

260 5242 349 5290 tes
380 5236 438 5290 in
474 5235 590 5289 suis
624 5236 881 5290 laniﬁciis
912 5236 1237 5291 observare.

178 5328 278 5381 20.
319 5323 477 5388 Quod
508 5341 621 5378 non
665 5324 828 5379 liceat
857 5342 988 5380 cum
1039 5325 1525 5379 incantationibus
1578 5324 1882 5380 herbarum

259 5412 659 5467 collectionem
693 5412 836 5467 tieri.

175 5506 277 5558 21.
314 5502 390 5554 De
421 5501 532 5554 illis
563 5502 662 5572 qui
694 5502 763 5556 ad
788 5501 1044 5572 arbores,
1069 5502 1151 5557 vel
1193 5502 1264 5557 ad
1317 5502 1500 5556 fontes
1544 5501 1758 5571 jaculas
1803 5502 1887 5556 in-

259 5587 581 5641 cenderint.

1994 3118 2081 3168 23.
2119 3116 2197 3167 De
2230 3116 2344 3169 illis
2376 3119 2473 3188 qui
2504 3120 2868 3189 phylacteriis
2901 3125 3160 3175 utuntur.

1993 3204 2078 3257 2’2.
2117 3203 2261 3257 Item
2295 3206 2365 3259 de
2402 3208 2755 3261 mulierculis
2786 3209 3279 3266 incantatricibus.

1994 3295 2081 3345 25.
2118 3293 2196 3345 De
2227 3294 2340 3347 illis
2370 3296 2466 3365 qui
2510 3298 2873 3365 manducent,
2926 3305 3023 3351 aut
3072 3300 3298 3367 bibunt,
3342 3305 3440 3355 aut
3468 3305 3700 3371 portant

2065 3397 2238 3451 super
2271 3399 2329 3435 se.
2372 3385 2587 3456 aliquid
2629 3386 2699 3439 ad
2747 3387 2844 3439 Dei
2896 3387 3180 3456 judicium
3224 3390 3692 3445 subvertendum.

1996 3471 2082 3522 26.
2134 3469 2211 3522 De
2259 3470 2373 3525 illis
2410 3474 2509 3542 qui
2557 3474 2615 3527 in
2653 3474 2881 3541 tabulis,
2933 3482 3033 3530 aut
3081 3478 3143 3530 in
3190 3479 3480 3533 codicibus
3507 3481 3699 3535 futura

2066 3558 2386 3627 requirunt.

1996 3648 2087 3699 27.
2126 3647 2203 3699 De
2229 3647 2342 3700 illis
2383 3649 2481 3719 qui
2510 3656 2690 3703 sortes
2722 3656 3053 3705 sanctorum
3089 3653 3408 3724 requirunt.

1993 3736 2081 3788 28.
2126 3734 2201 3787 De
2254 3737 2368 3789 illis
2417 3739 2712 3800 maleﬁcis,
2764 3739 2864 3809 qui
2914 3748 3148 3811 sperant
3183 3760 3241 3795 sc
3268 3752 3488 3797 mentes
3511 3744 3696 3798 homi-

2066 3838 2205 3876 num
2242 3832 2562 3893 pervertere
2589 3844 2775 3897 posse.

1994 3912 2081 3963 29.
2130 3913 2205 3965 De
2235 3914 2435 3968 eadem
2461 3931 2541 3969 re.

1996 4003 2083 4055 30.
2120 4001 2195 4053 De
2221 4001 2332 4055 illis
2362 4003 2460 4073 qui
2493 4004 2563 4057 ad
2594 4020 2725 4056 suas
2756 4004 3035 4060 vanitates
3065 4006 3442 4076 perliciendas
3480 4008 3694 4063 daemo-

2068 4105 2170 4142 nes
2198 4089 2481 4145 invocant.

1998 4181 2083 4233 3|.
2124 4179 2198 4231 De
2231 4179 2343 4232 illis
2382 4180 2482 4250 qui
2531 4185 2814 4235 nocturna
2858 4181 3134 4237 sacrificia
3175 4182 3505 4238 daemonum
3548 4186 3693 4239 cele-

2068 4266 2375 4321 braver-int.

1997 4356 2083 4409 32.
2124 4356 2200 4409 De
2232 4356 2344 4409 illis
2375 4356 2473 4428 qui
2498 4357 2566 4411 ad
2597 4357 2831 4412 arbores
2860 4360 2946 4414 vel
2998 4360 3069 4415 ad
3112 4360 3296 4414 fontes
3337 4360 3529 4433 aliqua
3568 4366 3695 4416 vota

2072 4451 2369 4499 voverunt.

1997 4534 2082 4587 33.
2121 4534 2198 4586 De
2228 4534 2356 4601 illis,
2395 4534 2515 4605 qui,
2550 4535 2782 4605 quando
2823 4537 2959 4591 luna
3012 4538 3371 4605 obscuratur,
3417 4539 3696 4595 clamores

2067 4639 2199 4675 suos
2229 4630 2286 4677 et
2315 4624 2592 4678 maleﬁcia
2623 4642 2721 4677 sua
2755 4627 3133 4681 exercuerint.

1996 4712 2083 4767 34.
2133 4713 2209 4766 De
2242 4712 2351 4766 illis
2383 4712 2481 4783 qui
2539 4712 2816 4767 vanitates
2848 4731 2981 4768 suas
3028 4715 3088 4768 in
3142 4715 3395 4769 excubiis
3426 4732 3691 4771 exercue-

2066 4801 2202 4855 rint.

1998 4892 2083 4943 35.
2125 4889 2202 4943 De
2233 4890 2428 4944 eadem
2463 4906 2543 4943 re.

1996 4980 2085 5032 36.
2120 4978 2195 5031 De
2229 4977 2499 5030 conviviis
2530 4994 2657 5047 quae
2687 4978 2835 5033 liunt
2864 4980 2975 5033 ritu
3005 4994 3379 5050 paganorum.

1997 5069 2083 5120 37.
2114 5067 2189 5119 De
2230 5067 2425 5119 eadem
2460 5082 2540 5118 re.

1997 5156 2084 5207 38.
2115 5153 2192 5206 Ne
2222 5153 2417 5206 fideles
2458 5152 2514 5205 in
2546 5154 2884 5208 cmmeteriis
2907 5153 3184 5224 prandere
3210 5157 3580 5223 praesumant.

1997 5243 2082 5295 39.
2122 5242 2198 5294 De
2232 5239 2343 5294 illis
2374 5240 2472 5310 qui
2504 5241 2819 5295 balatioues
2849 5242 3109 5308 fecerint,
3155 5246 3212 5293 et
3259 5256 3316 5293 se
3366 5240 3425 5293 in
3474 5241 3692 5295 alienas

2069 5329 2279 5382 formas
2309 5332 2835 5384 transmutaverint.

1995 5417 2083 5469 40.
2126 5415 2287 5479 Quod
2326 5415 2741 5469 incantationes
2786 5421 2842 5470 et
2886 5415 3128 5486 magicae
3167 5419 3316 5469 artes
3348 5415 3539 5486 laquei
3572 5416 3690 5470 dia-

2068 5504 2179 5558 boli
2204 5503 2334 5557 sint.
