3972 6192
391 304 486 357 831
1467 301 1873 357 BURCHARDI
1915 298 2446 357 WORMACIENSIS
2485 299 2820 357 EPlSCOPl.
3749 310 3830 360 832

391 425 480 480 41.
513 426 591 479 De
621 423 735 479 illis
765 423 866 496 qui
905 425 1146 479 salutem
1189 440 1306 478 non
1328 442 1356 479 ο
1388 423 1700 487 Salvatore,
1733 424 1830 479 sed
1869 424 1941 479 ab
1968 425 2090 495 ejus
2118 426 2164 476 Α
2204 428 2287 479 55.
2324 425 2403 478 De
2436 423 2829 479 contentiosis.

462 517 725 568 creatura
754 513 1076 584 requirunt.

399 603 486 655 42.
528 603 604 655 De
635 602 835 655 eadem
859 617 938 655 re.

397 693 484 744 43.
517 691 594 744 De
624 690 822 743 eadem
847 706 927 743 re.

393 780 478 834 44.
515 781 595 833 De
627 778 1071 833 exsecrabilibus
1099 779 1386 847 remediis,
1419 795 1564 851 quas
1611 780 1819 835 medici
1868 779 1988 835 suis
2029 779 2090 834 in

464 867 1010 938 praecantationibns
1036 867 1272 922 faciunt.

395 959 484 1012 45.
513 958 590 1011 De
624 960 828 1009 natura
848 956 1195 1009 daemonum.

393 1047 480 1100 46.
514 1046 590 1098 De
623 1044 972 1098 divinatione
1005 1045 1358 1099 daemonum.

399 1135 486 1187 47.
533 1134 609 1186 De
639 1133 832 1186 eadem
865 1149 945 1186 re.

395 1224 483 1276 48.
521 1222 598 1274 De
627 1221 1020 1274 sacerdotibus
1061 1226 1118 1274 et
1162 1221 1398 1292 reliquis
1431 1221 1826 1276 ecclesiasticis
1873 1221 2089 1276 ordini-

465 1309 570 1363 bus
600 1309 698 1380 qui
743 1326 956 1380 magos,
1012 1311 1284 1377 hariolos,
1333 1316 1429 1364 aut
1487 1311 1713 1365 divinos
1760 1311 2085 1365 consulunt.

395 1400 482 1452 49.
520 1400 596 1452 De
626 1398 739 1452 illis
786 1399 886 1468 qui
916 1399 986 1452 ad
1029 1399 1312 1454 fascinum
1354 1400 1776 1454 incantationes
1828 1399 2086 1454 fecerint.

396 1489 480 1542 50.
519 1487 681 1551 Quod
716 1488 1133 1541 daemoniacum
1158 1493 1365 1559 petras,
1399 1489 1489 1543 vel
1520 1488 1725 1543 herbas
1747 1489 1866 1544 sine
1897 1489 2091 1543 incan-

463 1575 676 1629 tatione
707 1576 873 1629 liceat
901 1582 1152 1646 portare.

2204 518 2288 567 56.
2326 515 2400 568 De
2431 513 2544 567 illis
2573 515 2674 585 qui
2703 513 2763 566 in
2793 513 2989 583 lingua
3019 512 3212 566 lascivi
3243 512 3471 567 fuerint.

2203 607 2288 656 57.
2319 605 2396 656 De
2424 603 2539 656 illis
2561 603 2660 674 qui
2690 619 2793 672 per
2815 603 3011 656 odium
3043 601 3385 656 dissidentes
3413 602 3730 657 exstiterint.

2204 695 2289 746 58.
2325 694 2401 746 De
2431 692 2530 746 illo
2561 691 2662 763 qui
2691 691 2822 747 odio
2849 692 3025 746 habet
3053 691 3324 762 aliquem,
3357 695 3411 745 et
3439 691 3503 744 ad
3535 707 3713 762 pacem
3761 711 3827 748 re.

2274 779 2416 834 verti
2440 780 2708 834 noluerit.

2207 872 2293 924 59.
2329 870 2408 923 De
2435 869 2635 923 eadem
2665 883 2747 923 re.

2205 960 2292 1012 60.
2329 959 2404 1012 De
2439 957 2641 1012 eadem
2670 972 2752 1012 re.

2205 1049 2292 1100 61.
2327 1047 2406 1102 De
2436 1045 2638 1100 eadem
2676 1061 2756 1099 re.

2201 1138 2286 1188 62.
2318 1135 2396 1188 De
2425 1133 2540 1188 illis
2571 1133 2670 1205 qui
2701 1133 3098 1187 contentiones
3124 1137 3181 1185 et
3210 1131 3362 1185 rixas
3391 1131 3702 1186 amaverint.

2200 1227 2288 1278 63.
2325 1224 2402 1276 De
2431 1222 2545 1276 illis
2599 1221 2698 1293 qui
2728 1221 2920 1276 faciles
2949 1225 3084 1274 sunt
3109 1220 3174 1275 ad
3207 1220 3632 1274 detrahendum.

2201 1313 2291 1368 64.
2326 1313 2401 1366 De
2433 1311 2545 1366 illis
2603 1312 2703 1382 qui
2750 1316 2946 1365 contra
2993 1309 3296 1381 episcopos
3347 1325 3477 1363 suos
3529 1309 3832 1380 conspirave~

2273 1401 2408 1455 rint.

2201 1494 2287 1545 65.
2322 1491 2398 1544 De
2428 1489 2629 1543 eadem
2659 1504 2739 1543 re.

2201 1581 2287 1632 66.
2316 1579 2391 1631 De
2421 1577 2638 1631 clericis
2670 1574 2982 1630 maledicis.

395 1668 482 1718 51.
533 1665 600 1719 Ut
625 1664 891 1733 maleﬁci,
945 1665 1052 1719 nisi
1095 1681 1153 1719 se
1180 1665 1491 1736 corrigant,
1535 1681 1785 1737 regnum
1831 1665 1930 1720 Dei
1970 1682 2086 1720 non
2122 1703 2162 1757 Β
2201 1669 2288 1721 6‘7.
2325 1667 2400 1720 De
2432 1665 2543 1719 illis
2571 1665 2672 1736 qui
2701 1664 3008 1718 detrahunt
3034 1662 3151 1716 suis
3179 1661 3489 1732 prioribus.

467 1753 813 1824 possideant.

396 1844 481 1896 5".
518 1843 594 1896 De
621 1842 734 1896 illis
764 1841 864 1912 qui
895 1847 1278 1897 murmurant.

395 1934 480 1984 5:3.
515 1933 591 1984 De
623 1933 825 1984 eadem
858 1947 938 1984 re.

398 2021 482 2074 54.
519 2021 596 2074 De
628 2019 825 2073 eadem
856 2036 938 2073 re.

2135 2199 2340 2206 _..._.._——
2375 2197 2592 2204 —--—.—.‘.
2611 2198 2628 2202 ο
2643 2198 2720 2202 γ.--.
2745 2195 2864 2203 ...⁸--
2881 2196 2938 2202 .-μ
2949 2196 2988 2202 -ο
3007 2194 3336 2201 -.——~_—_.__—_..-

2202 1757 2289 1809 68.
2324 1754 2403 1808 De
2432 1752 2649 1806 clericis
2682 1753 2766 1806 vel
2799 1751 3092 1806 monachis
3135 1749 3585 1819 conjurantibus,
3615 1749 3690 1802 vel
3725 1764 3829 1802 con-

2270 1841 2618 1912 spirantibus
2647 1845 2844 1894 contra
2875 1839 3208 1910 episcopum
3240 1853 3432 1892 suum.

2203 1934 2291 1986 69.
2329 1931 2406 1984 De
2441 1930 2640 1985 eadem
2673 1945 2757 1983 re.

2653 2018 2857 2074 Indicis
2885 2017 3248 2086 capitulorum
3272 2013 3431 2085 ﬁnis.

3383 2191 3736 2199 ψ.

1697 2323 2608 2473 BURCHARDI

1498 2509 2036 2566 WORMACIENSIS
2073 2509 2417 2564 ECCLESUE
2457 2507 2788 2563 EPISCOPI.

606 2655 1961 2843 DECRETORUM
2070 2693 2660 2840 LIBER
2761 2689 3667 2836 DECIMUS.

1375 2959 1476 3024 DE
1525 2956 2228 3025 INCANTATORIBUS
2276 2956 2380 3020 ET
2427 2955 2912 3022 AUGURIBUS.

883 3249 1365 3304 ARGUMENTUM
1407 3248 1612 3303 LIBRI.

477 3338 644 3394 Libro
698 3338 806 3392 hoc
852 3338 922 3393 de
968 3336 1438 3401 incantatoribus,
1493 3337 1564 3390 de
1615 3336 1956 3408 auguribus,
2005 3337 2094 3392 di-

407 3427 572 3493 vinis,
628 3427 916 3497 sortilegis
989 3430 1045 3480 et
1097 3425 1267 3478 variis
1323 3424 1686 3479 illusiouibus
1736 3425 1970 3490 diaboli,
2029 3425 2097 3480 de

407 3516 720 3584 maledicis,
831 3513 1226 3580 contentiosis,
1311 3513 1822 3585 conspiratoribus,
1910 3515 2097 3587 deque

407 3605 760 3675 singulorum
793 3602 1132 3674 poenitentia
1154 3606 1447 3657 tractetur.

407 3713 534 3769 CAP.
576 3713 619 3766 Ι.
678 3741 746 3752 —-
789 3713 854 3766 Ut
918 3712 1156 3780 episcopi
1204 3709 1270 3764 de
1323 3711 1603 3780 parochiis
1666 3714 1782 3767 suis
1822 3713 2100 3780 sortilegos

921 3787 973 3836 et
999 3781 1267 3846 maleﬁcos
1297 3784 1592 3852 expellant.

481 3875 593 3942 (Ea:
620 3871 843 3926 concilio
878 3873 1211 3939 Anquiren.,
1254 3874 1432 3940 capite
1475 3870 1547 3940 l.)
1596 3871 1665 3924 Ut
1712 3869 1964 3942 episcopi
2005 3889 2100 3926 eo-

411 3975 657 4031 rumque
689 3959 936 4013 ministri
958 3959 1226 4013 omnibus
1247 3959 1465 4013 viribus
1496 3958 1792 4013 elaborare
1813 3961 2101 4028 studeant,

409 4055 473 4104 ut
520 4048 904 4119 perniciosam
952 4053 1008 4102 et
1067 4066 1100 4102 a
1153 4048 1380 4102 diabolo
1425 4047 1713 4102 inventam
1773 4049 2103 4120 sortilegam

410 4140 466 4189 et
497 4134 812 4189 maleﬁcam
861 4139 1042 4188 artem
1090 4135 1318 4204 penitus
1369 4149 1436 4187 ex
1481 4133 1762 4203 parochiis
1815 4135 1931 4188 suis
1979 4151 2102 4188 era-

410 4221 602 4275 dicent
633 4237 647 4274 :
681 4220 796 4275 etsi
819 4220 1066 4290 aliquem
1090 4220 1271 4272 virum
1294 4223 1391 4272 aut
1409 4217 1683 4272 feminam
1707 4218 2104 4289 hujuscemodi

411 4309 641 4363 sceleris
709 4313 1046 4362 sectatorem
1121 4307 1468 4374 invenerint,
1533 4305 1781 4378 turpiter
1847 4309 2102 4363 dehone-

413 4402 625 4450 statum
683 4397 753 4450 de
804 4395 1086 4466 parochiis
1131 4395 1250 4448 suis
1299 4395 1549 4465 ejiciant.
1607 4395 1702 4450 Ait
1747 4396 1901 4449 enim
1952 4400 2103 4466 Apo-

2125 3248 2166 3303 C
2203 3248 2461 3304 sionibus
2487 3249 2639 3304 velut
2667 3248 2916 3304 dominas
2947 3247 3181 3303 obedire
3212 3251 3270 3301 et
3298 3248 3468 3326 certis
3515 3245 3756 3302 noctibus
3793 3239 3846 3293 ad

2205 3338 2329 3408 ejus
2365 3338 2659 3392 servitium
2703 3338 2945 3392 evocari.
3006 3337 3116 3392 Sed
3176 3336 3400 3390 utinam
3493 3335 3580 3388 has
3630 3333 3749 3386 sola:
3803 3329 3846 3382 in

2205 3426 2446 3497 perﬁdia
2479 3443 2579 3480 sua
2609 3427 2930 3497 periissent,
2972 3431 3029 3480 et
3084 3441 3202 3479 non
3249 3425 3464 3480 multos
3495 3438 3675 3478 secum
3707 3420 3755 3473 in
3783 3419 3846 3471 in-

2206 3514 2497 3570 ﬁdelitatis
2554 3514 2852 3568 interitum
2904 3514 3332 3584 pertraxissent.
3396 3513 3536 3567 Nam
3592 3511 3848 3564 innumera

2207 3603 2516 3657 multitudo
2539 3603 2643 3656 bac
2672 3603 2810 3656 falsa
2839 3602 3108 3673 opinione
3163 3602 3402 3673 decepta
3431 3602 3552 3656 hanc
3598 3615 3720 3652 vera
3754 3611 3849 3649 esse

2208 3692 2407 3756 credit,
2433 3695 2486 3744 et
2515 3691 2798 3745 credendo
2831 3708 2860 3744 a
2892 3695 3044 3744 recta
3099 3691 3210 3744 ﬁde
3258 3690 3470 3754 deviat,
3522 3695 3575 3742 et
3611 3688 3666 3740 in
3695 3699 3849 3738 errore

2209 3796 2563 3852 paganorum
2596 3779 2925 3845 revolvitur,
2958 3778 3088 3832 cum
3143 3778 3363 3850 aliquid
3406 3775 3726 3837 divinitatis,
3777 3776 3848 3823 aut

2212 3868 2463 3923 numinis
2511 3873 2669 3922 extra
2720 3884 2900 3921 unum
2959 3869 3137 3922 Deum
3180 3884 3302 3921 esse
3360 3868 3682 3922 arbritatur.
3729 3862 3846 3925 Qua-

2210 3964 2443 4029 propter
2507 3957 2830 4011 sacerdotes
2894 3973 2998 4028 per
3063 3957 3336 4010 Ecclesias
3399 3957 3510 4013 sibi
3569 3952 3852 4008 commissas

2209 4048 2424 4117 populo
2465 4045 2623 4099 omni
2673 4045 2944 4099 instantia
2986 4045 3297 4116 praedicare
3347 4045 3577 4107 debent,
3626 4049 3683 4095 ut
3711 4053 3850 4093 nove-

2213 4134 2330 4188 rint
2356 4133 2478 4187 hazc
2508 4133 2858 4187 omnimodis
2885 4133 3024 4186 falsa
3065 4147 3206 4200 esse,
3240 4137 3296 4185 et
3326 4148 3442 4186 non
3467 4147 3500 4185 a
3555 4129 3753 4194 divino,
3782 4122 3852 4177 sed

2212 4240 2246 4277 a
2277 4223 2525 4292 maligno
2550 4222 2756 4292 spiritu
2794 4221 2931 4276 talia
2982 4222 3382 4292 phantasmata
3438 4217 3712 4272 mentibus
3758 4209 3853 4265 iuti-

2211 4311 2426 4366 delium
2457 4311 2721 4378 irrogari.
2753 4310 3044 4380 Siquidem
3096 4309 3220 4380 ipse
3273 4309 3532 4373 Satanas,
3570 4304 3665 4376 qui
3706 4309 3851 4356 trans~

2211 4399 2422 4469 ﬁgurat
2463 4416 2522 4454 se
2574 4400 2633 4453 in
2679 4401 2949 4470 angelum
2999 4399 3155 4460 lucis.
3215 4413 3346 4452 cum
3405 4400 3653 4450 mentem
3695 4391 3851 4459 cujus-

413 4487 595 4539 stolus
625 4501 639 4539 :
676 4484 1016 4539 Haereticum
1058 4487 1188 4552 post
1231 4499 1407 4537 unam
1446 4489 1504 4537 et
1540 4483 1849 4538 secundam
1911 4485 2102 4539 admo-
2136 4527 2178 4580 Β
2218 4504 2444 4558 cunque
2475 4488 2827 4542 mulierculas
2858 4488 3090 4558 ceperit,
3125 4491 3183 4540 et
3219 4487 3366 4540 hanc
3411 4484 3522 4539 sibi
3572 4498 3667 4553 per
3694 4475 3853 4534 intide-

412 4574 698 4628 nitionem
759 4572 966 4639 devita,
1026 4571 1208 4625 sciens
1255 4572 1390 4642 quia
1464 4572 1769 4627 subversas
1842 4578 1946 4638 est,
2007 4574 2106 4643 qui

415 4659 699 4732 ejusmodi
764 4651 865 4714 est.
927 4659 1193 4714 Subversi
1260 4664 1410 4728 sunt,
1479 4667 1533 4714 et
1589 4675 1622 4712 a
1669 4659 1894 4714 diabolo
1955 4661 2104 4732 capti

413 4752 702 4817 tenentur,
770 4746 889 4819 qui,
968 4748 1233 4802 derelicto
1289 4754 1545 4802 creatore
1610 4765 1734 4814 suo,
1803 4766 1834 4802 a
1881 4747 2107 4803 diabolo

417 4838 689 4908 suffragia
715 4841 1000 4908 quierunt,
1031 4843 1086 4890 et
1114 4838 1244 4891 ideo
1297 4854 1326 4890 a
1353 4838 1453 4892 tali
1513 4843 1672 4908 peste
1725 4837 1994 4890 mundari
2021 4838 2111 4892 de.

414 4927 509 4982 bet
541 4932 739 4982 sancta
807 4926 1068 4980 Ecclesia.
1129 4927 1273 4980 Illud
1325 4925 1496 4979 etiam
1564 4941 1680 4980 non
1724 4925 2108 4981 omittendum

417 5016 568 5089 quod
599 5015 862 5086 quasdam
887 5015 1176 5068 sceleratae
1203 5015 1471 5068 mulieres
1501 5019 1656 5068 retro
1686 5019 1812 5085 post
1842 5015 2109 5070 Satanam

417 5121 724 5172 conversae,
775 5105 1104 5159 daemonum
1152 5103 1538 5167 illusiouibus,
1584 5109 1642 5157 et
1692 5104 2107 5174 phantasmati-

417 5195 524 5248 bus
563 5195 833 5260 seductas,
892 5194 1135 5247 credunt
1189 5208 1249 5246 se
1307 5195 1362 5246 et
1409 5192 1748 5263 proﬁtentur
1812 5194 2110 5248 nocturnis

418 5283 594 5348 horis,
637 5299 766 5336 cum
819 5283 994 5336 Diana
1044 5297 1398 5353 paganorum
1447 5282 1572 5346 dea,
1622 5282 1709 5335 vel
1747 5298 1878 5336 cum
1932 5285 2108 5337 Hero-

419 5371 588 5425 diade
615 5375 673 5425 et
717 5371 1022 5425 innumera
1069 5370 1437 5425 multitudine
1485 5370 1791 5424 mulierum
1851 5371 2109 5442 equitare

419 5475 592 5529 super
627 5459 904 5529 quasdam
960 5461 1187 5526 bestias,
1235 5465 1291 5513 et
1351 5460 1531 5513 multa
1585 5465 1870 5515 terrarum
1926 5459 2112 5531 spatia

423 5548 782 5612 intempestae
813 5549 995 5602 noctis
1025 5548 1252 5602 silentio
1298 5548 1642 5620 pertransire
1691 5552 1928 5620 ejusque
1983 5549 2112 5621 jus-

2218 4575 2432 4628 litatem
2463 4579 2518 4627 et
2547 4573 3003 4628 incredulitatem
3045 4572 3459 4644 subjugaverit.
3509 4570 3653 4623 illico
3704 4571 3851 4620 trans-

2215 4663 2424 4717 format
2453 4678 2511 4716 se
2543 4662 2603 4716 in
2658 4662 3007 4716 diversarum
3053 4675 3424 4730 personarum
3469 4657 3674 4728 species
3715 4658 3852 4721 atque

2219 4752 2643 4816 similitudines,
2697 4757 2755 4804 et
2791 4756 3043 4804 mentem
3091 4766 3263 4821 quam
3323 4748 3605 4818 captivam
3652 4747 3787 4797 tenet
3819 4737 3863 4788 in

2221 4839 2435 4893 somnis
2493 4839 2790 4904 deludens,
2846 4838 3020 4894 modo
3063 4839 3214 4903 laeta,
3260 4838 3430 4891 modo
3478 4834 3674 4898 tristia,
3730 4825 3863 4883 modo

2222 4928 2497 4998 cognitas,
2533 4927 2702 4982 modo
2738 4927 3059 4998 incognitas
3096 4942 3388 4997 personas,
3437 4922 3746 4985 ostendens,
3786 4927 3866 4985 per

2224 5017 2386 5071 devia
2428 5032 2673 5087 quicque
2735 5016 2978 5070 deducit.
3032 5016 3098 5069 Et
3149 5031 3279 5069 cum
3325 5015 3480 5068 solus
3529 5010 3744 5082 spiritus
3782 5004 3864 5056 hoc

2223 5105 2458 5176 patitur,
2502 5103 2753 5158 inlidelis
2789 5119 2952 5158 mens
2999 5103 3121 5157 hac
3169 5119 3285 5156 non
3335 5102 3392 5156 in
3441 5100 3648 5158 animo,
3686 5093 3770 5148 sed
3820 5089 3864 5141 in

2221 5209 2458 5264 corpore
2488 5193 2716 5247 evenire
2747 5193 3037 5262 opinatur.
3068 5191 3205 5256 Quis
3253 5191 3408 5245 enim
3453 5204 3567 5242 non
3598 5186 3653 5239 in
3678 5176 3860 5236 somnis

2223 5288 2280 5337 et
2326 5282 2618 5336 nocturnis
2667 5281 2980 5335 visionibus
3047 5286 3206 5334 extra
3252 5279 3501 5350 seipsum
3529 5273 3789 5330 educitur.
3826 5269 3867 5316 el

2225 5371 2406 5424 multa
2469 5370 2624 5424 videt
2704 5369 3062 5434 dormiendo,
3138 5385 3268 5439 qua:
3329 5379 3618 5436 nunquam
3681 5356 3866 5447 viderat

2222 5458 2550 5530 vigilando?
2577 5459 2712 5524 Quis
2743 5475 2879 5513 vero
2928 5462 3046 5512 tam
3088 5458 3294 5512 stultus
3346 5462 3400 5511 et
3449 5455 3618 5509 hebes
3656 5449 3740 5512 sit,
3785 5457 3867 5513 qm

2223 5549 2346 5606 ὶιωο
2375 5547 2570 5603 omnia
2604 5564 2734 5618 qua:
2771 5547 2829 5602 in
2863 5547 2982 5601 solo
3027 5545 3230 5617 spiritu
3281 5545 3446 5612 ﬁunt,
3477 5543 3643 5596 etiam
3683 5537 3735 5590 in
3761 5546 3863 5585 cor—
