3972 6192
153 244 271 297 833

152 379 308 433 pore
355 364 611 418 accidere
673 362 1025 419 arbitretur?
1076 366 1216 420 Cum
1277 367 1528 421 Ezechiel
1583 368 1867 438 propheta
1898 371 1945 422 Λ

156 454 415 507 visiones
468 453 692 507 Domini
724 454 782 507 in
829 454 1034 524 spiritu
1081 456 1286 508 nonin
1320 472 1556 526 corpore
1606 456 1761 509 vidit.
1806 456 1873 509 Et

158 542 417 595 Joannes
462 543 754 612 apostolus
793 544 1163 613 Apocalypsis
1194 550 1545 598 sacramenta
1577 546 1635 597 in
1665 543 1871 614 spiritu

161 646 291 683 non
338 632 399 684 in
457 647 696 700 corpore
746 631 907 695 vidit,
962 637 1017 684 et
1067 633 1282 686 audivit
1325 634 1467 687 sicut
1512 634 1635 703 ipse
1690 632 1865 687 dicit:

162 719 395 787 Statim,
448 719 657 789 inquit,
693 719 775 772 fui
818 719 877 773 in
910 720 1134 790 spiritu.
1172 722 1235 774 Et
1282 722 1491 775 Paulus
1541 738 1656 774 non
1700 722 1873 774 audet

163 823 229 860 se
261 808 448 861 dicere
484 814 711 878 raptum
743 808 800 861 in
824 824 1083 879 corpore.
1114 809 1391 864 Omnibus
1422 810 1614 880 itaque
1646 809 1871 879 publice

167 896 638 950 annuntiandum
698 901 802 962 est,
854 898 1010 967 quod
1064 898 1164 968 qui
1213 899 1350 951 talia
1406 904 1461 952 et
1519 898 1608 951 his
1660 898 1871 951 similia

166 986 374 1051 credit,
430 984 603 1039 ﬁdem
652 985 863 1055 perdit,
914 991 971 1039 et
1020 987 1121 1057 qui
1162 986 1333 1041 ﬁdem
1382 992 1591 1041 rectam
1645 987 1706 1040 in
1758 988 1869 1041 Deo

170 1088 293 1127 non
336 1074 530 1136 habet,
588 1074 682 1127 hic
733 1090 850 1127 non
907 1079 992 1128 est
1024 1077 1167 1145 ejus,
1220 1076 1318 1129 sed
1377 1076 1530 1129 illius
1584 1076 1645 1129 in
1694 1092 1868 1147 quem

166 1162 375 1230 credit,
411 1162 469 1216 id
517 1168 604 1216 est
632 1163 865 1217 diaboli.
917 1164 1056 1217 Nam
1110 1164 1180 1217 de
1215 1165 1457 1217 Domino
1490 1171 1687 1218 nostro
1733 1164 1868 1217 scri-

164 1256 335 1321 ptum
385 1255 469 1305 est
503 1267 516 1305 :
548 1251 753 1305 Omnia
804 1267 907 1321 per
958 1251 1144 1321 ipsum
1199 1252 1344 1305 facta
1401 1258 1551 1306 sunt.
1600 1253 1869 1323 Quisquis

166 1356 308 1410 ergo
355 1339 576 1410 aliquid
609 1340 788 1394 credit
832 1356 998 1410 posse
1044 1340 1191 1406 ﬁeri,
1224 1347 1323 1393 aut
1352 1341 1606 1411 aliquam
1653 1346 1871 1395 creatu-

161 1444 288 1482 ram
318 1430 380 1481 in
432 1429 637 1481 melius
675 1433 773 1482 aut
816 1428 875 1481 in
908 1429 1157 1482 deterius
1188 1429 1501 1489 immutari,
1535 1436 1635 1482 aut
1681 1434 1865 1483 trans-

160 1517 405 1570 formari
455 1517 514 1570 in
572 1516 741 1570 aliam
778 1517 1049 1587 speciem,
1100 1519 1187 1571 vel
1242 1518 1705 1586 similitudinem,
1757 1519 1867 1572 nisi

164 1606 237 1659 ab
293 1606 418 1675 ipso
472 1606 734 1659 Creatore
810 1604 909 1675 qui
969 1606 1162 1659 omnia
1217 1606 1349 1659 fecit
1404 1612 1459 1660 et
1535 1622 1637 1677 per
1692 1623 1863 1676 quem
1899 1644 1938 1698 Β

168 1695 366 1746 omnia
397 1693 544 1747 facta
574 1699 727 1759 sunt,
750 1694 948 1764 procul
974 1693 1148 1747 dubio
1176 1694 1420 1748 inﬁdelis
1448 1700 1532 1749 est
1562 1700 1617 1750 et
1643 1712 1867 1766 pagano

173 1783 445 1837 deterior.

488 1873 614 1926 CAP.
651 1872 719 1925 ll.
751 1902 819 1910 —
850 1874 924 1926 De
951 1872 1245 1925 cultoribus
1276 1873 1551 1927 arborum.

242 1961 353 2029 (Ex
410 1977 520 2029 reg.
585 1962 874 2027 Gregorii.)
939 1962 1201 2015 Pervenit
1254 1961 1324 2015 ad
1387 1978 1488 2014 nos
1547 1960 1865 2032 quosdam,

171 2051 323 2119 quod
370 2050 479 2103 dici
538 2050 694 2102 nefas
741 2055 849 2116 est,
906 2050 1137 2103 arbores
1186 2051 1390 2115 colere,
1445 2054 1499 2103 et
1532 2052 1712 2105 multa
1756 2051 1867 2103 alia

170 2145 372 2191 contra
440 2138 817 2191 Christianam
884 2137 1055 2191 ﬁdem
1120 2138 1317 2190 illicita
1372 2144 1761 2209 perpetrare:
1811 2144 1867 2192 et

171 2228 455 2279 miramur
503 2241 603 2279 cur
650 2224 757 2278 hoc
801 2225 1125 2278 fraternitas
1158 2231 1343 2279 vestra
1390 2227 1645 2280 districta
1677 2243 1869 2280 emen-

168 2315 303 2367 dare
348 2314 566 2367 ultione
607 2313 909 2367 distulerit.
959 2315 1269 2384 Propterea
1302 2315 1525 2385 scriptis
1570 2316 1865 2386 praesenti-

167 2403 273 2456 bus
302 2403 680 2456 adhortamur
708 2402 811 2455 hoc
838 2401 1100 2472 diligenti
1128 2403 1561 2473 investigatione
1584 2405 1863 2474 perquiri,

167 2498 223 2545 et
269 2492 506 2545 veritate
568 2490 815 2561 cognita,
867 2492 1039 2545 talem
1090 2491 1150 2544 in
1204 2492 1285 2545 eis
1339 2492 1558 2546 faciatis
1607 2510 1865 2547 exercere

166 2580 496 2645 vindictam,
550 2586 831 2650 quatenus
871 2585 926 2633 et
974 2582 1117 2635 Deus
1162 2581 1372 2651 placari
1403 2582 1599 2653 possit,
1651 2588 1706 2636 et
1737 2582 1865 2636 aliis

167 2685 368 2723 eorum
403 2669 545 2722 ultio
573 2668 943 2722 correctionis
973 2670 1297 2739 exemplum
1328 2670 1416 2723 sit.

454 2758 579 2811 Car.
615 2757 707 2811 Ill.
748 2788 816 2795 —
854 2760 926 2811 De
956 2758 1256 2812 cultoribus
1288 2758 1576 2811 idolorum.

242 2847 347 2914 (Ex
396 2846 594 2909 eodem,
645 2848 823 2915 capite
871 2846 952 2914 5.)
1004 2847 1213 2900 Contra
1263 2846 1552 2898 idolorum
1616 2863 1863 2917 namque

168 2937 441 3003 cultores,
476 2936 559 2987 vel
608 2935 932 3004 aruspicum
968 2940 1139 3004 atque
1187 2934 1613 3005 sortilegorum,
1661 2934 1861 2989 frater-
1896 2932 1935 2986 C

174 3023 417 3076 nitatem
452 3028 607 3076 tuam
639 3022 1030 3076 vehementius
1074 3022 1347 3092 pastorali
1378 3024 1674 3076 hortamur
1720 3023 1863 3077 invi-

170 3112 355 3183 gilare
415 3111 691 3178 custodia,
748 3117 917 3181 atque
996 3111 1222 3181 publice
1271 3112 1329 3164 in
1388 3112 1604 3181 populo
1663 3118 1864 3167 contra

168 3201 347 3270 hujus
377 3199 459 3252 rei
503 3200 651 3253 viros
682 3216 1007 3253 sermonem
1052 3201 1252 3264 facere,
1289 3216 1500 3271 eosque
1531 3216 1563 3253 a
1589 3200 1689 3253 tali
1738 3202 1860 3255 labe

166 3287 471 3358 sacrilegii,
503 3293 559 3341 et
604 3288 777 3342 divini
828 3288 1145 3342 intentione
1188 3288 1410 3357 judicii,
1461 3294 1517 3341 et
1564 3291 1862 3359 praesentis

165 3378 296 3430 vita:
346 3376 603 3447 periculo
646 3377 1050 3430 adhortatione
1081 3377 1339 3430 suasoria
1387 3393 1672 3430 revocare.
1708 3378 1860 3441 Quos

164 3472 359 3518 tamen
391 3465 438 3518 si
468 3465 772 3519 emendare
804 3482 862 3519 se
894 3482 925 3518 a
952 3465 1161 3519 talibus
1190 3471 1358 3536 atque
1390 3467 1675 3535 corrigere
1706 3467 1859 3520 nolle

162 3553 470 3624 repereris,
501 3552 742 3607 ferventi
788 3554 1277 3624 comprehendere
1310 3554 1431 3606 zelo
1462 3560 1514 3605 te
1548 3554 1806 3607 volumus
1842 3571 1854 3608 :

162 3650 218 3695 et
248 3642 509 3712 quidem,
542 3641 589 3694 si
636 3643 781 3694 servi
813 3647 968 3709 sunt,
1014 3640 1366 3705 verberibus,
1400 3640 1857 3710 cruciatibusque

161 3730 373 3799 quibus
421 3730 490 3782 ad
541 3729 1004 3784 emendationem
1048 3729 1347 3799 pervenire
1397 3729 1642 3795 valeant,
1698 3730 1860 3805 casti-

162 3834 321 3887 gare.
353 3818 411 3872 Si
455 3834 587 3871 vero
621 3822 755 3871 sunt
784 3818 948 3872 liberi
980 3818 1297 3871 iuclusione
1347 3816 1528 3887 digni,
1568 3816 1855 3871 districta-

159 3923 271 3976 que
308 3911 444 3960 sunt
471 3906 532 3960 in
561 3906 897 3976 poenitentia
946 3905 1255 3975 dirigendi,
1290 3910 1351 3958 ut
1381 3905 1479 3975 qui
1519 3905 1767 3958 salubria
1801 3911 1855 3959 et

158 4012 189 4048 a
221 3995 427 4049 mortis
467 3995 721 4065 periculo
769 3995 1093 4049 revocantia
1131 3994 1330 4047 audire
1380 3994 1553 4047 verba
1600 4000 1852 4048 contem-

156 4091 327 4151 nunt,
371 4086 653 4137 cruciatus
704 4084 903 4137 saltem
934 4099 1031 4136 eos
1078 4082 1333 4152 corporis
1360 4082 1427 4136 ad
1472 4082 1853 4137 desideratam

156 4173 369 4227 mentis
404 4174 584 4225 valeat
610 4172 881 4226 reducere
914 4171 1240 4225 sanitatem.

621 4262 747 4315 CAP.
786 4262 871 4314 ιν.
903 4289 974 4301 -
1002 4263 1074 4314 De
1104 4260 1285 4313 eadem
1314 4276 1390 4313 re.

225 4352 348 4421 (Ea:
378 4351 580 4416 eodem,
618 4354 796 4420 capite
826 4353 934 4413 {8.)
967 4350 1230 4403 Pervenit
1261 4349 1328 4402 ad
1360 4365 1460 4400 nos
1493 4349 1645 4419 quod
1681 4365 1853 4418 quos-

152 4439 289 4492 dam
342 4440 726 4493 incantatores
758 4444 928 4509 atque
973 4438 1274 4506 sortilegos
1314 4436 1491 4489 fueris
1538 4437 1850 4501 insecutus,

150 4534 210 4581 et
271 4528 510 4581 omnino
565 4527 730 4581 nobis
781 4526 1249 4590 sollicitudinem,
1310 4526 1611 4595 zelumque
1688 4530 1851 4578 tuum

149 4622 383 4687 gratum
418 4617 592 4670 fuisse
642 4632 969 4686 cognoscas.
1006 4615 1111 4669 Sed
1156 4614 1395 4667 moleste
1434 4614 1671 4666 tulimus
1697 4612 1851 4683 quod

148 4712 206 4760 te
252 4706 545 4771 dubitare,
601 4722 668 4758 ne
722 4706 791 4758 ab
840 4704 923 4757 eis
965 4704 1132 4757 nobis
1187 4708 1383 4756 contra
1438 4701 1848 4771 experientiam

148 4800 315 4848 tuam
381 4793 592 4862 surripi
656 4792 951 4861 potuisset,
1018 4790 1345 4854 didicimus,
1417 4789 1552 4842 dum
1622 4790 1850 4859 quando

147 4888 339 4937 certus
386 4898 507 4935 esse
539 4898 602 4935 ac
651 4882 794 4935 scire
840 4880 1126 4945 debueris,
1161 4880 1269 4932 hoc
1301 4878 1404 4931 tibi
1450 4878 1601 4948 apud
1634 4894 1735 4931 nos
1777 4878 1848 4932 ad

147 4969 713 5023 commendationem
765 4968 946 5036 magis
996 4967 1291 5037 proﬁcere,
1341 4981 1456 5019 non
1503 4966 1571 5018 ad
1621 4968 1846 5035 culpam

145 5056 413 5111 adscribi.
463 5058 528 5110 Et
572 5056 700 5110 ideo
748 5055 921 5109 studii
952 5056 1038 5109 tui
1069 5055 1141 5107 sit
1177 5054 1413 5107 sollicite
1460 5070 1739 5124 quaerere,
1794 5060 1849 5107 et

144 5162 525 5218 quoscunque
575 5145 863 5199 inveneris
928 5143 1258 5214 hujusmodi
1316 5143 1525 5197 Christi
1584 5142 1847 5195 inimicos

143 5238 223 5290 ita
262 5237 519 5290 districta
553 5236 771 5288 ultione
801 5234 1046 5303 corrige,
1076 5238 1142 5286 ut
1179 5237 1234 5285 et
1264 5248 1367 5285 nos
1396 5233 1465 5286 de
1497 5231 1846 5301 experientia

140 5331 239 5379 tua
299 5324 506 5378 melius
558 5324 845 5395 possimus
904 5323 1116 5377 habere
1158 5321 1463 5392 judicium,
1515 5326 1572 5373 et
1628 5321 1740 5373 Deo
1788 5324 1843 5373 te

143 5420 361 5479 nostro,
416 5412 574 5484 quod
620 5412 869 5467 maxime
918 5410 1263 5465 studendum
1318 5414 1422 5475 est,
1455 5408 1643 5463 valeas
1683 5424 1842 5462 com-

146 5503 441 5555 mmidare.

1140 242 1613 300 DECRETORUM
1657 243 1840 300 LIBRI
1879 242 1983 299 XX.
2024 272 2094 285 --
2134 244 2345 300 LIBER
2386 244 2707 301 DECIMUS.

3568 256 3672 308 834

2124 368 2249 422 CAP.
2285 369 2347 420 V.
2373 396 2447 409 —
2474 371 2544 422 De
2574 370 2688 422 illis
2720 370 2817 436 qui
2839 370 3198 425 divinationes
3219 376 3523 441 requirunt.

2053 455 2171 526 (Ea:
2208 459 2429 511 concilio
2463 461 2745 512 Ancirano
2792 461 2968 527 capite
2997 460 3105 525 23.)
3138 460 3246 523 Qui
3289 462 3671 519 divinationes

1980 550 2275 613 expetunt,
2324 551 2381 598 et
2414 562 2570 599 more
2620 547 2922 615 gentilium
2970 548 3416 619 subsequuntur,
3468 558 3568 606 aut
3611 554 3671 607 in

1978 633 2179 686 domos
2206 651 2337 687 suas
2358 634 2755 703 hujuscemodi
2782 636 3042 690 homines
3070 638 3461 706 introducunt,
3480 643 3673 712 exqui-

1979 723 2143 775 rendi
2175 722 2410 793 aliquid,
2449 728 2571 776 arte
2602 724 2880 793 maleﬁca,
2909 731 3007 778 aut
3036 727 3306 795 expiandi
3343 745 3530 796 causa,
3566 731 3671 785 sub

1980 810 2181 880 regula
2208 810 2589 881 quinquennii
2615 811 2860 880 jaceant,
2896 814 3209 867 secundum
3241 816 3452 885 gradus
3485 819 3670 887 pumi-

1978 900 2173 953 tentiaa
2204 899 2491 954 deﬁnitos.

1978 1003 2108 1057 CAP.
2143 1004 2229 1059 Vl.
2267 1036 2336 1045 -—
2376 1008 2449 1059 De
2490 1008 2603 1060 illis
2634 1008 2731 1074 qui
2768 1009 2937 1061 ritum
2977 1024 3315 1077 paganorum
3363 1012 3668 1068 observant.

2048 1090 2167 1161 (Ea:
2196 1094 2416 1147 concilio
2446 1096 2734 1163 Braggar.,
2768 1098 2940 1164 capite
2965 1097 3041 1165 6.)
3068 1097 3125 1151 Si
3154 1097 3282 1168 quis
3312 1115 3667 1170 paganorum

1976 1182 2447 1235 consuetudinem
2513 1199 2777 1253 sequens,
2854 1185 3078 1239 divinos
3132 1192 3187 1240 et
3252 1189 3551 1258 sortilegos
3608 1190 3666 1242 in

1976 1268 2213 1323 domum
2265 1287 2425 1324 suam
2482 1272 2878 1337 introduxerit,
2928 1275 3091 1344 quasi
3138 1280 3201 1328 ut
3254 1277 3468 1330 malum
3520 1278 3668 1333 foras

1978 1357 2183 1425 mittat,
2218 1364 2317 1413 aut
2356 1359 2633 1414 maleﬁcia
2665 1361 2938 1430 inveniat,
2976 1364 3233 1435 quinque
3281 1383 3461 1421 annos
3491 1369 3674 1437 poeni-

1977 1450 2108 1499 teat.

1979 1550 2106 1604 CAP.
2144 1552 2258 1607 VII.
2314 1582 2370 1592 -
2430 1556 2507 1608 De
2546 1555 2655 1607 illis
2702 1557 2799 1624 qui
2836 1559 3085 1621 auguriis
3115 1562 3163 1611 et
3208 1560 3670 1617 incantationibus

2640 1629 3005 1680 subserviunt.

2052 1710 2159 1780 (Ea:
2188 1710 2409 1765 concilio
2457 1714 2750 1780 Carthag.,
2782 1717 2957 1783 capite
2987 1715 3100 1786 89.)
3146 1717 3415 1783 Auguriis
3464 1720 3550 1773 vel
3582 1720 3667 1774 in-

1978 1799 2396 1852 cantationibus
2428 1802 2792 1867 servientem,
2842 1819 2871 1854 a
2902 1809 3184 1857 conventu
3218 1806 3475 1860 Ecclesia:
3507 1824 3671 1878 sepa-

1978 1887 2239 1941 randum.
2293 1888 2568 1943 Similiter
2610 1896 2667 1943 et
2709 1890 2958 1944 Judaicis
3005 1894 3531 1963 superstitionibus,
3583 1898 3669 1951 vel

1976 1975 2133 2029 feriis
2157 1976 2562 2031 inhaerentem.

2410 2066 2536 2120 CAP.
2575 2066 2715 2120 Vlll.
2744 2097 2813 2105 ——
2842 2069 2918 2121 De
2945 2069 3127 2122 eadem
3154 2085 3229 2123 re.

2047 2154 2165 2218 (Em
2190 2155 2555 2222 paenitentiali
2586 2153 2867 2221 Romano.)
2900 2155 3005 2218 Qui
3041 2157 3298 2225 auguriis
3327 2160 3411 2212 vel
3447 2159 3669 2214 divina-

1976 2241 2226 2295 tionibus
2269 2243 2607 2307 inserviunt,
2640 2244 2727 2295 vel
2780 2244 2877 2312 qui
2931 2244 3105 2298 credit
3158 2252 3217 2297 ut
3272 2246 3446 2316 aliqui
3478 2250 3669 2302 homi-

1976 2346 2117 2384 num
2165 2331 2279 2384 sint
2308 2331 2656 2385 immissores
2704 2336 3107 2401 tempestatum
3142 2349 3155 2385 :
3188 2334 3272 2386 vel
3320 2334 3363 2387 si
3396 2351 3510 2405 qua
3541 2351 3668 2389 mu-

1976 2419 2082 2472 lier
2110 2419 2511 2486 divinationes,
2541 2421 2628 2474 vel
2674 2420 3089 2475 incantationes
3118 2421 3424 2477 diabolicas
3448 2424 3666 2493 fecerit,

1976 2523 2048 2559 vn
2080 2523 2260 2561 annos
2290 2508 2581 2578 paeniteat.

2189 2614 2316 2668 CAP.
2346 2614 2432 2667 IX.
2462 2645 2529 2652 —
2562 2614 2643 2668 De
2671 2614 2788 2668 illis
2822 2618 2919 2684 qui
2948 2622 3115 2671 sortes
3146 2617 3450 2672 observant.

2048 2722 2158 2789 (Ea:
2188 2720 2405 2787 eodem.)
2436 2721 2694 2791 Auguria
2725 2722 2811 2775 vel
2843 2723 3022 2776 sortes
3054 2740 3181 2794 quae
3208 2724 3481 2778 dicuntur
3510 2725 3665 2780 falsae

1975 2813 2323 2868 sanctorum,
2361 2810 2446 2862 vel
2496 2809 2892 2876 divinationes,
2937 2812 3035 2881 qui
3083 2829 3177 2865 eas
3220 2813 3664 2881 observaverint,

1973 2895 2062 2949 vel
2117 2913 2591 2967 quarumcunque
2639 2900 3074 2969 scripturarum,
3122 2901 3211 2953 vel
3256 2907 3449 2954 votum
3500 2918 3665 2955 vove-

1976 2984 2111 3049 rint,
2142 2986 2229 3038 vel
2279 2987 2657 3056 persolverint
2690 2987 2758 3041 ad
2804 2989 3092 3056 arborem,
3126 2989 3214 3042 vel
3264 2990 3332 3044 ad
3391 2990 3662 3059 lapidem,

1972 3074 2058 3126 vel
2090 3074 2161 3127 ad
2188 3075 2509 3144 quamlibet
2545 3091 2690 3141 rem,
2726 3082 2961 3145 excepto
2994 3077 3062 3130 ad
3110 3078 3437 3142 Ecclesiam,
3466 3095 3665 3133 omnes

1971 3163 2558 3217 excommunicentur.
2590 3163 2646 3217 Si
2680 3164 2747 3218 ad
2795 3164 3194 3234 paenitentiam
3224 3167 3504 3229 venerint,
3545 3168 3663 3221 cle-

1969 3251 2073 3303 rici
2102 3266 2283 3305 annos
2312 3256 2446 3320 tres,
2482 3251 2611 3305 laici
2642 3268 2859 3305 annum
2896 3269 3075 3307 unum
3102 3259 3157 3307 et
3185 3254 3511 3321 dimidium,
3544 3272 3663 3325 pce-

1969 3339 2208 3394 niteant.

2159 3446 2286 3499 CAP.
2318 3446 2377 3499 X.
2411 3475 2479 3486 —
2515 3446 2595 3498 De
2622 3445 2908 3500 arboribus
2937 3462 3074 3515 quas
3100 3448 3293 3514 vulgus
3323 3450 3467 3503 colit.

2041 3550 2155 3616 (Ex
2183 3552 2404 3604 concilio
2447 3552 2792 3617 Nannetensi,
2844 3554 3021 3621 capite
3065 3551 3141 3622 8.)
3185 3553 3421 3607 Summo
3471 3556 3662 3610 studio

1968 3639 2258 3692 decertare
2313 3638 2522 3692 debent
2579 3639 2854 3709 episcopi,
2912 3645 2968 3693 et
3017 3657 3215 3694 eorum
3271 3644 3540 3712 ministri,
3603 3652 3665 3699 ut

1967 3728 2200 3781 arbores
2246 3727 2607 3781 daznionihus
2659 3730 3001 3781 consecratae
3063 3745 3202 3799 quas
3253 3731 3456 3801 vulgus
3504 3735 3659 3799 colit,

1968 3825 2024 3871 et
2066 3816 2125 3870 in
2178 3820 2338 3869 tanta
2384 3816 2748 3869 veneratione
2804 3816 2997 3881 habet,
3031 3822 3095 3871 ut
3142 3834 3245 3870 nec
3292 3835 3516 3873 ramum
3574 3824 3662 3876 vel

1966 3905 2259 3959 surculum
2314 3904 2447 3958 inde
2495 3904 2702 3957 audeat
2733 3910 3053 3973 amputare,
3100 3905 3371 3960 radicitus
3403 3910 3663 3963 excidan-

1965 3999 2079 4061 tur,
2130 4000 2301 4064 atque
2360 3992 2790 4047 comburantur.
2841 3992 3081 4063 Lapides
3133 4010 3364 4066 quoque
3406 4012 3547 4065 quos
3600 3998 3657 4051 in

1964 4083 2214 4137 ruinosis
2265 4083 2405 4137 locis
2437 4087 2494 4136 et
2539 4082 2891 4135 silvestribus
2944 4083 3271 4136 daemonum
3321 4085 3659 4140 ludiﬁcatio-

1966 4172 2133 4225 nibus
2183 4171 2404 4240 decepti
2463 4175 2828 4234 venerantur,
2887 4170 2983 4223 ubi
3051 4176 3105 4225 et
3158 4178 3286 4225 vota
3342 4181 3546 4227 vovent
3603 4181 3661 4229 et

1965 4260 2249 4326 deferunt,
2308 4259 2564 4313 funditus
2617 4259 2984 4329 effodiantur,
3046 4265 3217 4331 atque
3270 4261 3330 4314 in
3385 4262 3484 4316 tali
3534 4263 3667 4317 loco‘

1963 4349 2361 4419 projiciantur,
2396 4348 2492 4402 ubi
2525 4364 2817 4419 nunquam
2851 4365 2881 4401 a
2911 4348 3223 4402 cultoribus
3253 4350 3367 4403 suis
3401 4354 3659 4406 venerari

1962 4437 2198 4507 possint.
2252 4438 2314 4490 Et
2344 4436 2610 4490 omnibus
2642 4437 3017 4491 annuntietur
3046 4444 3327 4509 quantum
3373 4442 3557 4493 scelus
3588 4442 3661 4494 sit

1961 4525 2305 4592 idololatria,
2366 4532 2423 4579 et
2476 4526 2575 4596 qui
2648 4526 2770 4580 haec
2822 4534 3129 4580 veneratur
3182 4534 3238 4581 et
3295 4530 3429 4582 colit
3494 4532 3657 4600 quasi

1963 4614 2142 4666 Deum
2174 4629 2341 4666 suum
2396 4618 2583 4682 negat,
2617 4619 2674 4666 et
2722 4613 3135 4668 Christianitati
3184 4616 3570 4682 abrenuntiat,
3604 4624 3659 4671 et

1960 4702 2131 4754 talem
2186 4702 2578 4771 paenitentiam
2632 4702 2764 4755 inde
2816 4703 3086 4771 suscipiat
3129 4705 3291 4773 quasi
3351 4706 3503 4757 idola
3552 4707 3654 4759 ad-

1959 4793 2176 4843 orasset
2208 4806 2220 4842 :
2254 4789 2638 4857 omnibusque
2681 4788 3096 4842 interdicantur
3128 4796 3191 4842 ut
3234 4792 3427 4844 nullus
3460 4799 3651 4846 votum

1957 4878 2147 4943 faciat,
2182 4884 2278 4930 aut
2326 4876 2619 4929 candelam
2654 4877 2740 4928 vel
2798 4878 3029 4945 aliquod
3080 4894 3288 4930 munus
3319 4894 3420 4947 pro
3473 4878 3653 4929 salute

1957 4983 2059 5019 sua
2106 4971 2405 5036 rogaturus
2457 4964 2592 5017 alibi
2641 4964 2881 5032 deferat,
2920 4965 3029 5018 nisi
3079 4967 3147 5019 ad
3193 4966 3488 5017 ecclesiam
3546 4967 3651 5018 Do-

1958 5055 2114 5108 mino
2148 5055 2261 5107 Deo
2294 5069 2415 5107 suo.
2448 5052 2733 5121 Scriptum
2764 5059 2848 5106 est
2876 5054 3028 5107 enim
3065 5069 3079 5108 :
3110 5054 3317 5106 Vovete
3349 5067 3403 5106 et
3435 5055 3653 5107 reddite

1958 5142 2201 5196 Domino
2237 5143 2350 5195 Deo
2382 5147 2582 5195 vestro.
2616 5142 2885 5196 Novimus
2916 5142 3199 5212 siquidem
3228 5147 3439 5212 quanta
3465 5144 3654 5197 Domi-

1957 5247 2063 5284 nus
2098 5230 2334 5301 antiquo
2378 5231 2595 5300 populo
2628 5245 2731 5298 per
2760 5230 3067 5300 prophetas
3105 5246 3237 5283 suos
3266 5232 3652 5285 comminatus

1955 5324 2041 5372 est
2070 5320 2167 5388 qui
2216 5320 2278 5371 in
2326 5320 2470 5373 lucis
2519 5318 2937 5385 sacriﬁcabant,
2987 5323 3042 5371 et
3071 5318 3129 5372 in
3178 5319 3413 5372 excelsis
3443 5320 3647 5373 immo-

1955 5408 2165 5462 labant.
2217 5409 2273 5463 Si
2303 5409 2433 5478 quis
2481 5409 2601 5461 hmo
2651 5414 3035 5478 transgressus
3078 5410 3268 5477 fuerit,
3308 5411 3475 5464 ﬁdem
3520 5428 3645 5481 per-

1952 5497 2121 5563 didit,
2156 5502 2212 5552 et
2248 5502 2332 5551 est
2376 5497 2592 5553 inﬁdeli
2625 5498 2893 5553 deterior.
2941 5501 3005 5555 Et
3036 5501 3245 5556 idcirco
3284 5502 3442 5555 omni
3476 5502 3646 5556 modo
