3972 6192
421 255 526 308 835

1496 245 1901 303 BURCIIARDI
1942 242 2484 302 WOBMACIENSIS
2521 244 2856 301 EPISCOPI.
3767 258 3850 311 836

420 392 455 430 a
511 380 722 431 sanctae
784 373 1042 430 Ecclesiae
1093 373 1376 428 consortio
1434 371 1819 438 abscindatur,
1884 376 1940 426 et
2002 370 2115 426 nisi
2144 372 2190 426 Α
2230 370 2491 426 observat
2535 376 2590 426 et
2641 371 2859 439 lunam,
2893 375 2950 426 et
2979 387 3220 441 menses,
3255 377 3312 428 et
3351 373 3604 432 horarum
3643 380 3852 438 eil‘ectiva

422 465 594 537 digne
623 464 980 536 paenituerit,
1011 479 1126 516 non
1155 461 1476 532 recipiatur.

513 556 640 609 CAP.
680 555 765 608 XI.
803 583 862 594 -
899 556 970 608 De
997 553 1111 605 illis
1147 552 1244 620 qui
1271 551 1386 603 dies
1413 553 1462 603 et
1491 563 1693 602 menses
1725 549 2028 603 observant.

495 643 602 712 (Ea:
648 643 810 697 dictis
854 642 1130 706 Ambros.)
1178 638 1482 709 Apostolus
1533 637 1717 691 dicit:
1755 637 1880 690 Dies
1923 637 2117 692 obser-

353 780 362 788 .
420 732 584 799 vatis,
635 735 692 785 et
748 745 988 792 menses,
1038 735 1094 782 et
1149 731 1433 796 tempora,
1490 730 1546 780 et
1585 742 1764 780 annos
1809 726 1986 780 timeo
2044 742 2116 780 ne

424 821 549 874 sine
601 836 770 873 causa
829 816 1210 872 laboraverim
1263 816 1320 868 in
1371 814 1552 869 vobis.
1609 815 1739 869 Dies
1789 814 2114 879 observant,

423 909 521 980 qui
569 909 764 962 dicunt
797 923 810 962 :
846 909 985 960 Puto
1033 906 1280 959 crastino
1334 903 1814 973 proﬁciscendum
1865 919 1980 957 non
2009 907 2112 958 est.

421 999 554 1052 Post
583 996 892 1050 crastinum
926 995 1079 1050 enim
1127 1011 1242 1049 non
1283 994 1452 1048 debet
1494 993 1712 1064 aliquid
1749 992 2026 1059 inchoari,
2061 997 2118 1046 et

419 1085 500 1139 sic
546 1086 731 1140 solent
761 1083 944 1155 magis
997 1083 1203 1153 decipi.
1267 1083 1333 1138 Hi
1382 1087 1572 1136 autem
1623 1081 1818 1135 colunt
1869 1096 2112 1147 menses,

421 1173 520 1244 qui
567 1189 794 1227 cursum
842 1174 991 1226 lunae
1039 1176 1494 1242 perscrutantur,
1541 1170 1831 1224 dicentes:
1862 1168 2116 1239 Septima

417 1262 558 1319 luna
609 1265 929 1316 strumenta
974 1260 1178 1314 conﬁci
1229 1275 1344 1314 non
1397 1259 1605 1314 debent
1656 1275 1668 1312 :
1717 1274 1868 1312 nona
1923 1263 2112 1312 autem

416 1351 557 1404 luna
611 1355 872 1421 emptum
918 1366 1143 1403 servum
1210 1349 1444 1402 domum
1505 1347 1639 1402 duci
1695 1363 1813 1402 non
1866 1352 2110 1418 oportet.

419 1439 484 1492 Et
521 1455 622 1510 per
670 1440 788 1492 haec
820 1439 1052 1493 facilius
1083 1438 1270 1491 solent
1301 1437 1536 1490 adversa
1579 1437 1903 1506 provenire.
1947 1438 2112 1490 Tem-

416 1545 556 1599 pora
586 1545 717 1580 vero
776 1527 1100 1589 observant,
1145 1543 1280 1581 cum
1316 1526 1510 1581 dicunt
1544 1542 1555 1579 :
1591 1525 1769 1578 Ilodie
1817 1525 1964 1578 veris
1995 1523 2112 1578 ini—

415 1615 560 1668 tium
613 1619 715 1680 est,
753 1619 809 1667 et
853 1614 983 1666 ideo
1033 1613 1310 1666 festivitas
1358 1619 1465 1668 est.
1498 1614 1562 1668 Et.
1609 1629 1832 1664 rursum
1869 1629 1881 1665 :
1918 1613 2109 1665 Poste-

417 1719 546 1756 rum
599 1708 702 1768 est,
736 1703 971 1757 domum
1005 1703 1200 1771 egredi
1231 1718 1342 1755 non
1388 1702 1535 1754 licet.
1566 1705 1762 1758 Annos
1786 1701 1864 1754 sic
1890 1701 2108 1766 colunt,

415 1807 542 1845 cum
567 1791 763 1845 dicunt
794 1807 806 1844 :
842 1790 1110 1845 Kalendis
1129 1790 1384 1844 Januarii
1409 1806 1586 1844 novus
1605 1797 1690 1844 est
1713 1806 1926 1858 annus,
1949 1789 2110 1861 quasi

419 1897 534 1933 non
565 1879 822 1950 quotidie
855 1895 1037 1932 annus
1063 1878 1388 1945 impleatur.
1423 1880 1549 1932 [lare
1578 1879 1909 1948 superstitio
1938 1878 2112 1952 longe

416 1967 584 2021 debet
625 1983 744 2020 esse
793 1983 824 2020 a
885 1966 1059 2020 servis
1110 1966 1225 2020 Dei.
1298 1966 1356 2020 Si
1413 1966 1541 2036 quis
1590 1967 1649 2020 in
1701 1966 1807 2020 hac
1871 1966 2110 2036 perﬁdia

415 2056 723 2126 detegitur,
756 2054 968 2122 Clerici,
1003 2070 1217 2109 annum
1249 2070 1462 2122 unum;
1499 2055 1625 2108 laici
1657 2054 1958 2109 dimidium
1989 2071 2109 2126 pte-

414 2143 652 2198 niteant.

569 2232 694 2286 CAP.
723 2231 836 2284 XII.
868 2260 936 2270 —
967 2233 1034 2285 De
1060 2231 1143 2284 his
1166 2232 1263 2298 qui
1293 2229 1620 2284 (immanibus
1652 2231 1952 2286 immolant.

483 2321 600 2385 (Ea:
630 2321 991 2389 pcenitentiali
1041 2318 1326 2388 Theodor.)
1361 2320 1499 2372 Nam
1538 2319 1606 2373 de
1637 2317 1725 2371 his
1755 2317 1854 2388 qui
1901 2317 2110 2372 daemo-

411 2409 580 2463 nibus
643 2408 952 2462 immolant
1007 2407 1288 2461 Theodori
1357 2407 1610 2476 episcopi
1672 2405 2109 2460 constitutiones

411 2497 710 2563 habemus,
746 2498 803 2550 in
831 2496 1040 2567 quibus
1070 2495 1342 2566 scriptum
1376 2501 1461 2549 est
1494 2512 1507 2549 :
1541 2494 1648 2560 Qui
1679 2495 1981 2549 immolant
2002 2493 2109 2548 dae-

411 2585 620 2656 moniis
673 2586 733 2639 in
781 2584 1056 2652 minimis,
1093 2601 1309 2639 annum
1363 2601 1544 2638 unum
1592 2584 1949 2655 pmniteant;
2006 2583 2106 2655 qui

410 2690 543 2728 vero
572 2674 629 2728 in
662 2674 904 2745 magnis,
937 2691 970 2728 x
999 2691 1178 2728 annos
1208 2673 1542 2744 poeniteant.

409 2764 537 2820 CAP.
574 2765 718 2820 XIII.
751 2795 819 2804 —
853 2765 931 2818 De
961 2763 1076 2818 illis
1111 2765 1208 2833 qui
1251 2763 1571 2848 traditiones
1616 2762 1902 2832 gentilium
1933 2760 2108 2848 obser-

479 2907 597 2974 (Ea:
645 2907 832 2960 consil.
883 2839 1393 2974 Braggarqvggpite
1422 2904 1538 2974 20.)
1590 2906 1715 2958 Non
1763 2903 1896 2957 licet
1943 2903 2102 2957 Chri-

407 2993 606 3048 stianis
635 2994 972 3048 traditiones
1035 2993 1337 3064 gentilium
1396 2993 1713 3058 observare,
1770 2993 1857 3046 vel
1914 2993 2102 3046 colere

406 3084 708 3150 elementa,
743 3088 842 3136 aut
871 3083 1087 3148 lunam,
1122 3087 1222 3135 aut
1266 3082 1560 3135 stellarum
1607 3096 1860 3144 cursum,
1892 3084 1948 3132 ct
1976 3080 2101 3133 ina-

403 3188 536 3225 nem
585 3173 878 3241 signorum
930 3171 1210 3224 fallaciam
1259 3171 1618 3224 considerare
1667 3185 1770 3240 pro
1815 3169 1984 3222 domo
2018 3169 2100 3222 fa-

407 3257 629 3322 cienda,
661 3262 717 3310 et
741 3257 809 3310 ad
844 3256 1112 3326 conjugis
1141 3255 1427 3310 socianda.
1467 3257 1749 3327 Scriptum
1781 3261 1867 3310 est
1895 3256 2047 3310 enim
2085 3272 2098 3311 :

407 3345 614 3401 Omnia
663 3360 1022 3416 quaecunque
1071 3345 1256 3399 facitis
1293 3345 1352 3398 in
1384 3345 1555 3399 verbo
1585 3350 1683 3399 aut
1724 3345 1782 3399 in
1813 3361 2009 3416 opere,
2040 3344 2100 3399 in

407 3433 644 3488 nomine
693 3432 922 3488 Domini
970 3433 1153 3488 nostri
1207 3433 1337 3488 Jesu
1395 3433 1601 3488 Christi
1649 3433 1832 3500 facite,
1891 3435 2100 3504 gratias

403 3527 638 3593 agentes
684 3523 816 3578 Deo.
860 3521 915 3576 Si
948 3521 1077 3592 quis
1115 3525 1309 3576 autem
1339 3521 1555 3591 fecerit,
1590 3521 1944 3578 severissime
1976 3538 2098 3576 cor-

403 3611 670 3683 ripiatur,
707 3616 762 3666 et
793 3610 1065 3666 canonice
1092 3611 1386 3682 paeniteat.

402 3701 528 3756 CAP.
582 3699 710 3754 XIV.
762 3729 830 3739 —
879 3702 950 3753 De
1008 3701 1359 3767 mulierculis,
1417 3716 1537 3769 quae
1563 3701 1806 3766 infantes
1844 3715 1967 3755 suos
1994 3716 2098 3770 pro

531 3773 770 3824 sanitate
801 3773 860 3824 in
887 3772 1162 3836 fornacem
1190 3777 1284 3825 aut
1317 3787 1489 3840 supra
1519 3776 1711 3826 tectum
1732 3777 1962 3841 ponunt.

472 3858 590 3924 (Ea:
628 3859 995 3928 pamitentiali
1024 3859 1179 3914 Beda:
1225 3861 1578 3930 presbyteri.)
1640 3859 1840 3914 Mulier
1884 3859 1932 3912 si
1983 3875 2099 3931 qua

399 3947 584 4001 ﬁlium
620 3963 786 4001 suum
820 3948 983 4018 ponit
1009 3964 1182 4018 supra
1205 3953 1439 4018 tectum,
1472 3953 1570 4003 aut
1599 3948 1660 4003 in
1684 3949 1970 4004 fornacem
1992 3965 2096 4020 pro

400 4037 646 4091 sanitate
677 4035 948 4104 febrium,
982 4053 1161 4091 unum
1188 4054 1402 4092 annum
1430 4037 1725 4109 paeniteat.

400 4127 526 4182 CAP.
579 4125 683 4181 XV.
737 4156 804 4165 —
864 4125 1016 4193 Quod
1066 4141 1172 4180 non
1222 4127 1378 4180 liceat
1426 4129 1650 4196 iniquas
1703 4126 2096 4182 observationes

953 4197 1330 4251 Kalendarum
1361 4212 1537 4264 agere.

474 4285 581 4356 (Em
619 4286 813 4340 decret.
867 4287 1110 4340 Martial.
1147 4285 1354 4355 papa.)
1401 4287 1523 4341 Non
1556 4285 1686 4340 licet
1729 4285 1955 4358 iniquas
1983 4286 2092 4340 ob-

397 4373 747 4428 servationes
778 4389 944 4443 agere
975 4373 1380 4440 Kalendarum,
1413 4379 1472 4428 et
1499 4373 1630 4428 otiis
1651 4391 1871 4442 vacare,
1904 4389 2092 4446 neque

398 4463 583 4529 lauro,
627 4468 725 4517 aut
767 4463 1052 4517 viriditate
1082 4463 1352 4517 arborum
1383 4463 1610 4534 cingere
1641 4463 1863 4518 domos.
1895 4463 2093 4519 Omnis

397 4551 519 4605 haec
550 4551 870 4606 observatio
906 4567 1265 4622 paganorum
1298 4557 1402 4606 est.

399 4639 526 4694 CAP.
559 4640 688 4694 XVI.
715 4669 782 4681 —
807 4642 880 4694 De
909 4641 1021 4694 illis
1052 4643 1150 4709 qui
1170 4639 1442 4694 Kalendas
1469 4641 1767 4694 Ianuarias
1787 4641 1902 4694 ritu
1917 4654 2092 4710 paga-

856 4726 1048 4764 norum
1074 4713 1241 4765 colere
1270 4716 1626 4780 praesumunt.

468 4796 586 4870 (Ea:
616 4799 809 4854 decret.
849 4799 1093 4854 Zachar.
1136 4815 1318 4869 papa,
1349 4802 1527 4869 capite
1577 4803 1687 4870 tl.)
1721 4799 1778 4853 Si
1826 4797 1952 4870 quis
1980 4799 2082 4851 Ka-

394 4887 594 4942 lendas
622 4888 919 4943 Ianuarias
962 4887 1080 4942 ritu
1109 4903 1467 4960 paganorum
1499 4887 1705 4956 colere,
1753 4886 1840 4941 vel
1871 4885 2087 4957 aliquid

393 4976 523 5046 plus
565 4975 696 5030 novi
729 4975 914 5030 facere
947 4981 1187 5046 propter
1219 4992 1428 5030 novum
1458 4992 1697 5042 annum,
1733 4979 1832 5029 aut
1863 4991 2090 5029 mensas

395 5079 524 5116 cum
556 5063 841 5134 lapidibus
870 5064 956 5118 vel
987 5063 1173 5134 epulis
1203 5063 1260 5118 in
1294 5064 1560 5119 domibus
1591 5065 1709 5119 suis
1740 5078 2086 5136 prmparare,

395 5155 451 5205 et
497 5168 600 5222 per
646 5152 798 5206 vicos
838 5156 894 5206 et
943 5153 1162 5223 plateas
1195 5157 1513 5207 cantatores
1563 5158 1619 5209 et
1648 5154 1853 5208 choros
1881 5153 2089 5207 ducere

394 5241 847 5312 praesumpserit,
881 5243 1188 5296 anathema
1217 5242 1306 5296 sit.

820 5331 948 5386 CAP.
975 5331 1135 5386 XVII.
1165 5361 1233 5372 —
1265 5331 1344 5386 De
1374 5330 1558 5385 eadem
1587 5346 1660 5385 re.

464 5421 574 5487 (Ea:
596 5419 782 5474 concil.
810 5419 1146 5492 Rothomag.)
1176 5420 1234 5476 Si
1265 5419 1394 5491 quis
1424 5418 1484 5473 in
1513 5417 1781 5473 Kalendis
1806 5416 2088 5473 Januariis

391 5507 610 5580 aliquid
642 5507 839 5564 fecerit
871 5509 1024 5580 quod
1054 5525 1088 5564 a
1116 5507 1358 5580 paganis
1391 5508 1690 5562 inventum
1721 5512 1827 5568 est,
1878 5512 1934 5559 et
1965 5506 2086 5559 dies

2227 462 2483 531 potentia
2543 461 2758 531 aliquid
2809 467 3000 532 sperat
3045 462 3104 517 in
3160 463 3364 518 melius
3413 471 3506 519 aut
3545 467 3599 522 in
3649 469 3852 526 deterius

2228 550 2392 615 verti,
2425 550 2734 604 anathema
2763 549 2853 606 sit.

2228 655 2356 711 CAP.
2389 657 2573 712 XVIII.
2607 686 2670 697 —
2697 659 2768 710 De
2796 656 3057 732 bubulcis,
3084 659 3168 712 vel
3192 659 3526 714 amatoribus
3554 664 3643 732 qui
3664 677 3773 718 suas
3795 669 3854 719 in.

2709 731 3046 783 cantationes
3075 732 3430 784 exercuerim.

2299 815 2420 885 (Em
2448 815 2646 882 eodem,
2674 818 2850 884 capite
2878 815 2956 886 4.)
2988 817 3462 872 Perscrutandum
3500 819 3546 872 si
3574 820 3756 892 aliquis
3782 841 3852 877 su-

2226 904 2447 974 bulcus,
2480 905 2565 958 vel
2601 904 2899 970 bubulcus,
2935 905 3050 960 sive
3092 913 3349 974 venator,
3379 907 3462 961 vel
3493 910 3671 962 caueri
3697 911 3853 981 hujus~

2225 993 2403 1059 modi,
2457 992 2608 1048 dicat
2667 993 2949 1048 diabolica
2997 994 3252 1049 carmina
3316 1011 3485 1066 super
3531 1012 3736 1066 panem,
3784 1008 3855 1055 aut

2224 1098 2399 1153 super
2428 1081 2653 1148 herbas,
2684 1087 2783 1136 aut
2831 1098 3004 1152 super
3031 1084 3297 1154 qiiwdam
3336 1084 3549 1138 nefaria
3574 1084 3854 1156 ligamenta,

2225 1175 2281 1224 et
2311 1171 2433 1224 haec
2461 1176 2558 1224 aut
2589 1170 2648 1224 in
2685 1170 2887 1224 arbore
2933 1170 3257 1237 abscondat,
3293 1179 3391 1225 aut
3419 1172 3478 1226 in
3507 1173 3669 1240 bivio,
3706 1178 3854 1231 autin

2223 1259 2389 1314 trivio
2437 1259 2720 1330 projiciat,
2771 1263 2836 1313 ut
2881 1276 2980 1313 sua
3034 1260 3308 1315 animalia
3358 1260 3556 1315 liberet
3594 1278 3622 1315 a
3657 1270 3790 1332 peste
3813 1273 3855 1320 et

2223 1347 2402 1414 clade,
2452 1353 2510 1402 et
2557 1347 2789 1402 alterius
2837 1349 3053 1418 perdat.
3099 1348 3232 1413 Quae
3283 1350 3476 1404 omnia
3526 1350 3855 1406 idololatriam

2223 1452 2345 1491 esse
2377 1437 2519 1490 nulli
2551 1436 2704 1490 ﬁdeli
2725 1437 2965 1492 dubium
2989 1441 3073 1491 est
3104 1453 3116 1492 :
3147 1443 3203 1492 et
3229 1437 3354 1493 ideo
3386 1454 3728 1509 summopere
3755 1447 3852 1495 sunt

2223 1525 2674 1579 exterminanda.

2221 1613 2350 1667 CAP.
2383 1612 2510 1666 XIX.
2541 1641 2610 1650 —
2650 1611 2803 1681 Quod
2832 1629 2934 1666 non
2967 1614 3125 1667 liceat
3167 1614 3520 1669 mulierculas
3567 1617 3852 1671 Christianas

2519 1685 2790 1737 vanitates
2807 1686 2862 1736 in
2885 1688 2996 1738 suis
3029 1687 3283 1754 laniﬁciis
3311 1687 3608 1740 observare.

2291 1771 2408 1842 (Ea:
2431 1772 2651 1826 concilio
2682 1773 2975 1842 Braggar.,
2999 1775 3174 1842 capite
3202 1776 3311 1842 t0.)
3339 1775 3464 1828 Non
3492 1775 3618 1829 licet
3638 1775 3852 1830 mulieres

2221 1860 2589 1928 Christianas,
2643 1861 2949 1915 vanitatem
3001 1861 3060 1916 in
3105 1862 3221 1916 suis
3268 1862 3535 1918 laniﬁciis
3585 1864 3851 1927 observare,

2219 1949 2317 2006 sed
2363 1950 2541 2003 Deum
2589 1949 2859 2004 invocent
2909 1949 3251 2021 adjutorem,
3301 1952 3404 2024 qui
3452 1953 3534 2006 eis
3563 1953 3849 2022 sapientiam

2217 2038 2456 2098 texouii
2479 2039 2730 2093 donavit.

2219 2127 2346 2182 CAP.
2381 2129 2484 2184 XX.
2515 2157 2584 2176 -ι
2611 2127 2764 2196 Quod
2809 2143 2913 2182 non
2944 2130 3102 2183 liceat
3145 2145 3263 2184 cum
3293 2132 3736 2186 incantationibus
3760 2133 3851 2184 lur-

2682 2200 2869 2258 Wum
2908 2200 3267 2276 collectionem
3297 2199 3446 2271 ﬁeri.

2288 2286 2397 2356 (Em
2425 2287 2622 2355 eodem,
2659 2291 2841 2358 capita
2877 2288 2987 2357 2|.)
3021 2289 3142 2342 Non
3175 2289 3308 2343 licet
3333 2290 3392 2344 in
3424 2290 3729 2344 collectione
3749 2290 3852 2344 her-

2216 2374 2417 2429 barum
2476 2375 2903 2430 medicinalium
2953 2376 3174 2456 aliquas
3216 2377 3636 2432 observationes
3675 2378 3747 2431 vel
3784 2377 3855 2431 in-

2216 2464 2568 2517 cantationes
2631 2465 2947 2532 attendere,
3006 2465 3122 2522 nisi
3165 2469 3392 2524 tantum
3467 2482 3590 2520 cum
3646 2465 3854 2537 symbolo

2215 2551 2426 2621 divino,
2478 2558 2534 2606 et
2564 2552 2831 2608 Oratione
2891 2555 3207 2618 Dominica,
3241 2561 3312 2616 ut
3359 2556 3508 2611 Deus
3546 2560 3600 2609 et
3627 2554 3855 2609 Dominus

2215 2647 2410 2697 noster
2436 2642 2771 2696 lionoretur.

2215 2731 2349 2786 CAP.
2387 2731 2519 2787 XXI.
2550 2762 2622 2774 —
2649 2735 2724 2787 De
2753 2733 2864 2786 illis
2917 2735 3014 2801 qui
3042 2732 3117 2786 ad
3144 2733 3363 2788 arbores
3395 2735 3480 2788 vel
3505 2733 3580 2790 ad
3618 2735 3770 2803 fontes
3793 2733 3859 2798 [αι
3932 2769 3933 2778 η

2794 2805 2942 2858 culos
2969 2805 3322 2859 incenderint.

2285 2883 2402 2963 (Ea:
2432 2891 2626 2957 eodem,
2660 2895 2835 2962 capite
2863 2894 2978 2960 22.)
3012 2893 3070 2946 Si
3102 2893 3160 2945 in
3191 2893 3435 2962 alicujus
3467 2893 3762 2964 presbyteri
3786 2907 3858 2963 pa-

2212 2980 2403 3036 rochia
2426 2980 2705 3045 inﬁdeles,
2740 2985 2837 3034 aut
2866 2979 3484 3049 faculasincenderint,
3534 2987 3625 3036 aut
3647 2981 3854 3042 arbores,

2211 3074 2309 3124 aut
2354 3069 2562 3136 fontes,
2613 3073 2710 3122 aut
2765 3085 2898 3122 saxa
2928 3074 3295 3137 venerantur,
3343 3070 3392 3123 si
3445 3072 3550 3125 hoc
3579 3085 3758 3125 eruere
3785 3085 3857 3121 ne-

2209 3159 2467 3228 glexerit,
2520 3157 2882 3228 sacrilegium
2923 3173 2980 3211 se
3018 3158 3217 3212 fecisse
3267 3165 3589 3230 cognoscat,
3635 3172 3859 3230 praesum-

2208 3253 2337 3318 ptor
2366 3253 2464 3302 aut
2488 3248 2741 3301 hortator
2769 3246 2855 3300 rei
2883 3246 3080 3317 ipsius.
3122 3247 3180 3301 Si
3211 3233 3540 3303 admonitus
3569 3249 3670 3302 hoc
3697 3261 3856 3301 emen-

2210 3337 2345 3391 dare
2376 3335 2709 3405 neglexerit,
2739 3335 3145 3390 communione
3173 3335 3454 3407 privetur.

2209 3425 2334 3480 CAP.
2399 3425 2553 3480 XXII.
2586 3455 2654 3465 —
2699 3427 2763 3480 Ut
2821 3427 3204 3479 vaticinatores
3271 3429 3398 3480 caesi
3459 3425 3525 3479 de
3590 3423 3857 3480 civitatibus

2901 3499 3212 3564 ejiciantur.

2279 3584 2383 3654 (Ea:
2435 3584 2655 3638 concilio
2710 3584 3013 3651 Arelatem,
3070 3586 3246 3652 capite
3299 3585 3409 3652 ll.)
3469 3583 3856 3646 Vaticinatores,

2206 3671 2306 3742 qui
2344 3687 2403 3728 se
2433 3671 2624 3727 futura
2673 3671 2816 3726 scire
2849 3671 3065 3738 dicunt,
3118 3673 3248 3727 ca~si
3280 3673 3348 3728 de
3401 3673 3625 3728 civitate
3660 3670 3856 3741 ejicien-

2204 3765 2318 3816 tur.

2311 3849 2440 3903 CAP.
2473 3849 2653 3904 XXIII.
2685 3879 2752 3889 —
2786 3852 2857 3904 De
2885 3851 2996 3905 illis
3031 3851 3129 3920 qui
3152 3850 3516 3920 phylacteriis
3544 3853 3773 3904 utuntur.

2276 3937 2385 4007 (Ea:
2414 3938 2556 3993 decr.
2618 3939 2861 4007 Gregor.)
2893 3938 2950 3992 Si
2977 3939 3103 4010 quis
3155 3939 3428 4004 hariolos,
3475 3937 3763 4010 aruspices,
3791 3931 3856 3986 vel

2202 4026 2588 4082 incantatores
2633 4028 3037 4098 observaverit,
3077 4032 3175 4082 aut
3217 4028 3589 4099 phylacteriis
3617 4040 3740 4080 usus
3765 4023 3858 4078 fue-

2205 4115 2299 4183 rit,
2331 4116 2635 4170 auathema
2668 4115 2756 4172 sit.

2123 4227 2166 4281 ι)
2276 4205 2404 4260 CAP.
2440 4206 2617 4259 XXIV.
2650 4235 2709 4245 κο
2743 4206 2875 4260 Item
2905 4205 2970 4258 de
2997 4206 3330 4260 mulierculis
3355 4203 3800 4260 incantatricibus.

2275 4293 2388 4363 (Em
2431 4294 2796 4363 pamitentiali
2844 4293 3127 4365 Romano.)
3173 4293 3374 4348 Mulier
3424 4293 3472 4347 si
3521 4289 3855 4348 divinationes

2202 4383 2291 4436 vel
2339 4381 2757 4436 incantationes
2807 4381 3117 4437 diabolicae
3168 4383 3388 4448 fecerit,
3443 4397 3654 4436 annum
3707 4390 3852 4432 unum

2201 4470 2498 4541 poeniteat,
2547 4471 2636 4524 vel
2689 4475 2805 4526 tres
2853 4470 3347 4541 quadragesimas,
3387 4470 3477 4524 vel
3518 4465 3855 4541 quadraginta

2203 4560 2324 4615 dies
2355 4561 2668 4616 secundum
2701 4561 3036 4631 qualitatem
3069 4559 3280 4616 delicti.

2201 4668 2330 4722 CAP.
2363 4667 2511 4721 XXV.
2544 4697 2612 4706 -—
2644 4667 2726 4721 De
2771 4667 2884 4721 illis
2917 4669 3014 4734 qui
3041 4667 3373 4720 manducent
3420 4671 3519 4720 aut
3545 4666 3738 4728 bibunt,
3781 4663 3854 4714 aut

2269 4743 2495 4862 poréant
2536 4753 2700 4807 super
2743 4752 2799 4792 se
2829 4737 3046 4807 aliquid
3091 4738 3165 4792 ad
3214 4738 3319 4792 Dei
3349 4738 3625 4806 judicium
3663 4734 3850 4789 subver-

2295 4825 2358 4862 en
2403 4825 2509 4862 um.

2295 4825 2509 4863 enaum.

2273 4897 2394 4967 (Ea:
2419 4897 2640 4951 concilio
2670 4895 2909 4964 Tribur.,
2934 4897 3110 4966 capite
3133 4896 3211 4962 4.)
3243 4895 3300 4950 Si
3327 4895 3538 4968 aliquis
3566 4892 3856 4950 manducet.

2199 4989 2298 5039 aut
2337 4984 2501 5052 bibit,
2553 4987 2651 5038 aut
2704 4989 2898 5055 portat
2921 5000 3094 5056 super
3143 5000 3202 5038 se
3256 4985 3407 5040 unde
3461 4985 3734 5038 existimat
3777 4975 3854 5032 Dei

2192 5073 2474 5143 judicium
2533 5077 2857 5144 pervertere
2911 5089 3098 5144 posse,
3153 5077 3210 5126 et
3238 5072 3442 5127 exinde
3491 5069 3857 5143 comprobatus

2197 5161 2390 5227 fuerit,
2424 5161 2623 5216 eadem
2653 5162 2938 5216 sententia
2967 5161 3206 5216 feriatur
3233 5177 3344 5232 qua
3367 5162 3542 5232 magi,
3577 5165 3631 5215 et
3656 5153 3854 5214 hariolis

2198 5250 2253 5298 et
2286 5245 2668 5299 incantatores
2698 5244 3002 5300 feriuntur.

2198 5350 2325 5406 (ἶΑρ.
2359 5350 2529 5406 XXVI.
2561 5379 2634 5392 —
2665 5353 2742 5406 De
2773 5353 2885 5406 illis
2930 5353 3027 5420 qui
3064 5355 3122 5406 in
3175 5352 3378 5407 tabulis
3409 5356 3506 5406 aut
3531 5353 3587 5405 in
3616 5344 3857 5403 codicibus

2776 5423 2974 5488 futura
3000 5425 3307 5491 requirunt.

2271 5505 2381 5573 (Em
2426 5507 2786 5574 pali-itaitiali
2840 5506 3061 5574 Theod.)
3111 5508 3175 5560 In
3220 5506 3426 5561 tabulis
3459 5506 3540 5588 vel
3597 5499 3853 5557 codicibus
