3972 6192
142 276 257 329 837

1124 269 1596 326 DECRETORUM
1638 269 1823 325 LIBRI
1862 268 1966 323 XX.
2010 297 2054 307 —
2118 268 2328 323 LIBER
2369 268 2688 324 DECIMUS.

3563 277 3667 329 838

142 405 305 455 sorte
337 399 530 454 futura
560 413 675 451 non
730 401 865 450 sunt
912 394 1280 465 requirenda,
1344 400 1400 449 et
1432 400 1493 448 ut
1557 395 1751 448 nullus
1796 394 1854 448 in
1886 398 1931 447 A
1970 392 2335 454 tcntaverint,
2365 393 2449 447 vel
2474 394 2733 464 quintam
2760 394 2956 449 feriam
2977 395 3034 449 in
3064 395 3343 451 honorem
3366 399 3541 467 Iovis,
3574 402 3667 454 vel

145 488 447 551 Psalterio,
484 487 567 538 vel
602 486 660 538 in
698 484 1021 553 Evangelio,
1066 484 1148 536 vel
1182 483 1239 535 in
1276 484 1399 535 aliis
1434 484 1602 536 rebus
1664 482 1856 536 sortiri

145 580 486 645 praesumat,
522 592 623 627 nec
645 572 1025 627 divinationes
1046 572 1265 641 aliquas
1296 572 1352 623 in
1382 571 1666 640 aliquibus
1688 571 1857 625 rebus

147 666 481 719 observare.
503 663 661 727 Quod
684 662 727 714 si
760 661 976 725 fecerit,
1011 659 1389 729 quadraginta
1419 660 1540 712 dies
1563 660 1853 728 pceniteat.

147 754 287 807 CAP.
321 754 398 807 XX
412 753 524 806 VII.
554 781 627 793 —
658 753 728 804 De
759 751 869 803 illis
901 751 997 818 qui
1020 754 1188 803 sortes
1203 754 1512 802 sanctorum
1550 751 1852 816 requirunt.

226 842 341 909 (Ea:
365 840 555 894 concil.
586 840 911 906 Aqathcns.,
961 839 1139 905 capite
1170 840 1247 903 3.)
1282 836 1391 889 Nec
1418 835 1558 889 illud
1594 841 1679 889 est
1712 852 1853 905 pra:-

148 930 499 984 tereundum
549 928 701 999 quod
735 926 982 980 maxime
1032 926 1203 979 fidem
1262 925 1557 995 religionis
1602 925 1854 991 infestat,

150 1019 306 1089 quod
338 1016 519 1087 aliqui
546 1015 738 1069 clerici
770 1016 855 1069 vel
888 1014 1016 1068 laici
1051 1013 1285 1067 student
1314 1014 1593 1083 auguriis,
1644 1018 1701 1066 et
1750 1014 1856 1067 sub

152 1106 392 1159 nomine
424 1106 569 1158 ﬁctae
599 1103 912 1173 religionis,
967 1119 1139 1173 quam
1186 1108 1366 1155 sortes
1398 1108 1724 1156 sanctorum
1757 1119 1857 1155 vo-

153 1201 308 1261 cant,
360 1194 727 1248 divinationis
787 1192 1084 1246 scientiam
1140 1192 1507 1261 profitentur,
1563 1196 1661 1244 aut
1715 1208 1855 1262 qua-

152 1300 514 1353 rumcunque
546 1283 955 1352 scripturarum
992 1281 1344 1351 inspectione
1393 1280 1583 1334 futura
1612 1282 1856 1351 promit-

153 1378 303 1426 tunt.
337 1372 674 1441 Quicunque
705 1372 962 1436 clericus,
986 1370 1073 1423 vel
1098 1370 1272 1422 laicus
1294 1369 1353 1423 in
1381 1386 1445 1421 eo
1475 1370 1725 1422 detectus
1746 1369 1860 1422 fue-

152 1460 229 1511 rit
259 1459 395 1510 talia
426 1458 746 1521 consulere,
789 1457 871 1509 vel
905 1456 1129 1522 docere,
1182 1455 1250 1508 ab
1281 1454 1525 1508 Ecclesia
1574 1454 1854 1524 ejiciatur.

157 1547 282 1600 ΕΑΡ.
316 1547 544 1601 XXVIII.
578 1576 646 1584 —
688 1546 762 1599 De
792 1546 901 1598 illis
932 1545 1187 1612 maleﬁcis
1210 1548 1304 1612 qui
1321 1549 1542 1611 sperant
1568 1558 1622 1597 se
1660 1547 1857 1597 mentes

614 1618 884 1669 hominum
902 1621 1205 1685 pervertere
1228 1630 1400 1683 posse.

228 1708 334 1776 (Ex
388 1706 753 1775 pa'nitentiali
812 1678 1093 1770 Romano.)
1154 1678 1389 1755 malefici
1449 1702 1535 1756 vel
1604 1678 1926 1755 incanta-B

155 1802 327 1859 tores,
405 1796 492 1847 vel
550 1793 901 1847 immissores
961 1796 1389 1862 tempestatum,
1444 1792 1530 1844 vel
1591 1792 1689 1861 qui
1754 1807 1855 1861 per

155 1884 577 1937 invocationem
590 1882 911 1936 dremonum
934 1887 1155 1933 mentes
1178 1879 1477 1932 hominum
1494 1877 1849 1948 perturbant,

157 1970 623 2026 anathematizati
646 1970 989 2039 abjiciautur
1011 1984 1023 2021 :
1049 1974 1105 2021 et
1125 1968 1170 2020 si
1206 1967 1510 2020 emendare
1544 1965 1849 2031 voluerint,

158 2060 349 2115 clerici
381 2066 493 2113 tres
525 2075 723 2124 annos,
760 2057 887 2111 laici
922 2073 1099 2109 unum
1132 2072 1344 2109 annum
1372 2054 1708 2125 poeniteant.

563 2148 690 2201 CAP.
732 2147 906 2200 XXIX.
939 2176 1011 2184 —
1044 2146 1123 2197 De
1152 2144 1333 2197 eadem
1363 2159 1439 2197 re.

227 2238 335 2306 (Ea:
368 2238 589 2290 concilio
646 2236 881 2303 .4gath.,
942 2236 1119 2302 capite
1159 2233 1239 2300 4.)
1300 2230 1753 2302 Perqnirendum
1806 2231 1851 2284 si

159 2325 350 2396 aliqua
399 2326 613 2378 femina
674 2324 764 2389 sit,
828 2339 957 2393 qua:
991 2338 1093 2392 per
1147 2321 1408 2392 quaedam
1465 2320 1747 2374 melelicia
1799 2325 1856 2374 et

158 2413 569 2466 incantationes
619 2417 837 2466 mentes
892 2410 1192 2464 hominum
1249 2425 1307 2463 se
1350 2410 1656 2462 immutare
1690 2425 1853 2479 posse

159 2503 327 2567 dicat,
363 2502 417 2555 id
451 2508 553 2568 est,
588 2506 651 2554 ut
700 2502 768 2553 de
809 2499 942 2554 odio
983 2500 1040 2552 in
1086 2514 1363 2565 amorem,
1399 2503 1497 2552 aut
1546 2498 1613 2551 de
1660 2514 1853 2551 amore

158 2590 211 2644 in
246 2591 446 2644 odium
478 2594 784 2654 convertat,
846 2594 942 2642 aut
996 2588 1147 2642 bona
1198 2587 1499 2641 hominum
1548 2591 1645 2640 aut
1692 2588 1852 2640 dam-

161 2683 272 2744 net,
307 2684 407 2731 aut
455 2677 753 2747 subripiat.
808 2677 874 2730 Et
924 2676 969 2729 si
1025 2676 1219 2746 aliqua
1271 2681 1355 2728 est
1405 2692 1535 2746 qua:
1591 2691 1649 2730 se
1706 2672 1855 2729 dicat

159 2784 287 2820 cum
346 2767 674 2820 dmmonum
732 2766 919 2831 turba,
966 2765 1023 2818 in
1062 2764 1503 2819 similitudinem
1545 2764 1853 2817 mulierum

158 2855 586 2923 transformata,
634 2854 801 2907 certis
856 2853 1118 2908 noctibus
1166 2853 1421 2922 equitare
1482 2869 1652 2923 super
1685 2869 1851 2923 quas-

1972 482 2171 534 Kalen.
2235 482 2437 536 Janua.
2475 484 2792 537 secundum
2854 500 3135 554 paganam
3191 488 3663 543 consuetudinem

1966 569 2247 622 honorare
2308 571 2759 639 praesumpserit,
2825 573 3138 625 monachus
3194 589 3246 638 v,
3300 574 3537 629 clericus
3588 594 3664 645 1v,

1965 658 2144 711 laicus
2176 674 2233 725 ιι,
2268 674 2448 712 annos
2488 660 2778 729 paeniteat.

1967 764 2092 819 Car.
2128 765 2345 818 XXXIV.
2389 794 2456 804 -—
2487 768 2561 820 De
2606 767 2719 819 illis
2758 768 2854 833 qui
2892 766 3156 820 vanitates
3186 783 3313 822 suas
3338 771 3395 821 in
3426 769 3668 823 excubiis

2631 838 2988 890 emercuerint.

2038 923 2146 993 (Ea:
2194 922 2401 991 eodem,
2446 926 2621 992 capite
2673 926 2750 993 3.)
2784 923 2929 978 Laici
2982 923 3082 995 qui
3124 925 3389 980 excubias
3452 926 3668 981 funeris

1966 1011 2293 1079 observant,
2324 1027 2453 1065 cum
2504 1012 2710 1065 timore
2743 1018 2799 1065 et
2826 1019 3075 1066 tremore
3120 1020 3178 1067 et
3214 1017 3533 1073 revetentia
3560 1016 3669 1071 hoc

1964 1098 2192 1154 faciant.
2258 1100 2457 1154 Nullus
2524 1100 2600 1153 ibi
2680 1106 2991 1169 praesumat
3045 1102 3324 1157 diabolica
3410 1107 3668 1160 carmina

1964 1193 2212 1253 cantare,
2247 1204 2365 1243 non
2418 1189 2549 1259 joca
2584 1193 2639 1243 et
2670 1191 3003 1243 saltationes
3034 1191 3238 1257 facere,
3289 1209 3417 1262 quae
3448 1195 3662 1263 pagani

1964 1276 2193 1330 diabolo
2250 1277 2488 1330 docente
2550 1277 2987 1331 adinvenerunt.
3050 1278 3188 1341 Quis
3246 1282 3401 1333 enim
3450 1280 3667 1333 nesciat

1965 1364 2311 1419 diabolicum
2346 1382 2489 1431 esse,
2524 1370 2578 1418 et
2610 1382 2722 1419 non
2754 1367 2942 1419 solum
2975 1382 3005 1418 a
3040 1366 3318 1436 religione
3340 1368 3663 1422 Christiana

1965 1456 2219 1508 alienum
2279 1456 2378 1508 sed
2436 1456 2609 1508 etiam
2642 1456 2907 1508 humanae
2971 1460 3192 1509 natura:
3255 1472 3378 1510 esse
3436 1463 3666 1511 contra-

1965 1543 2139 1607 rium,
2174 1544 2254 1597 ibi
2286 1544 2487 1610 laetari,
2519 1544 2756 1610 cantari,
2790 1543 3085 1611 inebriari,
3134 1551 3191 1597 et
3237 1545 3526 1598 cachinnis
3566 1563 3666 1599 ora

1967 1631 2220 1698 dissolvi,
2251 1637 2308 1685 et
2338 1631 2495 1684 omni
2534 1631 2766 1699 pietate,
2798 1636 2855 1684 et
2908 1632 3111 1685 affectu
3154 1633 3448 1686 charitatis
3505 1640 3665 1704 post-

1965 1721 2170 1790 posito,
2205 1720 2367 1791 quasi
2399 1720 2467 1773 de
2498 1719 2747 1773 fraterna
2778 1727 2961 1773 morte
3010 1723 3309 1789 exsultare,
3345 1722 3443 1775 ubi
3484 1724 3667 1775 luctus

1966 1814 2021 1862 et
2048 1811 2310 1879 planctus
2350 1808 2636 1862 flebilibus
2665 1809 2898 1862 vocibus
2929 1809 3203 1863 debuerat
3238 1815 3505 1863 res‘onare
3563 1827 3669 1880 pro

1968 1898 2277 1951 amissione
2309 1897 2464 1950 chari
2518 1897 2754 1950 fratris?
2786 1899 2979 1950 Patres
3010 1898 3295 1967 siquidem
3343 1899 3560 1951 Veteris
3606 1916 3669 1952 ac

1966 1988 2106 2040 Novi
2161 1985 2511 2039 Testamenti
2561 1990 2774 2038 mortes
2822 1993 3149 2039 sanctorum
3208 1988 3463 2041 virorum
3524 1988 3667 2057 legi-

1966 2092 2094 2129 mus
2126 2076 2323 2128 multis
2355 2074 2414 2127 in
2462 2074 2600 2127 locis
2627 2090 2755 2127 cum
2816 2074 2953 2128 fletu
3005 2076 3327 2143 deplorasse
3359 2092 3371 2130 :
3405 2078 3464 2129 in
3507 2077 3667 2129 nullo

1966 2168 2159 2245 autem
2189 2165 2314 2217 loco
2345 2162 2443 2234 qui
2476 2179 2508 2215 a
2545 2163 2753 2216 saeculo
2786 2169 3135 2216 recesserant
3167 2166 3494 2217 exsultasse.
3526 2165 3667 2217 Nam

1962 2256 2016 2306 et
2087 2252 2254 2305 Iacob
2328 2251 2711 2321 patriarcham
2797 2251 2950 2304 flevit
3024 2256 3143 2305 tota
3238 2254 3507 2323 Egyptus
3567 2268 3667 2306 Lxx

1965 2340 2186 2394 diebus.
2220 2341 2285 2394 Et
2326 2341 2556 2411 Josepli,
2610 2343 2665 2392 et
2700 2339 2903 2392 fratres
2935 2339 3058 2409 ejus
3104 2355 3233 2393 cum
3278 2347 3501 2409 patrem
3568 2342 3666 2394 de-

1964 2428 2181 2482 ferrent
2232 2429 2288 2482 in
2345 2434 2557 2482 terram
2615 2428 2883 2482 Chanaan
2940 2428 3005 2482 ad
3040 2428 3455 2498 sepeliendum,
3519 2431 3664 2483 cele-

1964 2516 2192 2571 brantes
2216 2517 2511 2587 exsequias
2543 2517 2612 2571 ad
2641 2532 2831 2569 aream
2862 2516 3083 2582 Athael,
3113 2533 3237 2587 quae
3271 2516 3376 2571 sita
3398 2522 3481 2570 est
3510 2522 3668 2570 trans

1964 2607 2289 2671 Iordanem,
2340 2606 2573 2675 planctu
2624 2620 2832 2675 magno
2885 2610 3054 2674 atque
3102 2605 3427 2658 vehementi
3466 2605 3669 2675 imple-

1964 2700 2171 2748 verunt
2218 2711 2292 2747 vu
2342 2693 2480 2747 dies.
2558 2693 2768 2746 Tantus
2838 2699 3029 2746 autem
3092 2693 3198 2746 fuit
3259 2694 3538 2763 planctus,
3598 2700 3665 2747 ut

1967 2784 2121 2837 locus
2179 2782 2311 2837 inde
2339 2799 2553 2836 nomen
2583 2783 2883 2852 acciperet.
2934 2782 2999 2835 Et
3047 2782 3115 2835 de
3155 2782 3320 2835 beato
3377 2781 3666 2852 Stephano

1965 2872 2231 2941 legimus,
2265 2872 2420 2942 quod
2452 2870 2799 2940 sepelierunt
2830 2886 2984 2931 eum,
3021 2870 3137 2924 sive
3178 2873 3519 2923 curaverunt
3562 2870 3669 2924 viri

158 2946 287 2999 dam
322 2946 551 3009 bestias,
610 2950 666 2998 et
718 2944 775 2996 in
837 2960 1032 2997 eorum
1074 2943 1362 2996 consortio
1421 2944 1850 2996 adnumeratam
1888 2953 1928 3007 ρ
1965 2960 2243 3027 “morati,
2278 2965 2333 3013 et
2363 2959 2619 3013 fecerunt
2642 2961 2934 3029 planctum
2971 2975 3247 3029 magnum
3308 2975 3479 3027 super
3509 2975 3664 3013 eum.

159 3051 300 3101 esse,
336 3034 457 3087 haec
508 3032 636 3087 talis
666 3032 1014 3086 omnimodis
1044 3030 1228 3101 scopis
1261 3035 1543 3101 correpta,
1577 3046 1644 3084 ex
1690 3046 1857 3101 paro-

158 3124 286 3177 chia
308 3122 587 3191 ejiciatur.

160 3213 284 3266 CAP.
329 3210 485 3266 XXX.
520 3214 592 3264 De
620 3209 732 3263 illis
763 3209 859 3276 qui
887 3207 960 3260 ad
1011 3222 1137 3260 suas
1176 3209 1451 3260 vanitates
1497 3206 1857 3277 perﬁciendas

723 3279 983 3333 daemones
1019 3281 1286 3331 invocant.

226 3370 731 3440 (Empomitentiali
777 3368 931 3422 Bedae
970 3368 1317 3437 presbyteri.)
1370 3366 1702 3436 Quicunque
1752 3382 1857 3436 pro

160 3459 484 3512 curiositate
542 3458 888 3520 futurorum,
930 3455 1018 3508 vel
1073 3454 1459 3508 invocatorem
1507 3455 1853 3519 daemonum,

159 3548 243 3600 vel
276 3547 503 3600 divinos
530 3561 672 3616 quos
694 3544 943 3598 hariolos
973 3544 1287 3614 appellant,
1318 3544 1401 3595 vel
1432 3543 1721 3611 aruspices
1755 3544 1855 3611 qui

160 3635 402 3703 auguria
458 3635 758 3705 colligunt,
814 3633 1230 3698 consuluerint,
1310 3631 1498 3685 clerici
1554 3632 1623 3685 ab
1697 3632 1856 3684 omni

160 3724 349 3777 ofﬁcio
369 3723 594 3789 remoti,
619 3728 733 3775 tres
755 3737 953 3785 annos,
980 3721 1107 3775 laici
1133 3721 1275 3775 duos
1299 3736 1479 3774 annos
1517 3720 1851 3790 poeniteant.

162 3812 286 3867 Car.
317 3812 485 3867 XXXI.
509 3841 577 3852 —
608 3814 681 3866 De
709 3812 823 3865 illis
852 3812 947 3878 qui
966 3814 1229 3863 nocturna
1260 3811 1530 3877 sacriﬁcia
1558 3808 1856 3863 daemonum

798 3884 1201 3935 celebraverint.

232 3972 348 4039 (Ea:
423 3972 786 4041 paenitentiali
837 3971 1112 4039 Romano.)
1171 3969 1504 4040 Quicunque
1579 3972 1857 4023 nocturna

162 4060 439 4114 sacriﬁcia
497 4061 824 4114 diemonum
881 4059 1313 4124 celebraverint,
1372 4058 1459 4111 vel
1515 4057 1852 4111 incantatio-

159 4151 331 4203 nibus
363 4150 650 4203 dazmones
683 4164 1024 4219 quacunque
1075 4152 1192 4201 arte
1224 4146 1296 4201 ad
1330 4162 1433 4201 sua
1472 4151 1603 4200 vota
1640 4146 1855 4200 invita-

156 4238 366 4303 verint,
398 4242 513 4291 tres
542 4254 721 4291 annos
752 4236 1091 4307 poeniteant.

156 4327 285 4381 Car.
320 4328 517 4383 XXXII.
546 4357 611 4367 —
634 4329 707 4381 De
730 4328 840 4380 illis
872 4327 969 4395 qui
998 4324 1071 4378 ad
1100 4324 1316 4377 arbores
1342 4324 1425 4377 vel
1448 4323 1522 4377 ad
1549 4324 1723 4390 fontes
1750 4324 1854 4377 ali-

730 4412 839 4465 qua
868 4402 997 4450 vola
1027 4398 1287 4449 voverint.

226 4488 337 4555 (Ea:
365 4488 591 4541 concilio
621 4487 948 4555 Agathensi,
982 4487 1159 4553 capite
1190 4467 1265 4553 δῖ)
1300 4482 1779 4537 Perscrutandum
1808 4481 1855 4534 si

152 4576 363 4646 aliquis
393 4581 521 4629 vota
551 4575 618 4629 ad
650 4575 901 4637 arbores,
940 4574 1008 4627 ad
1037 4574 1243 4641 fontes,
1279 4572 1361 4628 vel
1393 4572 1463 4625 ad
1497 4571 1736 4640 lapides,
1762 4571 1849 4624 vel

152 4665 439 4735 quosdam
479 4663 643 4734 quasi
702 4663 771 4716 ad
807 4662 1006 4716 altaria
1052 4661 1240 4725 faciat,
1274 4666 1373 4713 aut
1419 4660 1501 4713 ibi
1557 4660 1852 4713 candelam

151 4770 255 4807 seu
293 4752 593 4824 quodlibet
636 4768 845 4806 munus
898 4751 1136 4815 deferat,
1196 4748 1374 4801 veluti
1428 4748 1505 4801 ibi
1567 4749 1852 4819 quoddam

151 4858 371 4896 numen
404 4842 494 4907 sit,
526 4842 680 4911 quod
715 4842 928 4895 bonum
960 4844 1058 4893 aut
1087 4840 1302 4892 malum
1333 4838 1511 4908 possit
1548 4838 1779 4894 inferre.

152 4932 289 4985 Car.
322 4931 547 4984 XXXIII.
580 4960 652 4968 —
685 4932 757 4983 De
788 4931 899 4983 illis
932 4930 1046 4996 qui,
1094 4926 1313 4995 quando
1353 4928 1480 4979 luna
1512 4925 1851 4993 obscuratur,

366 5004 623 5055 clamores
653 5016 776 5053 suos
793 5008 841 5054 et
869 5001 1133 5067 maleﬁcia
1154 5013 1253 5051 sua
1282 5000 1636 5051 em'ercuerint.

221 5091 332 5153 (Ea:
351 5090 574 5142 concilio
597 5090 898 5149 Arelatem,
942 5088 1117 5156 capite
1136 5086 1210 5156 5.)
1229 5086 1565 5155 Quicunque
1588 5099 1856 5137 exercue-

150 5175 267 5229 rint
298 5176 423 5241 hoc,
459 5178 687 5245 quando
746 5176 880 5228 luna
924 5175 1279 5239 obscuratur,
1333 5178 1394 5227 ut
1423 5189 1550 5227 cum
1583 5172 1854 5226 clamori—

149 5264 256 5316 bus
313 5262 431 5315 suis
484 5279 547 5315 ac
599 5262 892 5316 maleﬁciis
947 5267 1004 5315 et
1067 5262 1342 5330 sacrilego
1400 5277 1507 5314 usu
1567 5276 1624 5313 se
1685 5277 1851 5330 posse

150 5352 462 5406 defendere
484 5352 737 5416 credant,
772 5356 828 5405 et
858 5352 1188 5421 quicunque
1218 5350 1441 5403 divinos
1472 5354 1850 5420 praecantato-

149 5456 241 5493 res
271 5441 623 5510 phylacteria
646 5440 819 5494 etiam
845 5440 1144 5505 diabolica,
1174 5439 1259 5493 vel
1282 5438 1631 5492 characteres
1664 5437 1855 5492 diabo-

150 5529 314 5596 licos,
349 5529 435 5583 vel
466 5530 691 5594 herbas,
726 5530 812 5584 vel
852 5545 1033 5591 sucos,
1068 5528 1185 5581 suis
1230 5526 1318 5581 vel
1366 5525 1471 5580 sibi
1516 5524 1853 5595 impendere

1965 3049 2189 3102 Etideo
2218 3048 2348 3102 talis
2400 3049 2595 3119 inepta
2648 3047 2843 3101 lastitia
2896 3053 2953 3101 et
2990 3048 3262 3117 pestifera
3312 3049 3547 3113 cantica,
3598 3065 3665 3103 ex

1966 3138 2301 3192 auctoritate
2370 3138 2471 3191 Dei
2549 3137 2944 3190 interdicenda
2992 3142 3140 3190 sunt.
3201 3136 3259 3190 Si
3317 3137 3445 3207 quis
3476 3142 3666 3191 autem

1964 3232 2194 3282 cantare
2234 3226 2539 3291 desiderat,
2576 3226 2747 3296 Kyrie
2803 3225 3013 3279 eleison
3063 3230 3251 3279 cantet
3283 3242 3296 3279 :
3356 3226 3443 3279 sin
3483 3227 3665 3293 aliter,

1965 3316 2203 3370 omnino
2274 3319 2477 3369 taceat.
2539 3314 2638 3369 Sin
2698 3319 2887 3368 autem
2972 3319 3159 3370 tacere
3218 3331 3336 3369 non
3394 3315 3535 3382 vult,
3607 3315 3668 3369 in

1963 3404 2211 3459 crastino
2243 3403 2639 3475 apresbytero
2698 3404 2891 3458 taliter
2946 3408 3299 3469 coerceatur,
3360 3409 3423 3459 ut
3478 3404 3669 3459 caeteri

1964 3493 2230 3548 timeant.

2374 3580 2502 3633 CAP.
2532 3580 2717 3633 XXXV.
2751 3609 2819 3619 —
2861 3582 2935 3633 De
2964 3579 3147 3633 eadem
3172 3595 3249 3632 re.

2036 3668 2153 3733 (Ea:
2183 3668 2405 3721 concilio
2436 3666 2719 3729 Meldensi,
2744 3669 2921 3736 capite
2957 3670 3065 3734 l0.)
3100 3667 3316 3722 Placuit
3370 3668 3667 3738 prohiberi

1964 3772 2034 3810 ne
2057 3755 2286 3809 femina:
2312 3754 2371 3807 in
2402 3753 2729 3807 coemeterio
2744 3754 3106 3824 pervigilent,
3133 3772 3199 3809 eo
3223 3755 3376 3825 quod
3393 3773 3544 3828 saepe
3562 3758 3667 3812 sub

1962 3843 2199 3897 obtentu
2227 3841 2501 3896 orationis
2530 3846 2587 3896 et
2620 3842 2935 3913 religionis,
2968 3844 3212 3897 latenter
3250 3845 3464 3898 scelera
3519 3862 3669 3899 com-

1964 3932 2215 3986 mittant.

1964 4022 2092 4075 CAP.
2125 4020 2340 4074 XXXVI.
2365 4050 2433 4058 —
2456 4021 2527 4074 De
2552 4021 2814 4073 conviviis
2845 4035 2963 4087 quae
2986 4022 3123 4088 ﬁunt
3153 4022 3267 4074 ritu
3304 4037 3663 4091 paganorum.

2035 4112 2139 4177 (Ea:
2167 4110 2391 4162 concilio
2430 4108 2635 4175 Afric.,
2682 4110 2858 4177 capite
2904 4110 3013 4177 27.)
3057 4110 3199 4162 Illud
3241 4110 3411 4163 etiam
3460 4116 3665 4181 peten-

1967 4198 2127 4262 dum,
2159 4203 2224 4251 ut
2249 4197 2521 4267 quoniam
2562 4203 2761 4251 contra
2822 4203 3103 4268 praecepta
3165 4198 3359 4253 divina
3414 4199 3669 4254 convivia

1966 4286 2160 4340 multis
2209 4286 2269 4338 in
2326 4285 2463 4339 locis
2520 4290 2872 4352 exercentur,
2913 4302 3042 4356 quae
3102 4286 3171 4340 ab
3219 4303 3412 4341 errore
3464 4289 3666 4358 gentili

1967 4380 2204 4430 attracta
2259 4379 2411 4441 sunt,
2446 4374 2525 4428 ita
2571 4380 2628 4429 et
2690 4392 2842 4429 nunc
2875 4392 2903 4428 a
2958 4376 3193 4446 paganis
3235 4376 3542 4431 Christiani
3599 4378 3667 4432 ad

1966 4464 2089 4517 haec
2141 4463 2481 4517 celebranda
2530 4470 2831 4533 cogantur,
2899 4480 2965 4517 ex
3031 4481 3142 4535 qua
3192 4481 3251 4518 re
3310 4466 3667 4536 temporibus

1967 4552 2423 4607 Christianorum
2473 4551 2887 4622 imperatorum
2940 4554 3262 4623 persecutio
3314 4556 3493 4608 altera
3541 4555 3667 4609 fieri

1966 4643 2181 4695 occulta
2210 4640 2491 4708 videatur,
2544 4640 2725 4695 vetari
2781 4641 2913 4695 talia
2950 4642 3213 4711 jubeant.
3273 4650 3330 4696 ct
3377 4643 3446 4697 de
3478 4643 3668 4697 civita-

1966 4731 2120 4784 tibus
2172 4734 2227 4783 et
2283 4729 2740 4799 possessionibus
2807 4730 3070 4799 imposita
3123 4746 3293 4800 pcena
3351 4732 3663 4802 prohiberi,

1966 4817 2212 4871 maxime
2267 4834 2396 4871 cum
2469 4818 2645 4870 etiam
2712 4816 2774 4869 in
2830 4818 3113 4871 natalibus
3202 4818 3664 4873 beatissimorum

1966 4911 2283 4976 martyrum
2340 4921 2443 4976 per
2499 4906 2803 4959 nonnullas
2833 4905 3111 4975 civitates,
3146 4911 3201 4960 et
3251 4907 3309 4960 in
3356 4908 3497 4979 ipsis
3528 4909 3666 4964 locis

1965 4994 2138 5048 sacris
2202 4994 2339 5047 talia
2394 4994 2754 5048 committere
2810 5011 2926 5049 non
2993 4996 3391 5062 reformident,
3455 4997 3664 5066 quibus

1968 5083 2167 5138 diebus
2214 5086 2406 5135 etiam.
2462 5082 2614 5152 quod
2661 5083 2901 5153 pudoris
2950 5088 3033 5137 est
3087 5084 3295 5149 dicere,
3338 5083 3665 5138 saltationes

1966 5171 2429 5226 sceleratissimas
2483 5188 2587 5240 per
2644 5172 2793 5225 vicos
2856 5177 3029 5242 atque
3082 5172 3301 5241 plateas
3350 5180 3661 5241 exerceant,

1966 5266 2029 5313 ut
2066 5260 2400 5314 matronalis
2436 5260 2644 5328 honor,
2678 5266 2734 5314 et
2772 5259 3283 5314 innumerabilium
3315 5260 3660 5317 feminarum

1965 5349 2169 5420 pudor,
2204 5348 2403 5402 devote
2456 5348 2809 5402 venientium
2866 5348 2933 5402 ad
2984 5348 3431 5404 sacratissimum
3485 5351 3661 5417 diem,

1965 5435 2195 5506 injuriis
2253 5436 2666 5490 lascivientium
2738 5441 3063 5506 appetatur,
3121 5442 3187 5491 ut
3256 5440 3428 5494 etiam
3481 5440 3664 5511 ipsius

1971 5530 2181 5579 sanctae
2209 5524 2503 5593 religionis
2532 5541 2677 5594 pene
2708 5524 2962 5593 fugiatur
2995 5541 3271 5581 accessus.
