4028 6190
450 263 554 316 839

843 385 971 442 CAP.
1001 387 1332 442 XXXVII.—
1367 387 1444 441 De
1467 387 1650 441 eadem
1680 404 1756 442 re.

522 478 631 546 (Ea:
688 476 830 530 decr.
865 478 1054 530 Leonis
1083 478 1288 546 papa.)
1311 475 1366 530 Si
1394 475 1650 529 convivio
1682 479 1799 530 solo
1827 477 2152 547 gentilium,

449 569 506 617 et
530 565 672 618 escis
716 565 1103 618 immolaticiis
1165 565 1251 618 usi
1308 570 1460 629 sunt,
1519 571 1756 635 possunt
1798 566 2039 636 jejuniis
2097 573 2155 621 et

450 669 658 705 manus
690 652 1056 723 impositione
1106 653 1366 722 purgari,
1419 658 1481 706 ut
1530 654 1799 723 deinceps
1849 654 1919 708 ab
1966 655 2153 709 idolo-

448 739 609 793 thitis
668 741 1035 807 abstinentes,
1110 734 1594 794 sacramentorum
1665 741 1873 796 Christi
1934 743 2154 813 possint

449 845 570 882 esse
600 829 924 898 participes.
955 829 1010 883 Si
1039 833 1230 883 autem
1271 835 1367 882 aut
1400 830 1549 884 idola
1602 829 2006 896 adoraveruut,
2055 836 2151 885 aut

446 916 770 972 homicidiis
799 918 885 970 vel
945 917 1420 972 fornicationibus
1473 917 1844 972 contaminati
1875 923 2029 983 sunt,
2080 918 2148 972 ad

449 1006 915 1060 communionem
978 1022 1074 1059 eos
1105 1005 1214 1060 nisi
1253 1023 1356 1077 per
1408 1007 1802 1078 paenitentiam
1861 1007 2150 1078 publicam

451 1112 564 1150 non
595 1101 818 1166 oportet
834 1095 1080 1149 admitti.

451 1185 580 1239 CAP.
606 1185 878 1241 XXXVIII.
902 1216 970 1224 —
992 1187 1066 1240 Ne
1087 1184 1269 1253 ﬁdeles
1288 1187 1347 1238 in
1371 1187 1682 1240 cmmeteriis
1709 1185 1979 1255 prandere
1997 1200 2148 1256 prav-

523 1325 634 1394 (Ea:
666 1328 888 1381 concilio
939 1262 1443 1396 Braggarﬁlfnggzzt'te
1481 1329 1598 1395 70.)
1644 1327 1768 1380 Non
1798 1326 1963 1380 liceat
1987 1327 2145 1382 Chri-

447 1415 644 1471 stianis
698 1416 937 1486 prandia
969 1417 1040 1471 ad
1073 1417 1472 1472 defunctorum
1505 1417 1767 1488 sepulcra
1799 1417 2040 1486 deferre,
2091 1421 2150 1472 et

448 1505 765 1558 sacriﬁcare
792 1505 1051 1558 mortuis.

446 1596 574 1650 CAP.
608 1594 825 1649 XXXIX.
860 1624 925 1634 -—
960 1599 1031 1649 De
1057 1593 1170 1650 illis
1203 1598 1299 1663 qui
1316 1596 1612 1649 natationes
1643 1598 1888 1663 fecerint,
1922 1601 1976 1650 et
2013 1610 2068 1650 se
2088 1598 2145 1650 in

781 1667 986 1719 alienas
1015 1668 1222 1731 formas
1271 1669 1802 1732 trrms/‘ormaverint.

519 1755 626 1825 (Ea:
676 1754 875 1819 eodem,
944 1757 1120 1823 capite
1172 1755 1280 1822 80.)
1339 1755 1395 1809 Si
1451 1755 1579 1826 quis
1631 1756 1951 1809 balationes
2012 1759 2144 1808 ante

445 1843 709 1896 ecclesias
761 1847 1084 1895 sanctorum
1141 1842 1355 1909 fecerit,
1412 1859 1514 1896 seu
1569 1843 1669 1913 qui
1724 1844 1926 1898 faciem
1981 1860 2142 1897 suam

443 1929 936 1984 transformaverit
988 1929 1047 1982 in
1113 1928 1309 1983 habitu
1369 1930 1658 1996 muliebri,
1715 1935 1770 1984 et
1822 1930 2032 1984 mulier
2083 1930 2143 1984 in

443 2019 644 2074 habitu
703 2018 828 2084 viri,
889 2017 1291 2072 emendatione
1373 2018 1624 2088 pollicita
1682 2034 1739 2071 ιιι
1793 2035 1974 2072 annos
2025 2035 2140 2090 pce-

444 2108 645 2162 niteat.

446 2195 574 2250 CAP.
617 2197 810 2250 XL.—
864 2194 1020 2260 Quod
1075 2197 1465 2249 incantationes
1514 2199 1564 2249 et
1621 2197 1843 2263 magica
1885 2201 2030 2251 artes
2061 2197 2141 2250 la-

1033 2269 1158 2336 quei
1195 2266 1402 2319 diaboli
1426 2269 1554 2320 sint.

516 2355 624 2426 (Ea:
673 2354 834 2408 dictis
867 2354 1156 2422 Augusti.)
1197 2355 1556 2408 Admoneant
1597 2354 1916 2408 sacerdotes
1946 2353 2143 2409 ﬁdeles

444 2445 705 2515 populos,
743 2449 803 2496 ut
829 2443 1093 2497 noverint
1125 2443 1374 2513 magicas
1427 2448 1576 2496 artes
1608 2443 2141 2515 incantationesque

444 2532 794 2603 quibuslibet
871 2531 1305 2586 inﬁrmitatibus
1375 2531 1674 2584 hominum
1748 2531 1891 2584 nihil
1978 2548 2140 2602 posse

444 2621 686 2674 remedii
745 2619 1020 2687 conferre,
1110 2637 1224 2674 non
1311 2620 1654 2674 animalibus
1733 2620 2139 2690 languentibus

443 2708 992 2774 claudicantibusve,
1031 2707 1115 2761 vel
1174 2709 1345 2762 etiam
1401 2707 1759 2761 moribundis
1821 2707 2136 2778 quidquam

443 2797 686 2864 mederi,
745 2797 837 2850 sed
899 2797 1018 2850 haec
1076 2813 1197 2850 esse
1255 2797 1490 2866 laqueos
1545 2801 1598 2849 et
1638 2795 1873 2849 insidias
1916 2796 2138 2866 antiqui

449 2885 650 2954 hostis,
679 2885 891 2957 quibus
914 2885 1007 2938 ille
1038 2885 1291 2956 perﬁdus
1314 2901 1492 2955 genus
1522 2885 1839 2938 humanum
1873 2884 2136 2952 decipere

1539 263 1941 319 BUBCI‘IARDI
1982 264 2140 320 WOR
2153 263 2522 320 MACIENSIS
2559 263 2890 320 EPISCOPI.
3810 277 3892 327 Siti

2179 393 2226 445 Α
2265 389 2678 459 augurationes
2707 393 2764 444 et
2802 389 2923 461 ipsa
2972 405 3101 461 quae
3159 391 3423 447 dicuntur
3462 395 3679 448 oracula
3733 402 3784 450 et
3815 414 3893 452 ηε-

2263 480 2558 534 cromatia.

2691 566 2816 620 CAP.
2841 567 2996 620 XLII.
3039 596 3106 608 —
3133 569 3211 620 De
3241 570 3417 622 eadem
3446 585 3520 623 re.

2334 655 2452 723 (Em
2499 655 2663 710 dictis
2725 655 3005 725 ejusdem.)
3064 657 3172 710 Nec
3229 659 3439 711 mirum
3506 659 3572 712 de
3645 675 3892 730 magorum

2261 743 2586 814 praestigiis,
2615 759 2860 814 quorum
2888 744 2947 797 in
2977 749 3197 798 tantum
3240 746 3500 815 prodiere
3539 747 3892 804 maleﬁciorum

2262 838 2430 899 artes,
2480 839 2546 886 ut
2595 833 2769 886 etiam
2822 833 2958 887 Mosi
3013 834 3320 888 simillimis
3361 835 3540 905 signis
3598 837 3891 903 resisterent,

2259 926 2546 976 vertentes
2578 921 2766 991 virgas
2795 921 2854 974 in
2894 921 3186 988 dracones,
3237 939 3414 993 aquas
3465 923 3526 978 in
3584 927 3891 994 sanguinem,

2259 1027 2388 1064 cum
2425 1011 2608 1064 fertur
2654 1009 2825 1064 etiam
2857 1010 2918 1063 in
2957 1009 3254 1080 gentilium
3289 1012 3451 1065 libris
3491 1014 3638 1083 quod
3679 1015 3892 1084 quaedam

2259 1115 2430 1169 maga
2462 1098 2846 1153 famosissima
2875 1099 3032 1153 Circe
3091 1101 3272 1153 socios
3325 1100 3500 1155 Ulixis
3557 1104 3830 1156 mutaverit
3852 1107 3892 1158 in

2257 1188 2486 1242 bestias.
2521 1187 2757 1259 Legitur
2785 1194 2842 1241 et
2891 1188 2960 1241 de
3008 1189 3303 1252 sacriﬁcio,
3367 1190 3520 1260 quod
3551 1191 3774 1244 Arcades
3814 1193 3891 1245 deo

2257 1293 2361 1331 suo
2392 1277 2552 1331 Liceo
2583 1275 2981 1342 immolabant,
3022 1293 3089 1331 ex
3131 1294 3246 1348 quo
3278 1277 3605 1350 quicunque
3633 1287 3891 1347 sumerent,

2256 1366 2318 1421 in
2347 1366 2659 1420 bestiarum
2701 1366 2913 1420 formas
2944 1367 3436 1420 converterentur.
3460 1367 3565 1420 Sed
3595 1368 3709 1422 haec
3744 1371 3893 1422 omnia

2257 1453 2495 1524 magicis
2525 1453 2833 1524 praestigiis
2881 1452 3069 1524 potius
3101 1453 3491 1524 ﬁngebantur,
3541 1470 3706 1524 quam
3743 1471 3891 1509 rerum

2255 1543 2491 1597 veritate
2551 1541 2990 1611 complerentur.
3028 1543 3094 1596 Ut
3151 1558 3285 1613 ergo
3330 1543 3442 1611 ipsi
3497 1559 3709 1596 errores
3769 1545 3892 1613 igno-

2256 1633 2515 1686 rantibus
2549 1631 2833 1685 manifesti
2865 1631 3023 1694 ﬁant,
3058 1631 3126 1685 de
3161 1647 3362 1685 eorum
3394 1632 3730 1701 proprietate
3764 1640 3892 1703 atque

2259 1719 2653 1774 inventoribus
2708 1721 2869 1791 juxta
2929 1720 3294 1774 traditionem
3353 1721 3636 1790 majorum
3694 1722 3891 1792 primum

2255 1810 2443 1863 dicere
2476 1825 2793 1879 congruum
2820 1808 3184 1863 arbitramur.
3244 1809 3391 1878 Magi
3449 1815 3599 1877 sunt,
3631 1810 3723 1880 qui
3767 1813 3892 1881 vulgo

2255 1898 2502 1953 maleﬁci
2526 1898 2598 1951 ob
2647 1897 2960 1951 facinorum
3013 1897 3476 1967 magnitudinem
3523 1905 3889 1968 nuncupantur.

2256 1989 2322 2042 Hi
2380 1987 2663 2058 permissu
2732 1985 2830 2039 Dei
2918 1987 3200 2039 elementa
3282 1987 3636 2047 concutiunt,
3709 1987 3891 2039 turbant

2253 2082 2475 2130 mentes
2531 2075 2832 2129 hominum
2881 2074 3072 2128 minus
3131 2073 3546 2128 contidentium
3603 2074 3659 2128 in
3715 2075 3824 2140 Deo,
3847 2091 3891 2126 ac

2253 2165 2376 2218 sine
2407 2165 2525 2218 ullo
2568 2163 2772 2217 veneni
2821 2163 3045 2224 haustu,
3083 2163 3348 2216 violentia
3410 2168 3626 2217 tantum
3679 2162 3890 2215 carminis

2252 2253 2608 2307 interimunt.
2672 2251 2828 2305 Unde
2867 2255 2924 2304 et
2970 2251 3271 2304 Lucanus:
3326 2251 3484 2304 Mens
3535 2251 3710 2304 hausti
3771 2251 3891 2302 nulla

2253 2341 2412 2394 sanie
2458 2339 2680 2411 polluta
2730 2339 2955 2407 veneni,
3014 2338 3303 2392 incantata
3358 2339 3529 2408 perit.
3591 2338 3891 2392 Dmmonibns

2253 2430 2403 2484 enim
2437 2429 2629 2484 accitis
2681 2429 2890 2483 audent
2936 2428 3230 2493 ventilare,
3266 2433 3327 2480 ut
3377 2427 3635 2499 quisquis
3681 2443 3792 2480 suos
3815 2441 3890 2495 pe-

2252 2519 2424 2573 rimat
2478 2517 2643 2571 malis
2693 2517 2909 2570 artibus
2969 2516 3255 2570 inimicos.
3314 2515 3381 2570 Hi
3443 2516 3610 2569 etiam
3666 2516 3892 2582 sanguine

2250 2612 2514 2673 utuntur,
2549 2611 2602 2659 et
2639 2605 2882 2659 victimis
2921 2621 3069 2676 saepe
3119 2605 3466 2674 contingunt
3518 2620 3738 2674 corpora
3765 2617 3889 2655 mor-

2250 2702 2502 2750 tuorum.
2559 2694 2944 2749 Nccromantii
3008 2698 3143 2748 sunt
3194 2710 3446 2764 quorum
3513 2693 3893 2764 prmcationibus

2249 2784 2517 2838 videntur
2571 2783 2888 2837 resuscitati
2920 2782 3132 2836 mortui
3181 2782 3442 2836 divinare
3482 2789 3537 2835 et
3574 2782 3639 2836 ad
3691 2782 3893 2834 interro-

2250 2878 2382 2942 gata
2453 2871 2818 2942 respondere.
2889 2871 3096 2925 Necros
3170 2871 3345 2937 enim,
3434 2871 3620 2925 Graece
3664 2875 3892 2932 mortuus,

444 2975 666 3028 nititur,
698 2955 791 3027 Ἐι
849 2973 894 3026 εί
952 2955 1080 3044 quis
1111 2975 1232 3026 hinc
1256 2973 1594 3040 excycuerit,
1637 2973 1877 3026 clericus
1933 2974 2139 3044 degra-
2177 2957 2217 3011 C
2253 2959 2468 3014 mantia
2507 2959 2782 3013 divinatio
2840 2963 3227 3029 nuncupatur.
3289 2958 3372 3012 Ad
3412 2975 3557 3029 quos
3595 2955 3892 3010 suscitandas

442 3063 628 3125 detur,
655 3061 832 3116 laicus
861 3061 1393 3115 anathematizetur.

444 3151 571 3204 Car.
606 3151 735 3203 XLI.
766 3177 834 3187 —
888 3150 964 3218 De
1018 3149 1131 3201 illis
1181 3151 1277 3216 qui
1332 3150 1559 3201 salutem
1596 3163 1700 3201 non
1747 3164 1781 3201 a
1836 3149 2138 3218 Salvatore,

807 3217 902 3272 sed
930 3218 997 3270 ab
1036 3219 1152 3285 ejus
1190 3224 1441 3271 creatura
1464 3221 1770 3284 requirunt.

513 3307 775 3376 (August.
825 3307 882 3358 in
917 3305 1054 3358 libro
1092 3305 1157 3357 de
1202 3306 1432 3360 Civitate
1488 3307 1629 3371 Dei.)
1659 3305 1858 3358 Omnis
1909 3306 2138 3374 sapien-

442 3396 583 3450 tiaa
615 3393 857 3448 Domino
909 3394 1023 3447 Deo
1077 3399 1180 3458 est,
1225 3398 1280 3446 et
1325 3393 1474 3463 apud
1522 3393 1686 3446 illum
1736 3393 1841 3448 fuit
1888 3410 2135 3463 semper,

443 3491 501 3538 et
545 3489 630 3538 est
660 3488 791 3538 ante
826 3499 1030 3536 aevum.
1079 3485 1324 3536 Arenam
1377 3483 1549 3536 maris
1581 3488 1636 3535 et
1674 3483 1883 3552 pluviae
1925 3489 2132 3554 guttas,

441 3578 498 3626 et
527 3572 646 3627 dies
699 3570 887 3625 sieculi
921 3571 1048 3642 quis
1088 3571 1512 3625 dinumerabit?
1558 3570 1930 3625 Allitudinem
1987 3573 2135 3630 coeli.

442 3669 498 3716 et
567 3660 926 3715 latitudinem
984 3665 1169 3727 terrm,
1239 3665 1296 3714 et
1364 3659 1715 3730 profundum
1776 3660 1959 3730 abyssi
2010 3662 2136 3730 quis

441 3766 674 3805 mensus
715 3749 831 3802 est?
878 3748 1226 3820 Sapientiam
1288 3750 1386 3803 Dei
1433 3749 1852 3819 praecedentem
1919 3749 2132 3816 omnia,

441 3839 572 3910 quis
614 3839 1018 3909 investigabit?
1051 3838 1212 3892 Prior
1258 3837 1520 3891 omnium
1555 3843 1744 3891 creata
1788 3841 1872 3890 est
1904 3837 2136 3907 sapien-

438 3927 539 3993 tia,
573 3932 629 3982 et
674 3927 991 3981 intellectus
1024 3927 1346 3997 prudentiae
1393 3926 1462 3979 ab
1492 3942 1627 3980 sevo.
1663 3926 1810 3979 Fons
1839 3926 2134 3996 sapientiae

438 4015 687 4069 Verbum
719 4015 817 4068 Dei
854 4016 913 4068 in
954 4015 1203 4076 excelsis,
1251 4019 1307 4067 et
1337 4015 1628 4083 ingressus
1672 4013 1827 4067 illius
1866 4013 2137 4068 mandata

438 4109 669 4157 interna.
695 4102 802 4166 Qui
833 4103 985 4156 enim
1017 4102 1139 4155 sine
1169 4103 1456 4156 Salvatore
1478 4102 1722 4155 salutem
1763 4101 1882 4155 vult
1900 4102 2132 4169 habere,

437 4198 491 4245 et
522 4193 644 4245 sine
673 4207 805 4244 vera
857 4191 1138 4260 sapientia
1179 4191 1425 4244 aestimat
1483 4190 1826 4259 prudentem
1885 4206 1944 4243 se
2006 4190 2131 4244 ﬁeri

436 4297 620 4350 posse,
660 4295 775 4332 non
799 4295 969 4332 sanus
990 4280 1084 4332 sed
1132 4293 1305 4347 teger,
1347 4294 1460 4332 non
1487 4279 1739 4348 prudens
1769 4278 1866 4333 sed
1899 4280 2128 4347 stultus,

438 4369 495 4421 in
525 4367 866 4438 aegritudine
899 4367 1123 4420 assidua
1158 4367 1457 4432 laborabit,
1501 4371 1559 4420 et
1587 4367 1644 4420 in
1676 4367 1928 4421 caecitate
1964 4368 2132 4421 noxia

436 4458 644 4510 stultus
697 4459 755 4509 et
810 4455 1044 4509 demens
1092 4455 1469 4526 permanebit.
1517 4460 1594 4509 Ac
1650 4456 1888 4524 proinde
1939 4457 2130 4509 omnis

437 4543 756 4616 inquisitio,
789 4547 846 4597 et
870 4543 1057 4597 omnis
1091 4542 1308 4596 curatio
1359 4559 1486 4612 quae
1531 4559 1563 4596 a
1593 4543 1798 4597 divinis
1829 4548 1885 4596 et
1931 4545 2128 4613 magis,

433 4634 520 4687 vel
553 4633 624 4686 ab
663 4631 803 4702 ipsis
829 4631 1131 4686 daemoniis
1165 4631 1221 4684 in
1252 4631 1535 4685 idolorum
1567 4632 1786 4684 cultura
1818 4633 2128 4702 expetitur,

435 4737 587 4775 mors
616 4721 808 4792 potius
857 4720 1097 4774 dicenda
1128 4724 1227 4783 est,
1266 4736 1440 4791 quam
1472 4720 1602 4773 vita.
1641 4721 1702 4774 Et
1761 4722 1857 4790 qui
1918 4737 1982 4772 ea
2043 4737 2127 4773 se-

435 4816 682 4874 ctantur,
730 4809 777 4862 si
830 4826 888 4862 se
935 4825 1047 4863 non
1079 4809 1450 4872 correxerint,
1482 4809 1550 4861 ad
1611 4814 1885 4862 teteruam
1940 4809 2126 4878 perdi-

434 4901 650 4953 tionem
716 4899 981 4962 tendunt,
1064 4897 1359 4952 Psalmista
1439 4897 1716 4951 dicente:
1773 4896 1982 4950 Omnes
2050 4896 2128 4950 dii

435 4989 691 5058 gentium
725 4992 859 5040 sunt
912 4986 1212 5040 daemonia.
1243 4987 1350 5049 Qui
1399 5002 1502 5055 per
1548 4987 1813 5056 deceptos
1866 4985 2130 5038 homines

434 5078 572 5130 alios
605 5077 868 5146 decipere
908 5074 1168 5145 quotidie
1212 5074 1487 5142 gestiunt,
1536 5079 1598 5127 ut
1633 5073 1973 5144 perditionis
2011 5089 2128 5128 sum

433 5165 639 5218 faciant
674 5181 770 5218 eos
801 5180 920 5218 esse
975 5162 1296 5234 participes.
1332 5163 1528 5232 Itaque
1559 5163 1680 5216 haec
1725 5162 1945 5216 vanitas
2005 5177 2127 5215 ma-

434 5252 688 5320 gicarum
721 5253 951 5314 artium,
986 5269 1053 5306 ex
1093 5251 1405 5306 traditione
1436 5251 1772 5319 angelorum
1817 5251 2127 5318 malorum,

432 5339 492 5391 in
539 5343 659 5393 toto
689 5344 970 5394 terrarum
1003 5340 1141 5394 orbe
1200 5339 1465 5409 plurimis
1521 5339 1742 5392 saeculis
1797 5338 1974 5392 valuit
2024 5353 2129 5408 per

431 5427 743 5497 quamdam
800 5427 1094 5482 scientiam
1145 5426 1470 5482 futurorum
1526 5431 1584 5481 et
1629 5425 2012 5491 infernorum,
2072 5429 2130 5481 et

435 5531 542 5586 per
607 5515 966 5571 inventiones
1036 5532 1238 5572 eorum
1312 5516 1538 5570 iuventa
1620 5519 1756 5569 sunt
1820 5515 2126 5585 aruspicia,

2251 3048 2512 3103 cadaveri
2551 3048 2782 3117 sanguis
2840 3047 3124 3116 adjicitur.
3205 3047 3348 3100 Nam
3407 3062 3598 3100 amare
3656 3047 3893 3100 damoncs

2249 3137 2590 3207 sanguinem
2637 3135 2953 3190 dicuntur:
2986 3135 3231 3205 ideoque
3280 3135 3509 3204 quoties
3555 3131 3894 3188 Necromantia

2247 3225 2331 3289 ﬁt,
2365 3241 2532 3278 cruor
2587 3240 2752 3294 aquae
2799 3224 3093 3290 miscetur,
3125 3229 3181 3277 et
3233 3225 3426 3277 colore
3460 3222 3741 3293 sanguinis
3787 3220 3893 3274 faci-

2249 3315 2359 3368 lius
2413 3319 2818 3384 provocantur.
2876 3313 3276 3382 Hydromantii
3325 3313 3400 3366 ab
3452 3328 3601 3383 aqua
3649 3310 3893 3365 dictizest

2248 3403 2402 3456 enim
2473 3401 2871 3472 hydromantia
2940 3402 2998 3455 iu
3062 3417 3227 3470 aqua:
3310 3400 3660 3471 inspectione
3709 3397 3893 3452 umbras

2245 3491 2572 3546 daemonum
2608 3507 2867 3555 evocare,
2901 3496 2958 3544 et
2979 3491 3256 3559 imagines
3290 3488 3688 3544 ludiﬁcationis
3736 3501 3892 3540 eorum

2246 3581 2458 3645 videre;
2510 3579 2702 3650 ibique
2750 3579 2820 3632 ab
2871 3579 2953 3632 eis
3001 3579 3194 3649 aliqua
3245 3578 3471 3633 audire.
3536 3577 3637 3634 Ubi
3681 3575 3894 3630 adhibito

2245 3667 2547 3738 sanguine,
2575 3666 2788 3720 inferos
2820 3665 3195 3736 perhibentur
3225 3665 3521 3721 sciscitari.

2655 3755 2783 3810 CAP.
2830 3755 3009 3808 XLIII.
3035 3784 3104 3794 —
3135 3753 3217 3808 De
3244 3755 3432 3808 eadem
3453 3770 3528 3807 re.

2318 3842 2426 3912 (Ea:
2486 3841 2645 3896 dictis
2697 3841 2985 3911 ejusdem.)
3038 3841 3220 3910 Igitur
3271 3857 3457 3911 genus
3522 3837 3894 3894 divinationisa

2247 3931 2431 3984 Persis
2458 3930 2640 3984 fertur
2670 3930 2930 3984 allatum.
2987 3929 3157 3983 Varro
3186 3935 3379 3984 autem
3437 3929 3577 3984 dicit
3639 3926 3894 3981 divinatio-

2245 4021 2335 4075 nis
2364 4026 2614 4091 quatuor
2669 4035 2790 4072 esse
2841 4035 3096 4089 genera:
3148 4022 3380 4084 terram,
3431 4034 3656 4088 aquam,
3718 4028 3890 4074 aerem,

2245 4110 2302 4159 et
2352 4105 2566 4176 ignem.
2648 4104 2789 4157 Hinc
2852 4103 3258 4174 geomantiam,
3324 4102 3785 4174 liydromautiam,
3826 4114 3892 4148 ae-

2243 4193 2614 4260 romantiam,
2643 4193 3086 4262 pyromantiam,
3117 4191 3326 4245 dictam
3382 4197 3698 4245 autumant.
3745 4184 3888 4242 Divini

2246 4282 2382 4336 dicti
2410 4285 2562 4345 sunt,
2593 4279 2756 4351 quasi
2785 4281 2899 4334 Deo
2932 4281 3105 4351 pleni.
3153 4279 3444 4333 Diviuitati
3477 4279 3629 4332 enim
3660 4278 3829 4348 plenos
3845 4287 3886 4324 se

2245 4386 2365 4423 esse
2395 4370 2755 4436 assimulant,
2785 4375 2842 4423 et
2893 4368 3096 4422 astutia
3127 4368 3373 4437 quadam
3435 4367 3784 4421 fraudulenta
3817 4361 3886 4414 lio-

2244 4457 2495 4512 minibus
2527 4457 2720 4511 futura
2759 4460 3101 4526 conjectant.
3138 4457 3260 4510 Duo
3307 4461 3501 4509 autem
3549 4460 3677 4509 sunt
3717 4463 3881 4522 genera

2243 4545 2649 4600 divinationis:
2715 4561 2803 4599 ars
2856 4551 2913 4598 et
2967 4545 3144 4599 furor.
3204 4545 3592 4599 Incantatores
3628 4558 3748 4595 vero
3781 4534 3881 4593 dicli

2244 4641 2398 4703 sunt,
2431 4635 2530 4706 qui
2564 4637 2746 4688 artem
2778 4633 2964 4688 verbis
3007 4639 3312 4704 peragunt.
3345 4634 3524 4688 Arioli
3581 4631 3746 4685 vocati
3784 4629 3884 4680 sunt

2244 4729 2547 4794 propterea
2597 4723 2755 4794 quod
2807 4723 2955 4776 circa
3003 4739 3128 4777 aras
3177 4722 3467 4776 idolorum
3524 4720 3752 4776 nefarias
3796 4729 3887 4785 pre-

2243 4828 2334 4864 ces
2389 4811 2642 4866 enittunt
2695 4817 2752 4865 et
2817 4811 3042 4865 funesta
3089 4810 3365 4864 sacriﬁcia
3415 4811 3677 4873 oﬁ‘erunt,
3724 4806 3886 4872 hisque

2243 4900 2666 4954 celebritatibus
2717 4900 3048 4954 daemonum
3104 4915 3380 4969 responsa
3436 4897 3889 4968 accipiunt.Arns-

2245 4988 2427 5058 spicea
2538 4989 2893 5058 nuncupati,
2957 4991 3107 5053 sunt,
3198 4986 3364 5057 quasi
3470 4987 3728 5040 horarum
3820 4978 3887 5030 in-

2245 5079 2546 5145 spectores.
2631 5075 2761 5129 Dies
2827 5075 2982 5129 enim
3057 5078 3114 5128 et
3181 5075 3349 5128 horas
3407 5073 3470 5128 in
3535 5070 3753 5143 agendis
3807 5079 3885 5118 ne-

2243 5163 2414 5231 gotiis
2469 5162 2853 5234 operibusque
2915 5163 3299 5218 custodiunt:
3371 5161 3524 5232 quod
3580 5175 3676 5230 per
3733 5155 3888 5222 sing!»

2245 5252 2296 5303 la
2358 5255 2609 5322 tempora
2662 5250 2966 5306 observare
3031 5251 3237 5304 debeat
3279 5250 3454 5304 homo
3503 5245 3804 5302 intendunt.
3837 5236 3885 5291 Ili

2245 5340 2416 5393 etiam
2472 5345 2598 5394 exta
2640 5339 2924 5410 pecudum
2978 5338 3312 5410 inspiciunt,
3361 5343 3419 5391 et
3489 5352 3556 5390 ex
3604 5334 3680 5388 eis
3729 5331 3886 5385 futura

2247 5427 2580 5497 priedicunt.
2605 5431 2867 5498 Augures
2904 5433 3054 5494 sunt,
3088 5427 3187 5499 qui
3215 5427 3439 5480 volatus
3469 5425 3652 5479 avium
3680 5425 3731 5474 et
3752 5428 3885 5469 voces

2247 5515 2578 5585 intendunt,
2628 5517 2857 5588 aliaque
2902 5516 3067 5588 signa
3124 5531 3319 5570 rerum
3363 5514 3449 5569 vel
3510 5504 3882 5567 observationes
