3972 6192
118 336 229 387 Sil

1108 330 1585 388 DECRETOBUM
1628 331 1816 386 LIBRI
1854 331 1961 386 XX.
2006 359 2071 371 —
2112 331 2316 387 LIBER
2359 331 2681 389 DECIMUS.

3534 338 3639 393 842

117 455 477 527 improvises
500 453 834 509 hominibus
888 459 1252 507 occurrentes
1290 454 1501 508 ferunt.
1562 455 1720 509 Idem
1774 460 1829 509 et
1858 458 1905 509 A
1945 459 2117 508 testas
2142 455 2457 510 immundis
2496 456 2807 526 spiritibus,
2856 462 2923 511 ut
2949 473 3185 527 pervasa
3213 459 3322 513 sibi
3351 466 3506 531 apta,
3534 462 3641 515 hoc

118 546 415 615 auspices.
464 545 605 597 Nam
639 548 694 596 et
734 541 988 612 auspicia
1026 546 1177 607 sunt,
1242 557 1371 612 qua:
1413 543 1521 596 iter
1563 543 1834 596 facientes

118 635 455 688 observant.
506 633 661 686 Dicta
713 637 905 685 autem
959 635 1092 684 sunt
1140 632 1390 700 auspicia
1438 630 1833 701 quasi'avium

121 721 374 792 aspicia,
435 724 490 773 et
547 719 791 787 auguria
844 718 1008 789 quasi
1057 718 1249 771 avium
1303 719 1495 788 garria
1572 719 1680 772 hoc
1724 723 1829 783 est,

122 810 331 864 avium
360 824 521 862 voces
552 813 610 862 et
644 807 876 877 linguae.
920 807 1043 860 Jam
1086 806 1395 875 augurium
1437 807 1604 877 quasi
1639 806 1833 875 avige-

121 898 313 962 rium,
347 894 499 966 quod
550 910 681 948 aves
728 896 958 963 gerunt.
1019 893 1139 945 Duo
1192 897 1381 945 autem
1439 896 1571 945 sunt
1624 907 1837 962 genera
1900 892 1907 897 ’

121 984 574 1055 auspiciorum:
614 998 797 1036 unum
855 981 922 1035 ad
970 980 1187 1046 oeulos,
1241 983 1486 1035 alterum
1544 981 1617 1034 ad
1671 996 1836 1034 aures

120 1074 447 1144 pertinens.
492 1072 577 1125 Ad
608 1071 805 1124 oculos
861 1069 1072 1123 scilicet
1122 1069 1346 1123 volatus
1380 1086 1392 1123 :
1426 1070 1496 1123 ad
1535 1085 1701 1123 aures
1731 1085 1836 1122 vox

127 1162 350 1216 avium.
390 1160 721 1215 Pithonissae
753 1176 782 1212 a
808 1159 992 1213 Pithio
1020 1158 1347 1227 Appollinze
1379 1158 1566 1225 dictae,
1599 1158 1756 1229 quod
1788 1158 1838 1211 is

128 1256 338 1306 auctor
366 1250 538 1305 fuerit
570 1248 884 1303 divinandi.
918 1248 1206 1318 Astrologi
1238 1248 1373 1302 dicti
1404 1254 1537 1301 sunt
1585 1265 1652 1302 eo
1684 1249 1838 1319 quod

129 1341 192 1395 in
256 1340 425 1393 astris
490 1342 862 1409 augurantur.
942 1337 1295 1391 Genethliaci
1378 1337 1649 1407 appellati
1706 1341 1841 1391 sunt

129 1434 377 1500 propter
405 1428 807 1482 nataliciorum
834 1426 1321 1480 considerationes
1352 1425 1597 1479 dierum.
1651 1426 1839 1480 Gene-

132 1535 223 1571 ses
256 1518 413 1572 enim
448 1516 751 1571 hominum
779 1531 882 1586 per
918 1516 1011 1569 XII
1045 1515 1205 1585 signa
1239 1514 1365 1568 coeli
1414 1514 1836 1581 describuntur,

133 1606 507 1676 siderumque
566 1620 785 1668 cursus,
854 1603 1209 1656 nascentium
1287 1619 1495 1669 mores,
1564 1608 1719 1656 actus
1785 1609 1841 1657 et

133 1700 375 1750 eventus
404 1694 714 1765 praedicare
744 1696 1046 1758 conantur,
1080 1692 1136 1745 id
1165 1695 1268 1759 est,
1302 1693 1448 1763 quis,
1484 1692 1640 1763 quali
1673 1692 1838 1762 signo
1872 1729 1908 1780 Β

132 1784 311 1839 fuerit
363 1787 556 1849 natus,
607 1786 705 1835 aut
751 1796 923 1851 quem
974 1779 1237 1834 eﬁ‘ectum
1284 1780 1493 1834 habeat
1542 1781 1673 1834 vitta
1729 1782 1829 1852 qui

131 1874 393 1928 nascitur
429 1871 899 1941 interpretantur.
944 1870 1012 1925 Hi
1063 1875 1198 1923 sunt
1247 1870 1346 1940 qui
1391 1870 1564 1940 vulgo
1608 1871 1827 1925 mathe-

130 1962 329 2016 matici
360 1965 652 2015 vocantur.
687 1959 861 2029 Cujus
891 1958 1310 2029 superstitionis
1350 1974 1532 2027 genus
1582 1958 1831 2012 constel-

132 2052 383 2105 Iationes
426 2049 608 2105 Latini
647 2054 874 2117 vocant,
924 2048 981 2101 id
1042 2052 1145 2114 est,
1190 2046 1518 2101 notationes
1556 2047 1829 2113 siderum,

129 2140 425 2211 quomodo
452 2156 510 2192 se
540 2138 791 2192 habeant
818 2153 947 2191 cum
982 2135 1227 2207 quisque
1266 2136 1537 2190 nascitur.
1576 2136 1831 2189 Primum

134 2234 329 2283 autem
382 2228 533 2282 idem
586 2228 878 2280 stellarum
935 2225 1276 2295 interpretes
1331 2224 1488 2294 magi
1545 2240 1834 2295 nuncupa-

137 2318 372 2385 bantur,
407 2316 551 2370 sicut
580 2315 649 2370 de
679 2315 767 2369 his
797 2314 1007 2385 legitur
1054 2313 1153 2383 qui
1200 2313 1259 2367 in
1292 2313 1596 2384 Evangelio
1634 2319 1833 2366 natum

136 2406 431 2460 Christum
481 2404 992 2458 annunciaverunt.
1046 2403 1251 2456 Postea
1293 2401 1401 2454 hoc
1448 2400 1681 2455 nomine
1729 2399 1833 2453 soli

135 2492 533 2548 mathematici
574 2491 710 2546 dicti
768 2496 921 2557 sunt,
970 2491 1138 2561 cujus
1187 2490 1325 2543 artis
1373 2489 1608 2543 scientia
1655 2504 1835 2559 usque

134 2585 206 2638 ad
240 2581 617 2651 Evangelium
647 2579 758 2633 fuit
782 2594 1064 2645 concessa,
1090 2582 1171 2644 ut,
1202 2577 1427 2634 Christo
1458 2577 1631 2643 edito,
1663 2592 1834 2630 nemo

134 2672 345 2726 exinde
376 2669 731 2723 nativitatem
787 2667 1029 2737 alicujus
1081 2666 1152 2720 de
1200 2665 1342 2719 coelo
1395 2664 1830 2733 interpretetur.

136 2758 454 2828 Horoscopi
489 2756 625 2812 dicti
668 2760 820 2817 sunt,
880 2754 1034 2825 quod
1080 2754 1249 2807 horas
1289 2752 1603 2806 nativitatis
1644 2752 1832 2806 homi-

131 2864 277 2902 num
310 2847 767 2918 specularentur,
818 2842 1082 2898 dissimili
1130 2846 1185 2895 et
1232 2841 1455 2895 diverso
1486 2841 1619 2895 fato.
1655 2841 1833 2896 Sorti-

129 2937 249 3007 legi
288 2940 445 3002 sunt,
480 2934 579 3006 qui
608 2934 713 2988 sub
740 2933 973 2987 nomine
1003 2931 1150 2985 ﬁctae
1178 2930 1495 3000 religionis,
1530 2946 1634 2999 per
1661 2946 1833 3001 quas-

132 3026 268 3080 dam
339 3040 482 3095 quas
540 3027 867 3076 sanctorum
934 3025 1113 3075 sortes
1176 3023 1404 3087 vocant,
1467 3018 1835 3073 divinationis
1868 3010 1907 3064 C

128 3113 436 3167 scientiam
488 3111 852 3181 proﬁtentur,
906 3113 1005 3163 aut
1062 3123 1541 3179 quarumcunque
1596 3108 1835 3178 scriptu-

126 3218 333 3256 rarum
365 3199 617 3253 scientiae
643 3198 1002 3269 inspectione
1050 3198 1242 3251 futura
1270 3197 1631 3267 promittunt.
1683 3197 1834 3253 Sali-

125 3298 352 3345 satores
383 3287 564 3343 vocati
603 3293 737 3342 sunt
770 3303 783 3341 :
818 3288 954 3358 quia
981 3286 1118 3340 dum
1160 3285 1242 3339 eis
1274 3285 1643 3340 menbrorum
1675 3302 1834 3358 qua:-

125 3393 364 3450 cunque
394 3381 582 3448 partes
611 3376 888 3443 salierint,
941 3374 1158 3446 aliquid
1213 3373 1321 3428 sibi
1353 3374 1558 3429 exinde
1589 3391 1833 3447 prospe-

123 3484 262 3522 rum
294 3483 398 3520 seu
426 3466 587 3519 triste
618 3464 929 3535 signiﬁcari
961 3462 1299 3534 praedicunt.

124 3575 264 3629 Cir.
296 3572 481 3628 XLIV.
508 3601 577 3610 -—
620 3574 694 3625 De
739 3571 1130 3625 execrabilibus
1164 3568 1420 3623 remediis
1468 3585 1586 3637 qua
1639 3569 1835 3624 medici

490 3641 604 3697 suis
624 3645 682 3695 in
700 3642 1218 3711 praecantationibus
1242 3642 1475 3707 faciunt.

200 3734 315 3798 (Ea:
340 3731 503 3786 dictis
532 3731 816 3801 ejusdem.)
848 3731 933 3785 Ad
966 3732 1089 3785 haec
1119 3728 1313 3785 omnia
1346 3728 1670 3799 supradicta
1700 3744 1830 3799 per-

124 3823 325 3876 tinent
375 3825 433 3874 et
482 3820 745 3890 ligaturre
782 3819 1213 3874 exsecrabilium
1267 3818 1656 3876 remediorum
1703 3833 1833 3888 quae

126 3927 221 3964 ars
285 3909 639 3963 medicorum
696 3909 1080 3976 commendat,
1140 3926 1242 3965 seu
1304 3910 1367 3963 in
1431 3905 1832 3978 prtecantatio-

128 3999 328 4066 nibus,
362 4013 462 4051 seu
490 3997 548 4051 in
581 3997 961 4051 caracteribus
991 3998 1077 4051 vel
1106 3998 1168 4052 in
1192 3999 1630 4068 quibuscunque
1663 3995 1833 4049 rebus

126 4086 555 4157 suspendendis
585 4090 758 4156 atque
784 4086 1049 4155 ligandis.
1078 4088 1142 4141 In
1173 4088 1381 4159 quibus
1412 4084 1682 4140 omnibus
1743 4100 1834 4137 ars

124 4175 468 4229 daemonum
497 4178 597 4238 est,
632 4188 699 4227 ex
730 4173 977 4244 quadam
1009 4175 1275 4244 pestifera
1323 4174 1590 4229 societate
1646 4171 1834 4226 homi-

122 4280 275 4318 num
316 4269 377 4318 et
424 4263 762 4333 angelorum
815 4262 1100 4316 malorum
1160 4268 1370 4319 exorta.
1424 4262 1585 4317 Unde
1633 4264 1834 4315 cuncta

124 4351 367 4405 vitanda
423 4359 557 4403 sunt
614 4348 954 4416 Christiano,
987 4354 1043 4404 et
1080 4352 1241 4405 omni
1289 4351 1522 4422 penitus
1579 4364 1832 4403 exsecra-

124 4441 296 4495 tione
328 4438 703 4509 repudianda,
746 4442 917 4508 atque
962 4439 1304 4493 damnanda.
1354 4437 1612 4508 Auguria
1643 4441 1833 4490 autem

125 4532 275 4583 sunt
304 4528 517 4582 avium.
552 4528 681 4580 Haec
709 4530 902 4580 autem
960 4527 1209 4598 Phryges
1237 4527 1410 4599 primi
1466 4527 1831 4579 invenerunt.

126 4616 502 4686 Prestigium
567 4631 700 4669 vero
767 4615 1074 4669 Mercurius
1132 4616 1352 4686 primus
1421 4613 1629 4668 dicitur
1676 4612 1835 4666 inve-

127 4708 310 4760 nisse.
351 4704 576 4757 Dictum
627 4707 819 4756 autem
858 4702 1242 4772 praestigium,
1276 4702 1428 4773 quod
1472 4699 1838 4771 praestringat

123 4796 321 4849 aciem
356 4793 674 4846 oculorum.
717 4791 1120 4861 Aruspicinam
1152 4796 1332 4845 artem
1373 4790 1593 4862 primus
1626 4788 1834 4842 Hetru-

124 4884 245 4938 scis
274 4880 576 4936 tradidisse
608 4879 817 4934 dicitur
846 4878 1082 4949 quidam
1113 4879 1361 4950 Strages.
1423 4878 1527 4933 Hic
1570 4893 1633 4931 ex
1684 4874 1838 4931 horis

124 4970 527 5040 aruspicinam
560 4968 811 5035 dictavit,
859 4972 915 5021 et
965 4972 1165 5037 postea
1191 4984 1307 5023 non
1360 4965 1645 5037 apparuit.
1696 4965 1837 5018 Nam

121 5060 348 5115 dicitur
375 5058 650 5122 fabulose,
688 5060 884 5109 arante
925 5056 1175 5126 quodam
1213 5055 1427 5110 rustico
1467 5053 1654 5107 subito
1685 5052 1839 5105 hunc

116 5166 195 5204 ex
231 5147 415 5215 glebis
446 5145 734 5212 exiluisse,
777 5150 834 5198 et
863 5145 1253 5215 aruspicinam
1286 5144 1550 5209 dictasse,
1588 5156 1701 5211 qua
1746 5140 1838 5193 die

118 5243 185 5292 et
237 5240 504 5289 mortuus
558 5237 661 5287 est.
730 5232 880 5297 Quos
926 5232 1106 5286 libros
1166 5230 1412 5287 Romani
1464 5246 1533 5284 ex
1568 5231 1840 5284 Hetrusca

114 5326 339 5394 lingua
372 5323 431 5376 in
461 5320 761 5391 propriam
802 5323 1194 5373 mutaverunt.
1244 5319 1339 5372 liis
1370 5333 1508 5388 ergo
1535 5316 1837 5387 portentis,

118 5428 242 5485 per
273 5410 631 5465 demonium
656 5407 939 5462 fallaciam
963 5407 1227 5463 illuditur
1246 5405 1549 5460 curiositas
1565 5404 1839 5471 humana,

118 5499 377 5574 quando
405 5498 464 5553 id
507 5495 879 5568 impudenter
921 5500 1204 5566 appetunt
1260 5495 1423 5559 scire,
1478 5493 1632 5564 quod
1684 5492 1843 5546 nulla

116 5589 365 5646 ratione
395 5587 477 5641 eis
507 5584 785 5656 competit
826 5585 1196 5656 investigare.
1242 5584 1321 5638 Ac
1371 5581 1500 5636 ideo
1548 5581 1718 5638 datur
1743 5596 1841 5653 po-

505 5694 774 5759 PATROL.
830 5692 1000 5756 CXL.

1945 549 2030 597 est
2077 560 2280 614 pravos
2332 545 2616 612 homines,
2672 545 2945 599 seducant
3010 547 3138 601 illos
3193 549 3293 619 qui
3361 554 3643 619 spernunt

1944 632 2240 687 veritatem
2272 637 2327 686 et
2356 633 2595 687 credunt
2641 634 2963 702 mendacio,
3011 639 3067 688 et
3092 636 3255 705 juxta
3296 638 3456 691 Pauli
3504 653 3641 691 sen-

1942 721 2183 776 tentiam
2235 737 2249 776 :
2303 724 2513 775 Sanam
2558 722 2876 776 doctrinam
2940 738 3057 777 non
3099 724 3487 794 sustinebunt,
3541 725 3641 780 sed

1944 811 2015 864 ad
2072 826 2175 863 sua
2223 809 2504 863 desideria.
2544 810 2960 864 coacervabunt
2986 811 3093 865 sibi
3139 813 3442 882 magistros
3494 830 3639 883 pru-

1944 900 2155 954 rientes
2181 899 2435 965 auribus,
2468 904 2525 953 et
2571 916 2604 953 a
2650 899 2885 952 veritate
2916 899 3149 969 quidem
3179 902 3441 956 auditum
3468 918 3637 957 ever--

1945 992 2089 1056 tant,
2121 989 2193 1042 ad
2238 988 2461 1042 fabulas
2506 992 2700 1041 autem
2749 992 3174 1043 convertentur.
3229 989 3465 1045 Onerati
3512 1007 3640 1061 pec-

1944 1078 2105 1144 catis,
2138 1077 2426 1131 ducuntur
2469 1075 2641 1130 variis
2691 1075 3008 1142 desideriis,
3062 1093 3290 1148 semper
3333 1079 3635 1147 discentes,

1946 1173 2003 1222 et
2060 1181 2358 1237 nunquam
2413 1165 2480 1219 ad
2551 1165 2851 1219 scientiam
2903 1165 3158 1219 veritatis
3216 1167 3635 1237 pervenientes.

1946 1254 2441 1321 Quemadmodum
2490 1258 2681 1307 autem
2741 1254 2970 1307 Jamnes
3024 1259 3081 1308 et
3133 1256 3409 1310 Mambres
3468 1255 3636 1309 resti-

1946 1349 2138 1398 terunt
2182 1343 2336 1409 Mosi,
2391 1342 2471 1396 ita
2519 1346 2577 1396 et
2614 1341 2710 1395 isti
2766 1342 3038 1396 resistunt
3080 1343 3328 1409 veritati,
3376 1344 3640 1398 homines

1947 1432 2202 1502 corrupti
2231 1435 2441 1496 mente,
2472 1429 2704 1500 reprobi
2757 1429 2909 1483 circa
2948 1428 3142 1497 ﬁdem,
3192 1432 3291 1485 sed
3347 1433 3496 1486 ultra
3522 1450 3639 1486 non

1948 1520 2267 1592 proﬁcient.
2326 1516 2661 1588 [nsipientia
2710 1515 2866 1570 enim
2916 1533 3113 1570 eorum
3185 1518 3484 1573 manifesta
3532 1520 3638 1573 erit

1950 1609 2239 1673 omnibus,
2276 1607 2420 1661 sicut
2444 1610 2501 1660 et
2546 1606 2781 1658 illorum
2830 1604 2959 1658 fuit.
2994 1602 3123 1659 'Nec
3154 1605 3281 1660 ideo
3333 1608 3638 1678 quisquam

1951 1700 2182 1754 credere
2244 1696 2433 1760 debet,
2521 1693 2778 1764 quolibet
2844 1694 3079 1763 magicis
3138 1694 3358 1749 artibus
3421 1697 3641 1767 aliquid

1941 1796 2126 1851 facere
2156 1802 2341 1858 posse,
2368 1783 2489 1837 sine
2511 1782 2796 1853 permissu
2813 1782 2936 1849 Dei,
2961 1782 3059 1852 qui
3092 1783 3285 1837 omnia
3316 1800 3443 1853 quae
3470 1783 3638 1847 ﬁunt,

1942 1886 2044 1935 aut
2075 1880 2231 1950 justo
2274 1872 2493 1944 judicio
2530 1870 2683 1937 facit,
2739 1876 2838 1924 aut
2893 1870 3180 1940 permissu
3240 1888 3343 1926 suo
3390 1871 3472 1926 ita
3517 1873 3643 1928 ﬁeri

1940 1969 2093 2025 sinit.
2128 1964 2290 2030 Quod
2347 1960 2603 2033 praedicti
2660 1959 2814 2030 magi
2867 1961 3142 2030 leguntur
3179 1960 3391 2015 similia
3442 1960 3642 2017 fecisse

1941 2057 2105 2125 Mosi,
2147 2052 2247 2125 qui
2281 2052 2501 2121 virgam
2533 2064 2695 2102 suam
2725 2048 2985 2118 projecit,
3037 2053 3093 2102 et
3130 2065 3402 2104 conversa
3449 2054 3535 2105 est
3581 2051 3640 2105 in

1942 2147 2273 2209 draconem,
2301 2139 2785 2210 projeceruntque
2841 2136 2951 2206 ipsi
2998 2136 3213 2206 singuli
3257 2137 3445 2207 virgas
3488 2154 3640 2204 suas,

1943 2249 2068 2304 quae
2117 2245 2294 2285 versae
2343 2231 2475 2282 sunt
2533 2226 2594 2279 in
2654 2224 2948 2289 dracones,
2999 2225 3096 2279 sed
3143 2224 3440 2278 devoravit
3481 2226 3643 2296 virga

1942 2328 2131 2377 Aaron
2187 2318 2374 2387 virgas
2427 2329 2647 2369 eorum.
2704 2315 2826 2368 Non
2884 2328 3021 2383 ergo
3072 2313 3306 2367 fuerunt
3363 2320 3641 2369 creatores

1944 2414 2278 2474 draconum,
2313 2420 2417 2458 nec
2446 2402 2620 2473 magi,
2654 2417 2760 2456 nec
2802 2402 2996 2471 angeli
3047 2401 3205 2467 mali,
3236 2402 3445 2472 quibus
3479 2404 3645 2457 mini-

1944 2499 2071 2552 stris
2102 2497 2201 2551 illa
2232 2493 2643 2565 operabantur.
2688 2490 2887 2544 Insunt
2929 2488 3083 2542 enim
3133 2490 3303 2544 rebus
3352 2490 3643 2561 corporeis

1942 2603 2045 2657 per
2076 2583 2270 2639 omnia
2302 2582 2584 2635 elementa
2605 2578 2811 2632 mundi
2838 2577 3103 2648 quadam
3133 2579 3368 2633 occultas
3389 2580 3644 2634 semina-

1944 2677 2043 2730 ria:
2062 2674 2332 2737 rationes,
2356 2670 2565 2741 quibus
2586 2684 2715 2722 cum
2737 2667 2869 2721 data
2901 2666 3073 2720 fuerit
3094 2668 3493 2738 opportunitas
3508 2674 3645 2724 tem-

1943 2762 2157 2835 poralis
2188 2765 2358 2830 atque
2388 2756 2650 2822 causalis,
2676 2759 3063 2827 prorumpunt
3093 2755 3152 2809 in
3180 2757 3396 2826 species
3425 2757 3645 2813 debitas

1944 2852 2060 2906 suis
2092 2848 2279 2904 modis
2304 2852 2362 2901 et
2389 2845 2620 2901 ﬁnibus.
2647 2845 2715 2898 Et
2751 2843 2831 2897 sic
2856 2860 2970 2897 non
3001 2843 3270 2899 dicuntur
3297 2846 3511 2916 angeli,
3542 2847 3644 2918 qui

1944 2940 2054 2994 ista
2087 2938 2303 2993 faciunt
2332 2934 2671 2990 animalium
2699 2936 3005 2999 creatores,
3039 2933 3184 2987 sicut
3220 2950 3324 2988 nec
3378 2935 3645 3004 agricola:

1945 3032 2223 3100 segetum,
2255 3025 2343 3078 vel
2374 3023 2669 3086 arborum,
2692 3021 2782 3075 vel
2800 3021 3357 3091 quorumcunquein
3389 3026 3543 3077 terra
3557 3024 3644 3091 gi-

1945 3115 2248 3188 gnentium
2301 3117 2585 3167 creatores
2632 3109 2860 3164 dicendi
2896 3115 3049 3177 sunt,
3084 3111 3343 3181 quamvis
3380 3112 3648 3167 noverint

1943 3205 2202 3277 praebere
2227 3200 2506 3273 quasdam
2534 3198 2789 3252 visibiles
2819 3199 3281 3270 opportunitates
3309 3204 3365 3253 et
3422 3216 3641 3267 causas,

1943 3300 2008 3350 ut
2032 3294 2130 3349 illa
2158 3296 2485 3346 nascantur.
2518 3287 2679 3352 Quod
2710 3291 2907 3341 autem
2944 3287 3038 3341 isti
3068 3287 3288 3342 faciunt
3322 3288 3644 3354 visibiliter,

1943 3386 2051 3439 hoc
2081 3381 2165 3436 illi
2195 3378 2576 3434 invisibiliter.
2614 3377 2761 3430 Deus
2781 3392 2915 3430 vero
2947 3376 3102 3429 solus
3133 3393 3281 3431 unus
3311 3383 3535 3432 creator
3564 3384 3649 3433 est

1944 3471 2044 3543 qui
2071 3485 2270 3524 causas
2302 3468 2453 3538 ipsas
2496 3470 2554 3520 et
2600 3465 2851 3519 rationes
2903 3465 3241 3519 seminaries
3283 3466 3455 3520 rebus
3481 3466 3638 3521 inse-

1943 3559 2075 3614 ruit.
2106 3560 2385 3612 Praeterea
2415 3553 2650 3625 quidam
2695 3552 3073 3622 quarendum
3096 3556 3324 3622 putant,
3354 3556 3646 3619 quomodo

1942 3646 2239 3717 Scriptura
2270 3646 2465 3697 narret
2523 3639 2903 3694 Pithonissam
2933 3640 3258 3695 Samuelem
3302 3643 3645 3712 prophetam

1942 3735 2250 3791 suscitasse
2304 3730 2377 3785 ad
2426 3728 2779 3799 colloquium
2829 3728 2962 3783 Saul
3012 3728 3338 3798 impiissimi
3397 3730 3569 3800 regis,
3596 3731 3645 3784 si

1945 3822 2249 3882 Pithonica
2282 3818 2578 3885 divinatio,
2636 3817 2819 3871 errori
2871 3817 3109 3887 magicae
3149 3818 3289 3871 artis
3319 3819 3648 3890 deputanda

1944 3915 2037 3971 sit.
2087 3913 2306 3979 Quibus
2350 3910 2429 3964 ita
2459 3905 2797 3977 responderi
2822 3910 3035 3976 potest,
3067 3904 3376 3976 indignum
3407 3907 3646 3961 omnino

1942 4003 2165 4059 facinus
2196 4015 2338 4065 esse,
2371 3997 2419 4052 si
2450 3995 2765 4050 secundum
2821 3994 2996 4048 verba
3032 3994 3283 4048 historia:
3318 3996 3647 4050 commode-

1943 4098 2038 4147 tur
2086 4104 2373 4145 assensus.
2415 4083 2713 4150 Quomodo
2758 4081 2909 4136 enim
2962 4087 3187 4151 poterat
3235 4082 3382 4149 ﬁeri,
3416 4088 3477 4137 ut
3529 4087 3647 4137 arte

1946 4179 2169 4249 magica
2198 4175 2584 4230 attraheretur
2609 4171 2717 4235 vir,
2747 4175 2804 4225 et
2830 4170 3123 4225 nativitate
3155 4175 3403 4237 sanctus,
3437 4176 3494 4225 et
3519 4172 3649 4225 vitas

1868 4291 1911 4344 ι)
1952 4266 2221 4339 operibus
2247 4260 2478 4333 justus?
2507 4263 2622 4314 Aut
2653 4259 2699 4312 si
2733 4274 2849 4312 non
2875 4261 3148 4312 attractus
3198 4262 3303 4325 est,
3338 4259 3643 4314 consensit.

1945 4354 2106 4421 Quod
2132 4357 2443 4421 utrumque
2477 4349 2545 4403 de
2576 4348 2696 4401 viro
2737 4345 2892 4416 justo
2932 4347 3163 4401 credere
3197 4346 3498 4400 adversum
3540 4352 3644 4401 est.

1950 4442 2183 4496 Nullum
2213 4436 2555 4506 suffragium
2590 4434 2764 4489 habet
2788 4434 3035 4504 justitia,
3072 4435 3118 4488 si
3149 4441 3248 4489 aut
3292 4435 3648 4490 voluntarius

1946 4528 2140 4584 amisit
2186 4526 2459 4580 meritum
2511 4522 2805 4593 spiritalis,
2869 4537 3041 4591 quem
3090 4522 3307 4592 positus
3364 4522 3426 4576 in
3476 4539 3648 4578 carne

1947 4615 2302 4686 quaesiverat.
2362 4611 2522 4676 Quod
2579 4610 2739 4664 valde
2788 4609 3103 4663 absurdum
3151 4614 3282 4663 est:
3328 4609 3466 4680 quia
3512 4611 3648 4664 hinc

1946 4703 2045 4774 qui
2090 4703 2277 4773 justus
2334 4699 2567 4767 recedit,
2627 4701 2930 4768 permanet
2970 4698 3183 4767 justus.
3245 4700 3419 4752 Porro
3452 4704 3645 4753 autem

1944 4791 2052 4846 hoc
2103 4795 2187 4845 est
2238 4788 2594 4861 praestigium
2643 4787 2892 4850 Satanas,
2945 4801 3060 4856 quo
3109 4790 3174 4839 ut
3203 4784 3485 4855 plurimos
3540 4786 3646 4847 fal-

1946 4880 2044 4947 lat,
2077 4880 2248 4934 etiam
2294 4879 2474 4931 bonos
2516 4876 2576 4929 in
2624 4878 2909 4944 potestate
2958 4890 3018 4927 se
3066 4874 3277 4928 habere
3323 4874 3641 4944 conﬁngat;

1948 4966 2102 5037 quod
2135 4965 2438 5036 Apostolus
2472 4963 2622 5016 inter
2650 4965 2857 5015 caetera
2903 4961 3174 5027 ostendit,
3230 4961 3423 5015 dicens
3457 4976 3469 5014 :
3520 4963 3646 5032 Ipse

1947 5054 2181 5109 Satanas
2209 5051 2584 5120 transﬁgurat
2628 5066 2687 5102 se
2738 5048 2798 5102 in
2846 5049 3115 5119 angelum
3166 5048 3327 5103 lucis.
3376 5049 3447 5103 Ut
3492 5049 3648 5103 enim

1948 5157 2201 5196 errorem
2253 5140 2462 5194 faceret
2512 5137 2573 5191 in
2625 5152 2740 5209 quo
2787 5137 3151 5207 gloriaretur,
3186 5136 3245 5190 in
3296 5136 3491 5190 habitu
3540 5137 3648 5191 viri

1942 5228 2085 5300 justi
2140 5233 2195 5281 et
2247 5227 2483 5281 nomine
2540 5242 2601 5279 se
2654 5223 3007 5289 subornavit,
3071 5229 3133 5277 ut
3169 5224 3312 5278 nihil
3368 5224 3648 5295 proﬁcere

1950 5332 2110 5386 spem
2140 5331 2314 5386 quam
2345 5314 2742 5384 praedicabant
2773 5311 2876 5366 Dei
2924 5311 3239 5366 cultoribus
3283 5312 3646 5383 mentiretur,

1951 5404 2181 5476 quando
2212 5403 2347 5457 hinc
2371 5408 2643 5456 exeuntes
2682 5402 2867 5471 justos
2917 5400 3082 5455 ﬁnxit
3120 5401 3181 5455 in
3235 5417 3335 5456 sua
3366 5405 3649 5473 potestate

1951 5509 2092 5547 esse.
2117 5492 2225 5547 Sed
2256 5492 2364 5546 hoc
2394 5491 2673 5562 quosdam
2706 5488 2873 5549 fallit,
2905 5489 3055 5561 quod
3106 5490 3177 5544 de
3202 5494 3385 5545 morte
3432 5490 3564 5545 Saul
3597 5494 3654 5545 et

1950 5579 2056 5635 ﬁlii
2086 5580 2208 5650 ejus
2234 5594 2349 5634 non
2384 5578 2458 5633 sit
2480 5576 2777 5646 mentitus,
2808 5578 2970 5647 quasi
3002 5593 3279 5649 magnum
3312 5578 3386 5633 sit
3425 5578 3651 5633 diabolo

3260 5693 3339 5749 27
