4028 6190
403 326 508 381 843

1490 320 1899 378 BURCHABDI
1937 317 2472 377 WORMACIENSIS
2509 317 2842 375 EPISCOPl.

3822 323 3935 376 844

402 451 536 502 ante
559 459 822 500 occasum
855 447 1101 500 mortem
1131 441 1388 513 corporis
1409 441 1745 513 pravidere,
1775 457 1906 496 cum
1938 442 2103 512 signa
2130 443 2174 496 A
2215 456 2314 494 vos
2345 439 2620 494 Dominus
2662 441 2812 494 Deus
2853 441 3060 505 vester,
3092 443 3158 493 ut
3200 440 3390 510 palam
3426 438 3530 494 ﬁat
3564 445 3770 494 utrum
3803 441 3938 496 dili-

403 534 671 606 quadam
707 534 928 588 soleant
953 547 1228 603 apparere
1251 530 1567 597 morituris,
1589 530 1804 601 quippe
1829 547 1863 586 a
1890 529 2102 602 quibus

403 624 505 678 Dei
538 622 816 694 protectio
839 626 1027 675 amota
1056 621 1286 674 videtur
1316 636 1329 674 :
1377 624 1593 690 quanto
1642 619 1824 689 magis
1873 619 2100 674 diabolo

403 728 578 783 quem
611 711 872 782 angelica
906 710 1202 780 majestate
1233 708 1538 763 sublimem
1585 708 1918 779 prophetica
1965 723 2100 761 ora-

401 801 530 854 cula
557 799 731 854 fuisse
763 802 1059 863 testantur,
1095 796 1166 850 de
1185 796 1349 866 cujus
1374 795 1770 866 magnitudine
1797 796 2100 865 Apostolus

401 887 483 942 ait
521 903 536 940 :
566 890 652 942 An
683 885 962 956 ignoratis
991 883 1356 938 altitudinem
1389 883 1653 938 Satana?
1693 883 1840 947 Quid
1886 883 2098 937 mirum

401 990 562 1045 ergo,
585 974 632 1027 si
648 973 1051 1028 imminentem
1074 988 1257 1042 prope
1289 977 1533 1026 mortem
1556 972 1742 1042 potuit
1763 971 2095 1041 pravidere,

401 1077 532 1115 cum
559 1061 666 1114 hoc
696 1061 768 1113 sit
809 1059 964 1113 unde
1011 1059 1176 1125 fallit,
1210 1063 1267 1112 et
1309 1074 1368 1112 se
1418 1057 1480 1111 in
1520 1057 1620 1112 Dei
1650 1062 1928 1128 potestate
1980 1058 2101 1111 vult

401 1147 668 1202 adorari?
702 1148 841 1201 Nam
871 1150 1031 1200 tanta
1067 1145 1414 1200 hebetudine
1461 1144 1695 1198 demens
1737 1143 1969 1198 effectus
2013 1149 2100 1198 est

400 1238 556 1304 Saul,
584 1242 648 1292 ut
691 1238 759 1291 ad
788 1235 1181 1307 Pythonissam
1199 1236 1549 1304 confugeret.
1576 1236 1923 1305 Depravatus
1942 1234 2096 1288 enim

399 1343 570 1381 causa
600 1330 816 1394 peccat,
864 1325 933 1379 ad
967 1325 1086 1378 hac
1124 1340 1183 1376 se
1229 1324 1471 1377 contulit
1519 1339 1648 1394 qua
1695 1323 2087 1378 damnaverat.

397 1415 505 1471 Sed
548 1416 594 1469 si
625 1416 754 1486 quis
780 1419 1015 1484 propter
1047 1412 1370 1474 historiam,
1400 1417 1458 1466 et
1488 1429 1554 1466 ea
1581 1429 1710 1483 qua
1753 1412 1941 1466 verbis
1994 1429 2095 1466 ex-

400 1519 598 1572 pressa
655 1508 809 1569 sunt,
855 1506 1019 1572 putet
1085 1517 1203 1554 non
1259 1501 1771 1570 pratermittenda,
1829 1517 1900 1554 ne
1954 1501 2094 1555 ratio

398 1590 652 1644 historia
696 1589 884 1643 inanis
933 1590 1022 1651 sit,
1071 1593 1219 1642 recte
1257 1588 1423 1642 faciat
1474 1588 1727 1658 quidem,
1781 1587 1828 1641 si
1876 1593 2090 1654 tamen,

397 1679 636 1732 minime
661 1679 814 1732 istud
845 1679 911 1731 ad
946 1678 1064 1730 veri
1096 1677 1280 1746 rapiat
1303 1677 1612 1740 rationem,
1642 1677 1737 1730 sed
1787 1677 1858 1731 ad
1908 1678 2090 1731 visum

399 1770 460 1820 et
509 1766 864 1819 intellectum
911 1766 1080 1820 Saul:
1128 1781 1314 1835 neque
1362 1765 1516 1818 enim
1561 1764 1837 1834 reprobus
1886 1764 2089 1830 factus,

399 1856 625 1923 poterat
648 1853 864 1907 bonum
895 1853 1248 1906 intellectum
1300 1853 1530 1906 habere.
1580 1852 1887 1906 Historicus
1935 1853 2090 1905 enim

400 1946 652 1994 mentem
708 1941 840 1994 Saul
897 1945 953 1994 et
1001 1940 1261 1994 habitum
1315 1940 1595 1994 Samuelis
1648 1940 1966 2010 descripsit,
2026 1957 2093 1994 ea

398 2045 528 2100 qua
576 2030 724 2084 dicta
763 2034 820 2083 et
876 2029 997 2082 visa
1044 2033 1178 2082 sunt
1223 2030 1566 2098 exprimens,
1622 2027 2088 2098 pratermittens,

395 2119 444 2172 si
475 2134 606 2172 vera
637 2134 707 2172 an
747 2117 890 2171 falsa
921 2117 1054 2170 sint.
1079 2117 1224 2181 Quid
1267 2117 1422 2170 enim
1453 2116 1553 2182 ait,
1590 2115 1849 2182 audiens,
1885 2115 1943 2170 in
1974 2133 2089 2187 quo

398 2205 598 2259 habitu
639 2211 788 2260 esset
816 2205 1136 2259 excitatus?
1164 2204 1472 2270 lntellexit,
1505 2204 1714 2274 inquit,
1754 2204 1906 2258 hunc
1966 2221 2089 2258 esse

393 2295 738 2349 Samuelem.
773 2293 920 2357 Quid
954 2293 1318 2359 intellexerit,
1353 2293 1544 2346 retulit
1574 2308 1588 2345 :
1616 2292 1750 2362 quia
1779 2292 1922 2346 bene
1971 2309 2090 2346 non

393 2383 692 2448 intellexit,
725 2387 924 2436 contra
955 2383 1307 2452 Scripturam
1339 2381 1557 2435 aerium
1613 2381 1882 2434 adoravit.
1914 2397 2087 2451 quam

393 2470 691 2543 dominum
724 2473 782 2523 et
811 2472 1018 2538 putans
1069 2468 1416 2531 Samuelem,
1472 2467 1730 2522 adoravit
1767 2467 2084 2532 diabolum,

393 2564 458 2612 ut
496 2559 742 2612 fructum
773 2558 1010 2611 fallacia
1041 2573 1157 2611 sua
1185 2557 1427 2610 haberet
1458 2555 1714 2610 Satanas.
1768 2557 1886 2610 Hoc
1931 2556 2085 2609 enim

393 2646 618 2710 nititur,
652 2650 716 2698 ut
758 2645 1027 2699 adoretur
1075 2644 1237 2715 quasi
1282 2645 1452 2698 Deus.
1507 2642 1564 2697 Si
1613 2641 1767 2696 enim
1822 2658 1949 2696 vere
1981 2643 2087 2698 Sa-

390 2736 545 2789 muel
584 2734 668 2787 illi
699 2732 1079 2804 apparuisset,
1113 2749 1226 2786 non
1261 2732 1460 2802 utique
1511 2730 1596 2783 vir
1642 2731 1830 2800 justus
1873 2731 2085 2800 permi-

389 2823 552 2876 sisset
576 2839 634 2876 se
669 2821 914 2886 adorari,
949 2821 1048 2892 qui
1087 2821 1497 2891 pradicaverat
1545 2819 1847 2872 Dominum
1898 2819 2085 2872 solum

389 2927 512 2965 esse
543 2911 895 2965 adorandum
930 2925 942 2962 :
1003 2915 1060 2962 et
1108 2909 1397 2980 quomodo
1441 2907 1610 2960 homo
1660 2905 1782 2971 Dei,
1815 2905 1914 2976 qui
1953 2902 2091 2958 cum.

2213 529 2367 600 gatis
2396 544 2550 596 eum,
2580 545 2653 582 an
2680 543 2816 581 non.
2871 528 2935 581 In
2966 532 3086 582 toto
3132 528 3325 595 corde,
3368 533 3427 582 et
3485 528 3550 582 in
3582 535 3701 582 tota
3735 530 3938 582 anima

2211 623 2398 670 vestra
2430 619 2606 671 Deum
2661 621 2910 670 vestrum
2965 616 3294 686 sequimini,
3346 621 3404 671 et
3462 618 3658 688 ipsum
3705 618 3932 680 timete,

2211 705 2484 759 mandata
2514 705 2668 758 illius
2720 705 3021 770 custodite,
3051 711 3108 758 et
3139 706 3332 759 audite
3372 721 3573 759 vocem
3627 707 3778 775 ejus,
3821 707 3937 777 ipsi

2209 793 2490 859 servietis,
2521 799 2578 846 et
2607 793 2714 863 ipsi
2761 793 3146 860 adharebitis,
3181 799 3288 846 etc.
3350 793 3457 847 [Ibi
3497 809 3638 847 sane
3671 795 3932 865 intelligi

2209 881 2414 949 voluit,
2448 881 2621 958 etiam
2653 881 2750 934 illa
2776 897 2906 952 qua
2936 897 2968 934 a
3001 881 3396 936 divinantibus
3429 899 3547 936 non
3594 883 3930 937 secundum

2211 971 2392 1024 Deum
2455 969 2745 1036 dicuntur,
2795 970 2843 1022 si
2909 969 3212 1024 acciderint
3261 986 3394 1041 qua
3443 971 3748 1039 dicuntur,
3803 987 3928 1025 non

2208 1057 2560 1128 accipienda,
2612 1057 2699 1110 vel
2753 1057 2926 1111 etiam
2957 1057 3003 1110 si
3049 1057 3188 1112 fiant
3223 1073 3354 1128 qua
3387 1059 3824 1130 pracipiuntur
3852 1061 3928 1114 ab

2207 1147 2311 1208 eis,
2344 1150 2443 1199 aut
2472 1146 2734 1199 colantur
2784 1161 2914 1215 qua
2961 1147 3226 1200 coluntur
3265 1147 3339 1200 ab
3371 1147 3476 1200 eis.
3531 1148 3646 1201 Nec
3701 1154 3927 1218 prater

2207 1251 2370 1288 suam
2410 1237 2752 1305 potestatem
2789 1236 2935 1288 Deus
2967 1233 3219 1287 ostendit
3262 1249 3386 1288 esse
3437 1235 3588 1304 quod
3636 1235 3748 1289 ista
3781 1251 3927 1289 con-

2205 1323 2454 1394 tingunt,
2487 1323 2586 1376 sed
2615 1322 2778 1392 quasi
2801 1327 3156 1392 quareretur
3185 1339 3290 1376 cur
3318 1339 3384 1376 ea
3414 1323 3737 1393 permittat,
3773 1340 3923 1377 can-

2204 1428 2326 1465 sam
2367 1411 2702 1464 tentationis
2753 1411 3032 1480 exposuit.
3083 1409 3168 1464 Ad
3213 1411 3672 1480 cognoscendam
3702 1413 3922 1482 utique

2203 1515 2406 1554 eorum
2436 1498 2800 1552 dilectionem
2833 1503 3025 1552 utrum
3083 1514 3207 1552 eam
3270 1498 3487 1553 habent
3536 1515 3674 1570 erga
3728 1501 3922 1554 Deum

2203 1603 2394 1642 suum.
2429 1586 2893 1657 Cognoscendam
2926 1602 3060 1640 vero
3088 1587 3160 1640 ab
3190 1585 3331 1657 ipsis
3361 1587 3571 1656 potius,
3626 1604 3814 1658 quam
3845 1590 3923 1643 ab

2204 1675 2328 1743 illo,
2360 1675 2460 1746 qui
2490 1675 2595 1728 scit
2622 1675 2840 1740 omnia,
2869 1681 3174 1744 antequam
3209 1676 3374 1729 ﬁant.

2495 1763 2626 1818 CAP.
2655 1763 2807 1818 XLV.
2847 1793 2908 1803 —
2940 1766 3016 1818 De
3042 1768 3245 1816 natura
3283 1762 3603 1818 daemonum.

2273 1850 2392 1921 (Ea:
2420 1850 2582 1904 dictis
2620 1851 2905 1919 ejusdem.)
2929 1850 3198 1904 Siendum
3230 1867 3365 1906 vero
3395 1858 3482 1906 est
3508 1854 3659 1907 hanc
3682 1853 3918 1908 damo-

2201 1953 2341 1992 num
2375 1955 2496 1992 esse
2520 1945 2802 2004 naturam,
2820 1946 2882 1992 ut
2904 1940 3322 2010 aereicorporis
3343 1957 3512 1994 sensu
3536 1947 3919 1996 terrenarum

2199 2042 2502 2096 corporum
2537 2043 2764 2082 sensum
2799 2027 2961 2082 facile
2993 2029 3340 2097 pracedant,
3373 2030 3661 2084 celeritate
3697 2031 3915 2100 etiam,

2198 2121 2436 2186 propter
2460 2115 2612 2170 aerei
2639 2116 2896 2186 corporis
2937 2117 3290 2187 superiorem
3337 2117 3740 2185 mobilitatem,
3786 2136 3913 2174 non

2197 2205 2384 2258 solum
2415 2221 2608 2259 cursus
2630 2205 3018 2276 quorumlibet.
3040 2205 3367 2274 hominum,
3392 2207 3478 2260 vel
3502 2207 3778 2273 ferarum,
3805 2224 3912 2262 ve-

2197 2308 2325 2346 rum
2362 2294 2535 2348 etiam
2561 2297 2785 2348 volatus
2828 2294 3015 2348 avium
3062 2294 3588 2364 incomparabiliter
3633 2296 3905 2351 vincant.

2196 2379 2414 2444 Quibus
2461 2382 2683 2436 duabus
2730 2382 2900 2436 rebus
2955 2388 3235 2452 quantum
3284 2383 3358 2436 ad
3402 2399 3634 2438 aereum
3681 2400 3909 2455 corpus

2197 2468 2401 2522 attinet
2430 2469 2676 2539 praditi,
2697 2469 2806 2523 hoc
2836 2474 2940 2538 est,
2957 2469 3272 2524 acrimonia
3294 2487 3494 2525 sensus
3515 2477 3571 2525 et
3598 2472 3912 2526 celeritate

2197 2561 2406 2623 motus;
2431 2558 2612 2611 multo
2629 2563 2762 2612 ante
2784 2559 3029 2629 cogitata
3047 2560 3468 2628 pranunciant,
3483 2561 3568 2614 vel
3589 2562 3909 2628 nunciam,

2195 2661 2326 2716 qua
2354 2646 2616 2699 homines
2649 2663 2754 2716 pro
2783 2663 2982 2700 sensus
3011 2648 3225 2701 terreni
3257 2647 3530 2702 tarditate
3587 2649 3913 2706 mirentur.

2193 2734 2445 2788 Accessit
2475 2735 2646 2788 etiam
2676 2735 3034 2789 damonibus
3065 2751 3168 2804 per
3192 2741 3308 2789 tam
3357 2737 3592 2807 longum
3639 2741 3912 2809 tempus,

2195 2837 2311 2890 quo
2337 2838 2538 2877 eorum
2589 2825 2972 2894 protenditur,
3021 2840 3216 2878 rerum
3265 2825 3439 2895 longe
3493 2827 3680 2896 major
3721 2843 3912 2897 expe-

2193 2911 2423 2978 rientia,
2482 2928 2658 2982 quam
2697 2918 2884 2983 potest
2913 2911 3242 2967 hominibus
3288 2919 3524 2985 propter
3554 2915 3914 2970 brevitatem

387 2998 674 3052 Abraham
710 2998 769 3050 in
799 2997 1097 3066 refrigerio
1128 3000 1271 3063 erat,
1305 2994 1528 3050 dicebat
1557 2995 1629 3049 ad
1661 2994 1845 3048 virum
1905 2994 2079 3064 pesti-
2119 2998 2159 3053 C
2193 2999 2321 3053 vita
2372 3000 2690 3069 provenire.
2740 3003 2845 3055 Per
2890 3002 2990 3055 has
3039 3001 3322 3055 efﬁcacias
3369 3019 3512 3074 quas
3561 3005 3719 3058 aerei
3769 3022 3913 3059 cor-

386 3087 602 3152 lentia,
634 3085 872 3154 dignum
909 3085 1146 3138 adorare
1170 3085 1449 3154 gehennae
1480 3100 1492 3136 :
1524 3099 1644 3136 cras
1675 3098 1899 3135 mecum
1930 3082 2080 3136 eris?

387 3174 488 3230 His
543 3173 767 3227 duobus
798 3171 978 3225 titulis
1009 3172 1384 3224 subtilitatem
1416 3170 1652 3224 fallacia
1685 3186 1802 3222 sua
1833 3169 2082 3238 providit

386 3260 742 3329 improvidus
771 3259 1008 3312 Satanas
1041 3274 1056 3311 :
1089 3258 1226 3326 quia
1255 3263 1312 3312 et
1340 3257 1566 3312 adorari
1593 3273 1651 3310 se
1682 3257 1943 3326 permisit
1975 3259 2080 3311 sub

385 3349 585 3403 habitu
615 3351 672 3400 et
699 3347 931 3401 nomine
963 3346 1246 3401 Samuelis
1299 3350 1500 3398 contra
1549 3346 1759 3415 legem,
1807 3350 1864 3400 et
1891 3346 2078 3400 virum

385 3437 633 3508 peccatis
663 3451 947 3505 pressum,
978 3451 1106 3488 cum
1141 3450 1352 3504 magna
1400 3434 1668 3487 distantia
1715 3439 2078 3502 peccatorum

384 3530 444 3580 et
485 3530 775 3595 justorum
825 3524 917 3589 sit,
961 3539 1090 3577 cum
1144 3522 1408 3577 Samuele
1458 3521 1774 3592 justissima
1819 3521 2078 3576 futurum

383 3613 660 3667 mentitus
691 3616 792 3666 est.
827 3612 1039 3665 Verum
1075 3614 1264 3680 potest
1313 3609 1516 3674 videri,
1551 3610 1648 3663 sed
1697 3609 1766 3662 de
1800 3609 2079 3664 Samuelis

381 3701 614 3756 nomine
644 3703 919 3763 taceatur,
952 3699 1088 3770 quia
1119 3699 1251 3752 Saul
1283 3714 1414 3752 cum
1437 3697 1665 3752 diabolo
1689 3698 1912 3751 futurus
1934 3703 2073 3753 erat.

381 3790 469 3845 Ad
501 3805 630 3842 eum
677 3787 833 3842 enim
886 3788 1340 3857 transmigravit,
1395 3804 1568 3858 quem
1617 3788 1888 3842 adoravit.
1924 3789 2078 3844 Sem-

378 3895 483 3948 per
533 3893 670 3948 ergo
711 3877 975 3931 diabolus
1030 3877 1135 3930 sub
1200 3876 1483 3931 velamine
1531 3877 1713 3930 latens
1758 3877 1948 3948 prodit
1992 3895 2071 3940 se,

377 3967 515 4021 dum
547 3982 614 4019 ea
645 3965 945 4035 contingit,
974 3980 1102 4034 qua
1153 3964 1431 4018 horreant
1473 3964 1750 4035 personis,
1799 3981 1903 4035 per
1933 3981 2075 4036 quas

375 4053 572 4109 fallere
606 4054 830 4107 nititur.
869 4052 926 4104 Si
977 4058 1169 4104 autem
1200 4051 1472 4121 quislibet
1512 4051 1672 4106 nobis
1728 4053 1966 4123 opponit
2010 4070 2074 4108 ac

377 4143 516 4198 dicit
546 4160 563 4194 :
599 4141 892 4211 quomodo
924 4140 1200 4192 eveniunt
1225 4140 1342 4205 illa,
1377 4155 1506 4209 qua
1537 4140 1621 4193 illi
1650 4140 1826 4194 divini
1867 4142 2072 4211 pradi-

2189 3088 2348 3159 poris
2380 3093 2586 3142 natura
2615 3089 2814 3142 sortita
2840 3094 2943 3156 est,
2985 3106 3098 3144 non
3129 3091 3314 3144 solum
3351 3091 3544 3146 futura
3574 3093 3915 3162 pradicnnt

2191 3176 2504 3244 damones,
2557 3193 2748 3230 verum
2799 3178 2972 3232 etiam
3027 3179 3172 3232 mira
3227 3180 3408 3233 multa
3467 3179 3702 3234 faciunt.
3759 3183 3912 3246 Qua

2191 3265 2466 3334 quoniam
2500 3265 2760 3320 homines
2791 3267 2979 3320 dicere
3008 3283 3071 3320 ac
3101 3267 3286 3322 facere
3343 3283 3460 3321 non
3490 3274 3753 3338 possunt,
3792 3287 3902 3324 eos

2189 3352 2393 3423 dignos
2423 3353 2654 3424 quidam
2698 3353 2906 3424 quibus
2963 3355 3228 3420 serviant,
3281 3361 3338 3410 et
3381 3356 3591 3426 quibus
3639 3357 3906 3412 honores

2189 3439 2412 3493 divinos
2461 3440 2740 3506 deferant,
2804 3441 3174 3509 arbitrantur,
3247 3443 3563 3512 instigante
3634 3447 3901 3499 maxime

2187 3527 2325 3581 vitio
2381 3529 2724 3582 curiositatis
2774 3533 3012 3599 propter
3060 3546 3313 3584 amorem
3361 3531 3651 3585 felicitatis
3699 3533 3898 3602 falsa,

2189 3619 2359 3686 atque
2383 3621 2647 3682 terrena,
2683 3621 2740 3670 et
2765 3617 3114 3672 excellentia
3145 3619 3495 3689 temporalis.
3534 3620 3643 3684 Qui
3687 3627 3896 3676 autem

2187 3720 2245 3758 se
2268 3706 2338 3759 ab
2368 3705 2448 3760 eis
2477 3706 2886 3776 cupiditatibus
2916 3707 3214 3768 mundant,
3255 3724 3361 3762 nec
3390 3709 3472 3762 eis
3500 3725 3560 3763 se
3591 3710 3898 3766 feriendo:

2185 3793 2605 3865 rapiendosque
2660 3795 3023 3865 permittunt,
3073 3795 3175 3850 sed
3217 3797 3543 3868 inquirunt,
3588 3805 3648 3852 et
3686 3807 3897 3856 amant

2185 3879 2402 3951 aliquid
2433 3882 2588 3952 quod
2616 3882 2817 3936 eodem
2841 3883 3011 3937 modo
3035 3899 3262 3954 semper
3288 3889 3396 3948 est,
3447 3887 3614 3956 cujus
3645 3891 3894 3957 partici-

2184 3970 2414 4038 patione
2435 3969 2587 4024 beati
2625 3970 2760 4038 sint,
2793 3971 3044 4042 primum
3077 3972 3444 4027 considerant
3473 3989 3593 4028 non
3618 3975 3756 4031 ideo
3779 3978 3892 4032 sibi

2185 4058 2604 4128 praponendos
2636 4075 2758 4112 esse
2787 4059 3096 4123 damones,
3131 4062 3282 4130 quod
3313 4062 3532 4116 acriorc
3555 4079 3732 4118 sensu
3759 4082 3891 4120 cor-

2183 4147 2340 4216 poris
2387 4148 2719 4217 pravalent,
2773 4147 2919 4201 aeris
2965 4149 3197 4213 scilicet,
3247 4150 3358 4204 hoc
3404 4155 3510 4216 est,
3562 4152 3888 4208 subtilioris

375 4238 514 4286 cunt
562 4231 758 4283 futura
806 4233 904 4280 aut
965 4227 1251 4297 quomodo
1297 4233 1533 4296 possunt
1587 4229 1756 4298 agris
1810 4230 2067 4300 prabere
2097 4278 2140 4331 Β
2182 4233 2452 4286 clementi
2485 4250 2497 4287 :
2535 4235 2674 4304 quia
2698 4251 2801 4289 nec
2827 4235 2964 4305 ipsis
2994 4237 3239 4291 terrenis
3283 4240 3625 4310 corporibus
3669 4241 3885 4297 bestias

373 4319 674 4382 medelam,
721 4322 818 4368 aut
863 4315 1015 4367 sanis
1067 4315 1382 4368 immittere
1427 4315 1848 4386 agritudinem,
1873 4317 1920 4371 si
1963 4318 2063 4371 ali-

372 4406 512 4475 quid
539 4405 789 4474 propria
848 4401 1070 4485 virtutis
1101 4418 1166 4455 ac
1194 4404 1492 4472 potestatis
1521 4421 1636 4458 non
1664 4404 1916 4460 habent?
1948 4407 2062 4460 Hoc

371 4509 404 4548 a
435 4493 595 4547 nobis
627 4491 860 4562 recipiat
891 4507 1226 4561 responsum
1263 4493 1413 4562 quod
1449 4493 1578 4547 ideo
1609 4494 1913 4564 quisquam
1944 4511 2060 4548 non

368 4582 537 4636 debet
592 4580 674 4634 eis
722 4579 997 4634 credere:
1061 4578 1196 4649 quia
1249 4581 1558 4650 aliquando
1605 4581 1880 4635 eveniunt
1936 4598 2061 4652 qua

365 4669 708 4740 praedicunt,
743 4673 842 4722 aut
859 4683 1057 4721 sanare
1084 4667 1345 4722 videntur
1377 4669 1696 4739 languidos,
1734 4671 1819 4724 vel
1852 4671 2060 4724 ladere

365 4775 534 4812 sanos
574 4757 752 4827 :quia
797 4757 905 4809 hoc
963 4757 1243 4826 permissu
1297 4756 1396 4810 Dei
1447 4757 1530 4824 tit,
1565 4763 1627 4810 ut
1655 4757 1766 4826 ipsi
1810 4758 1909 4828 qui
1940 4759 2059 4813 hac

362 4847 623 4913 audiunt,
656 4845 741 4898 vel
783 4843 998 4910 vident,
1037 4843 1437 4914 prohibentur,
1493 4851 1550 4898 et
1587 4851 1862 4914 appareat
1898 4847 2054 4915 quali

361 4937 474 4990 fide
497 4935 632 5002 sint,
667 4934 753 4986 vel
800 4932 1102 4985 devotione
1161 4949 1297 5002 erga
1329 4935 1529 4987 Deum.
1585 4932 1740 5000 Sicut
1767 4933 1826 4986 in
1859 4935 2058 4989 Deute-

358 5023 626 5079 ronomio
671 5021 883 5091 legitur
933 5021 1146 5089 Moyses
1193 5019 1368 5074 verbo
1422 5021 1650 5074 Domini
1681 5023 1896 5092 populo
1954 5023 2054 5077 Dei

359 5111 686 5183 pracipisse
717 5109 795 5162 ita
825 5107 1019 5162 dicens
1059 5124 1072 5161 :
1107 5107 1164 5162 Si
1195 5107 1440 5162 surrexit
1470 5109 1530 5161 in
1565 5110 1750 5164 medio
1798 5109 1881 5163 tui
1926 5126 2052 5179 pro-

357 5200 622 5269 phetans,
655 5201 753 5250 aut
789 5194 888 5266 qui
934 5195 1221 5248 somnium
1263 5195 1465 5248 vidisse
1503 5211 1561 5248 se
1613 5196 1780 5260 dicat,
1815 5202 1870 5250 et
1899 5213 2052 5266 pra-

356 5287 564 5342 dixerit
607 5285 667 5338 in
728 5285 958 5354 signum
1009 5301 1070 5336 ac
1117 5286 1470 5353 portentum,
1519 5289 1575 5338 et
1619 5284 1840 5338 venerit
1896 5285 2050 5355 quod

353 5375 579 5430 locutus
639 5378 742 5440 est,
802 5377 858 5426 et
903 5373 1108 5426 dixerit
1151 5372 1300 5426 tibi:
1355 5373 1578 5438 Eamus,
1637 5378 1694 5426 et
1740 5389 2055 5444 sequamur

355 5464 496 5519 deos
547 5462 766 5516 alienos
824 5477 968 5532 quos
1017 5462 1247 5530 ignoras
1305 5465 1361 5514 et
1411 5461 1727 5515 serviamus
1769 5462 1872 5530 eis,
1932 5477 2048 5516 non

359 5551 560 5608 audies
589 5551 762 5606 verba
784 5551 1104 5621 propheta,
1137 5553 1236 5605 aut
1261 5549 1626 5604 somniatoris
1657 5565 1672 5605 :
1707 5550 1842 5622 quia
1871 5554 2053 5606 tentet

2180 4320 2285 4374 sibi
2316 4323 2737 4392 praponendas
2766 4329 2989 4401 putant,
3023 4341 3152 4395 qua
3181 4326 3368 4380 acrius
3411 4329 3594 4382 multa
3639 4347 3880 4400 persen-

2172 4407 2322 4462 tiunt
2355 4425 2368 4463 :
2398 4410 2577 4463 veluti
2617 4426 2878 4480 sagacem
2905 4428 3128 4479 canem,
3181 4414 3318 4484 quia
3367 4416 3652 4472 latentem
3692 4420 3874 4474 feram

2171 4496 2382 4551 olfactu
2414 4500 2694 4553 acerrimo
2755 4500 2834 4554 sic
2889 4501 3106 4557 invenit
3135 4509 3200 4557 ut
3242 4503 3314 4557 ad
3358 4520 3485 4558 eam
3527 4508 3872 4576 capiendam

2171 4585 2438 4640 ducatum
2471 4589 2778 4657 quemdam
2800 4590 3019 4644 homini
3049 4593 3322 4662 prabeat,
3353 4609 3470 4647 non
3507 4596 3704 4666 utique
3735 4614 3872 4667 pru-

2171 4673 2432 4730 dentiore
2497 4674 2791 4732 intellectu
2857 4679 3056 4745 animi,
3115 4681 3214 4734 sed
3279 4683 3539 4738 acutiore
3615 4686 3872 4756 corporis

2169 4777 2339 4816 sensu
2376 4780 2389 4817 :
2423 4763 2510 4816 vel
2564 4766 2873 4829 vulturem,
2933 4768 3088 4838 quia,
3145 4768 3400 4838 projecto
3457 4772 3753 4839 cadavere,
3805 4790 3872 4827 ex

2167 4849 2394 4915 provisa
2452 4851 2874 4924 longinquitate
2930 4855 3196 4909 advolat:
3262 4872 3366 4910 nec
3408 4862 3688 4930 aquilam,
3735 4863 3872 4933 quia

2165 4935 2488 4992 sublimiter
2519 4941 2732 5008 volans,
2768 4943 2837 4996 de
2861 4948 3018 4996 tanto
3067 4943 3368 4999 intervallo
3419 4953 3715 5002 natantem
3765 4951 3869 5003 sub

2165 5022 2432 5080 ﬂuctibus
2462 5026 2674 5096 piscem
2701 5029 2908 5084 dicitur
2958 5031 3291 5100 pravidere,
3332 5039 3389 5087 et
3438 5037 3687 5104 graviter
3720 5039 3870 5092 illisa

2165 5113 2374 5167 exertis
2425 5115 2668 5185 pedibus
2715 5124 2887 5188 atque
2930 5119 3224 5188 unguibus
3275 5138 3531 5192 rapere:
3607 5141 3711 5178 nec
3755 5128 3865 5179 alia

2167 5202 2347 5254 multa
2377 5204 2759 5259 animantium
2789 5223 3020 5276 genera,
3056 5223 3186 5276 qua
3230 5209 3385 5263 inter
3434 5211 3646 5266 herbas
3691 5214 3858 5267 saluti

2163 5303 2281 5340 sua
2339 5291 2538 5344 noxias
2604 5294 2888 5362 pascendo
2950 5294 3386 5364 circumerrant,
3468 5315 3576 5353 nec
3642 5302 3852 5372 aliquid

2162 5389 2359 5430 earum
2389 5394 2503 5448 quo
2536 5379 2838 5449 ladantur,
2874 5383 3185 5453 attingunt,
3224 5401 3354 5439 cum
3401 5402 3497 5440 eas
3559 5389 3735 5444 homo
3773 5391 3856 5443 vix

2163 5465 2506 5534 experiendo
2537 5483 2734 5522 cavere
2776 5470 3054 5534 didicerit,
3105 5477 3164 5525 et
3194 5475 3376 5527 multa
3404 5475 3661 5544 innoxia,
3703 5479 3855 5548 quod

2163 5553 2280 5607 sint
2315 5553 2627 5625 inexperta,
2677 5557 2968 5614 formidet.
3022 5560 3180 5616 Unde
3233 5563 3514 5633 conjicere
3561 5565 3726 5622 facile
3768 5573 3852 5622 est
