3972 6192
128 324 243 375 845

1117 319 1585 378 DECRETORUM
1633 324 1814 379 LIBRI
1853 325 1963 380 XX.
1996 355 2065 366 —
2105 325 2310 381 LIBER
2350 325 2673 382 DECIMUS.
3540 336 3643 390 846

130 450 418 515 quantum
478 444 657 515 possit
702 443 761 497 in
831 443 999 496 aeriis
1058 444 1393 513 corporibus
1448 461 1648 498 sensus
1715 462 1836 499 esse
1878 451 1922 501 Α
1952 463 2078 500 rum
2132 448 2435 501 malefacta
2491 450 2774 505 suadere:
2811 450 2879 504 de
2927 467 3171 521 quorum
3213 452 3467 508 moribus
3505 457 3643 510 certi

130 535 343 600 acrior,
399 549 504 585 nec
556 532 684 586 ideo
743 537 933 585 tamen
995 532 1302 596 daemones,
1361 532 1460 601 qui
1516 550 1582 585 eo
1611 534 1839 603 praediti

129 627 290 685 sunt,
328 621 490 674 bonis
519 619 847 673 hominibus
875 620 1300 689 praeponendos
1320 621 1571 689 prudens
1596 621 1839 690 quisque

132 710 447 763 oensuerit.
498 710 615 762 Hoc
658 712 715 760 et
761 709 829 761 de
879 723 1185 777 corporum
1234 708 1522 761 celeritate
1574 708 1835 761 dicimus.

137 799 203 850 Et
257 798 363 850 hac
423 797 579 850 enim
638 796 971 866 praestantia
1028 812 1147 848 non
1208 797 1391 849 solum
1442 812 1473 848 a
1519 796 1839 849 volucribus

131 886 427 951 homines,
473 900 673 938 verum
706 901 736 937 a
770 884 969 937 multis
1023 884 1196 937 etiam
1242 884 1711 954 quadrupedibus
1758 885 1840 938 ita

130 979 503 1045 superantur,
538 979 599 1027 ut
630 974 690 1027 in
721 989 923 1027 eorum
973 976 1403 1043 comparatione
1445 974 1702 1043 plumbei
1734 974 1839 1027 de-

128 1064 537 1133 putandisint,
584 1078 691 1116 nec
720 1067 914 1115 tamen
964 1062 1094 1115 ideo
1126 1062 1235 1115 sibi
1284 1063 1405 1115 11330
1457 1061 1837 1115 animantium

131 1165 349 1219 genera
381 1150 710 1203 existimant
751 1150 1161 1219 praeponenda,
1210 1151 1420 1220 quibus
1451 1150 1739 1219 capiendis
1782 1155 1839 1203 et

130 1239 679 1303 mansuefaciendis,
737 1244 910 1308 atque
964 1240 1023 1291 in
1093 1254 1211 1291 suae
1268 1239 1575 1291 voluntatis
1643 1254 1835 1303 usum,

128 1327 619 1397 commodumque
669 1326 1017 1395 redigendis,
1062 1342 1181 1379 non
1221 1326 1276 1378 vi
1306 1326 1580 1394 corporis,
1615 1327 1712 1379 sed
1744 1342 1835 1379 ra-

130 1415 311 1468 tionis
351 1410 707 1484 imperitant.
744 1415 903 1467 Illam
951 1430 1084 1467 vero
1114 1414 1340 1467 tertiam
1373 1414 1701 1467 dmmon‘um
1730 1430 1835 1484 po-

131 1503 402 1564 tentiam,
455 1503 608 1573 quod
660 1503 930 1555 diuturna
976 1518 1167 1555 rerum
1217 1503 1589 1572 experientia,
1639 1518 1838 1572 quem-

129 1592 451 1644 admodum
510 1597 902 1661 praenoscant,
957 1598 1127 1661 atque
1181 1591 1599 1661 praenuncient,
1657 1591 1837 1643 multa

128 1680 479 1744 didicerunt,
532 1680 611 1732 ita
659 1684 1056 1747 contemnunt,
1091 1681 1190 1750 qui
1242 1681 1363 1733 haec
1392 1679 1695 1749 vigilanter
1739 1695 1832 1731 cu-
1866 1718 1905 1771 Β

128 1774 262 1821 rant
299 1785 329 1821 a
382 1768 692 1821 verissimae
728 1767 869 1821 lucis
927 1769 1161 1821 veritate
1216 1769 1559 1834 discernere,
1622 1772 1685 1821 ut
1732 1783 1837 1821 nec

128 1858 319 1910 malos
354 1873 517 1910 senes
561 1860 727 1927 plura
762 1861 1026 1926 expertos
1070 1862 1126 1911 et
1157 1858 1229 1911 ob
1263 1858 1368 1910 boc
1399 1858 1563 1927 quasi
1613 1857 1835 1910 doctio-

128 1962 220 1998 res
253 1945 389 1999 ideo
436 1945 602 2013 probi
653 1945 1043 1998 adolescentes
1091 1945 1201 1997 sibi
1252 1945 1590 1998 antecellere
1641 1945 1835 1997 existi-

128 2039 311 2096 ment,
375 2038 437 2086 ut
486 2049 591 2086 nec
651 2034 922 2099 medicos,
975 2049 1081 2086 nec
1129 2039 1352 2100 nautas,
1404 2049 1509 2086 nec
1556 2034 1835 2102 agricolas

133 2138 284 2191 quos
328 2137 523 2190 pravas
569 2121 879 2175 voluntatis
926 2126 985 2175 et
1012 2121 1228 2191 iniquis
1274 2122 1533 2175 moribus
1564 2121 1830 2187 viderint,

134 2209 268 2263 ideo
314 2215 523 2279 putent
551 2210 661 2263 sibi
700 2225 821 2262 esse
865 2208 1274 2278 prteferendos,
1326 2208 1477 2278 quod
1509 2208 1592 2260 illi
1621 2207 1691 2260 de
1737 2222 1830 2259 va-

132 2298 518 2363 letudinibus,
548 2298 631 2351 illi
662 2298 731 2351 de
766 2297 1226 2367 tempestatibus,
1260 2296 1343 2348 illi
1376 2296 1445 2350 de
1470 2296 1831 2348 arbustorum

129 2386 547 2454 fructuumque
595 2385 902 2454 generibus
954 2384 1134 2436 multa
1182 2384 1261 2436 ita
1300 2383 1718 2453 praenunciant,
1771 2386 1835 2435 ut

131 2475 345 2526 barum
394 2489 588 2526 rerum
630 2473 926 2541 inexperto
974 2472 1231 2525 divinare
1288 2471 1608 2525 videantur.
1668 2470 1832 2533 Quod

126 2578 267 2615 vero
290 2578 415 2615 non
447 2563 626 2615 solum
659 2562 925 2632 quaedam
953 2561 1243 2614 daemones
1273 2559 1465 2613 futura
1488 2559 1831 2629 praedicunt,

124 2667 334 2704 verum
360 2650 530 2704 etiam
559 2651 823 2720 quaedam
846 2650 1078 2716 faciunt,
1102 2665 1206 2719 pro
1232 2649 1357 2718 ipsa
1384 2647 1579 2718 utique
1601 2647 1690 2701 sui
1714 2663 1834 2701 cor-

126 2740 291 2809 poris
314 2739 669 2805 excellentia,
694 2755 795 2792 cur
816 2754 932 2792 non
949 2742 1351 2792 contemnatur
1380 2753 1412 2790 a
1432 2736 1827 2807 prudentibus,

129 2844 265 2881 cum
303 2828 567 2899 plerique
596 2827 784 2897 iniqui
810 2842 873 2880 ac
902 2826 1116 2896 perditi
1149 2826 1414 2879 homines
1435 2825 1515 2879 ita
1535 2830 1833 2879 exerceant

124 2933 379 2987 corpora
408 2933 529 2981 sua,
560 2922 895 2986 tantamque
916 2914 1389 2989 diversisartibus
1414 2913 1657 2983 possint,
1686 2919 1747 2967 ut
1764 2929 1831 2967 ea

1952 542 2104 603 sunt,
2171 537 2319 606 quod
2363 538 2476 590 sint
2525 538 2605 590 eis
2664 538 2799 591 talia
2856 540 3226 595 suadentibus
3291 545 3639 599 consensuri.

1950 622 2201 677 Suadent
2231 629 2421 677 autem
2456 625 2615 677 miris
2645 630 2701 678 et
2730 625 3111 681 invisibilibus
3143 629 3329 683 modis
3358 646 3460 699 per
3484 630 3642 685 illam

1948 710 2319 763 subtilitatem
2376 728 2680 782 corporum
2731 730 2992 781 suorum,
3049 732 3288 785 corpora
3342 717 3643 772 hominum

1948 814 2066 851 non
2117 798 2487 852 sentientium
2543 802 2919 870 penetrando,
2971 808 3028 856 et
3082 820 3140 857 se
3199 805 3642 874 cogitationibus

1948 902 2148 939 eorum
2189 902 2291 956 per
2322 887 2588 957 quaedam
2636 888 2981 959 imaginaria
3008 890 3126 945 visa
3155 892 3471 956 miscendo,
3525 895 3642 949 sive

1947 975 2332 1044 vigilantium,
2362 976 2476 1028 sive
2507 975 2937 1033 dormientium.
2965 978 3287 1049 Aliquando
3309 986 3502 1035 autem
3526 999 3643 1037 non

1947 1079 2077 1134 quas
2119 1063 2229 1134 ipsi
2270 1063 2507 1129 faciunt,
2537 1065 2635 1118 sed
2684 1081 2814 1136 qua;
2847 1068 3206 1122 naturalibus
3240 1069 3417 1139 signis
3448 1071 3644 1126 futura

1946 1158 2333 1222 prmnoscunt,
2374 1170 2502 1224 quas
2550 1153 2714 1225 signa
2750 1155 2810 1208 in
2859 1156 3161 1211 hominum
3212 1174 3410 1212 sensus
3452 1161 3642 1215 venire

1946 1257 2061 1294 non
2094 1247 2353 1311 possunt,
2386 1248 2519 1296 ante
2549 1243 2890 1311 praedicunt.
2922 1245 3114 1315 Neque
3146 1246 3301 1299 enim
3332 1247 3469 1317 quia
3499 1265 3642 1318 pra:-

1946 1329 2102 1383 videt
2153 1331 2411 1385 medicus
2469 1332 2623 1402 quod
2676 1334 2995 1401 previdere
3052 1334 3235 1389 nescit
3283 1336 3453 1406 hujus
3503 1338 3642 1391 artis

1944 1417 2200 1487 ignarus,
2250 1418 2381 1472 ideo
2404 1419 2524 1488 jam
2570 1419 2796 1473 divinus
2850 1421 3146 1476 habendus
3191 1427 3295 1476 est.
3339 1423 3490 1487 Quid
3538 1441 3640 1478 au-

1945 1510 2061 1558 tem
2086 1506 2321 1568 mirum,
2352 1506 2399 1559 si
2429 1509 2919 1577 quemadmodum
2950 1509 3047 1563 ille
3073 1510 3133 1563 in
3155 1511 3413 1581 corporis
3442 1511 3642 1567 huma-

1944 1593 2026 1658 ni,
2059 1595 2145 1647 vel
2176 1595 2531 1664 perturbata,
2566 1596 2651 1649 vel
2683 1596 3013 1650 modiﬁcata
3058 1599 3358 1669 temperie,
3393 1616 3493 1653 seu
3535 1601 3641 1654 bo-

1946 1699 2069 1747 nas,
2102 1698 2202 1735 seu
2235 1684 2414 1736 malas
2443 1684 2663 1737 futuras
2695 1685 2971 1755 praevidet
3000 1686 3379 1752 valetudines,
3409 1687 3487 1741 sic
3518 1688 3642 1742 dte-

1947 1786 2081 1823 mon
2110 1771 2168 1823 in
2200 1771 2346 1825 aeris
2393 1772 2716 1839 affectione,
2747 1778 2920 1843 atque
2951 1772 3314 1829 ordinatione
3344 1776 3453 1828 sibi
3484 1781 3638 1842 nota,

1944 1859 2109 1913 nobis
2137 1860 2353 1929 ignota,
2385 1860 2605 1914 futuras
2633 1861 2913 1931 praevidet
2932 1865 3300 1932 tempestates
3317 1865 3346 1917 7
3372 1864 3643 1935 Aliquan-

1946 1947 2018 2000 do
2049 1953 2104 2001 et
2147 1947 2447 2001 hominum
2478 1948 2904 2018 dispositiones,
2949 1965 3064 2003 non
3096 1950 3280 2004 solum
3330 1967 3467 2005 voce
3498 1968 3638 2022 pro-

1943 2035 2104 2102 latas,
2145 2051 2343 2089 verum
2382 2036 2555 2090 etiam
2588 2037 2938 2107 cogitatione
2961 2043 3283 2108 conceptas,
3307 2056 3436 2093 cum
3476 2042 3641 2111 signa

1944 2124 2209 2193 quaedam
2243 2140 2308 2177 ex
2343 2125 2535 2177 animo
2578 2125 2983 2194 exprimuntur
3012 2126 3073 2179 in
3103 2141 3361 2197 corpore,
3393 2133 3512 2182 tota
3555 2129 3637 2183 fa-

1943 2212 2156 2265 cilitate
2209 2212 2560 2282 perdiscunt,
2603 2218 2774 2283 atque
2822 2213 2956 2267 hinc
2987 2214 3157 2267 etiam
3208 2216 3390 2269 multa
3448 2217 3639 2271 futura

1942 2300 2366 2370 prmnunciant,
2412 2300 2540 2353 aliis
2584 2300 2852 2354 videlicet
2882 2300 3047 2369 mira,
3078 2300 3179 2371 qui
3220 2301 3329 2355 ista
3359 2301 3639 2368 disposita

1944 2403 2062 2441 non
2094 2392 2391 2442 noverunt.
2424 2388 2580 2442 Sicut
2626 2389 2779 2442 enim
2818 2394 3057 2459 apparet
3091 2389 3430 2443 concitatior
3458 2390 3639 2444 animi

1943 2481 2134 2528 motus
2163 2476 2223 2529 in
2272 2477 2453 2541 vultu,
2488 2482 2553 2529 ut
2582 2476 2652 2529 ab
2678 2475 3010 2530 hominibus
3040 2493 3269 2547 quoque
3307 2477 3521 2548 aliquid
3551 2479 3636 2531 fo-

1942 2562 2198 2617 rinsecus
2228 2568 2569 2634 agnoscatur
2598 2564 2750 2635 quod
2796 2564 3137 2619 intrinsecus
3167 2566 3377 2635 agitur,
3411 2566 3489 2620 ita
3519 2583 3638 2622 non

1943 2651 2110 2706 debet
2157 2668 2278 2706 esse
2334 2653 2669 2707 incredibile
2717 2652 2765 2705 si
2816 2652 2990 2707 etiam
3035 2653 3284 2707 leniores
3334 2654 3635 2725 cogitatio-

1943 2756 2044 2793 nes
2076 2741 2213 2794 dant
2250 2741 2443 2811 aliqua
2472 2741 2634 2811 signa
2662 2757 2767 2811 per
2794 2758 3018 2812 corpus,
3069 2757 3197 2812 quae
3230 2742 3434 2795 obtuso
3467 2759 3639 2797 sensu

1940 2827 2243 2882 hominum
2270 2830 2537 2898 cognosci
2567 2845 2684 2882 non
2718 2835 2972 2899 possunt,
3009 2836 3173 2883 acuto
3204 2836 3395 2884 autem
3428 2831 3638 2885 daemo-

1940 2932 2080 2970 num
2113 2922 2372 2986 possunt.
2422 2918 2536 2970 Hac
2566 2920 2737 2987 atque
2766 2917 3102 2986 hujusmodi
3131 2918 3419 2985 facultate,
3457 2920 3638 2974 multa

126 3006 230 3076 qui
265 3006 393 3059 haec
422 3006 701 3071 nesciunt,
732 3019 838 3058 nec
858 3003 1167 3074 aliquando
1199 3003 1484 3068 viderunt,
1510 3003 1683 3055 etiam
1708 3018 1835 3055 nar-
1863 2995 1903 3050 C
1942 3005 2231 3059 daemones
2256 3005 2450 3057 futura
2478 3005 2897 3074 praenunciant,
2929 3022 3059 3059 cum
3088 3011 3281 3060 tamen
3314 3007 3383 3061 ab
3408 3008 3487 3060 eis
3517 3008 3637 3061 lon-

128 3100 261 3147 rata
290 3093 385 3147 vix
430 3093 682 3147 credant.
718 3093 896 3156 Quam
931 3093 1110 3145 multa
1141 3090 1485 3155 funambuli,
1525 3092 1831 3161 casterique

130 3183 355 3236 theatri
402 3182 689 3236 artiﬁces:
727 3197 899 3251 quam
933 3181 1113 3233 multa
1160 3180 1411 3249 opiﬁces,
1471 3180 1831 3250 maximeque

132 3271 460 3324 mechanici
507 3270 769 3324 miranda
822 3268 1126 3323 fecerunt?
1185 3268 1331 3321 Num
1381 3268 1508 3321 ideo
1567 3270 1831 3322 meliores

130 3365 270 3412 sunt
322 3359 507 3424 bonis,
545 3367 601 3412 et
648 3362 840 3412 sancta
887 3357 1102 3428 pietate
1151 3356 1406 3425 praeditis
1450 3356 1833 3409 hominibus?

129 3448 275 3511 Quae
312 3448 444 3501 ideo
477 3446 1075 3512 commemoravimus,
1110 3449 1170 3497 ut
1208 3444 1305 3513 qui
1332 3443 1453 3497 hasc
1496 3444 1618 3497 sine
1650 3444 1833 3512 pervi-

130 3537 314 3601 cacia,
349 3542 405 3589 et
432 3536 552 3589 sine
586 3552 732 3588 vana
763 3533 1059 3588 resistendi
1094 3532 1456 3586 animositate
1488 3531 1830 3596 considerat,

129 3625 308 3678 simul
343 3625 573 3694 cogitet,
608 3623 655 3677 si
684 3624 752 3677 de
785 3622 1104 3692 subjacenti
1149 3620 1423 3674 crassiore
1454 3618 1712 3682 materia,
1742 3618 1830 3670 vel

129 3714 224 3767 sui
272 3712 519 3784 quisque
566 3711 840 3782 corporis,
887 3712 973 3764 vel
1002 3714 1191 3775 terras,
1232 3713 1287 3762 et
1316 3724 1501 3778 aquae,
1552 3707 1828 3777 lapidum,

129 3806 310 3872 atque
342 3802 651 3870 lignorum,
686 3799 1169 3869 metallorumque
1198 3796 1488 3851 variorum
1519 3800 1679 3849 tanta
1711 3794 1834 3865 qui-

134 3889 269 3943 dem
299 3888 566 3942 homines
612 3893 872 3959 possunt,
905 3891 970 3940 ut
1002 3903 1097 3941 eos
1140 3887 1226 3939 illi
1265 3885 1365 3955 qui
1394 3885 1514 3938 haec
1550 3899 1667 3937 non
1698 3899 1831 3953 pos-

137 3984 295 4042 sunt,
327 3977 672 4047 plerumque
703 3977 981 4046 stupenda
1023 3976 1081 4029 in
1111 3975 1198 4027 sui
1228 3972 1652 4043 comparatione
1690 3972 1832 4026 divi-

133 4083 243 4120 nos
286 4070 508 4130 vocent,
539 4082 667 4119 cum
699 4065 930 4135 quidam
964 4065 1194 4117 illorum
1226 4063 1342 4115 sint
1380 4061 1597 4115 artibus
1626 4064 1831 4130 poten-

133 4155 336 4219 tiores,
384 4154 618 4224 quidam
667 4152 909 4206 istorum
955 4152 1213 4205 moribus
1265 4150 1531 4204 meliores
1573 4157 1833 4219 :quanto

133 4243 381 4296 meliora
411 4248 466 4295 et
494 4241 715 4311 majora
752 4258 856 4311 pro
886 4240 1243 4293 subtilissimi
1287 4239 1559 4309 corporis,
1590 4237 1695 4291 hoc
1726 4243 1827 4304 est,
1862 4265 1904 4318 Ι)

130 4330 277 4384 aerii
326 4330 617 4391 facultate,
662 4345 726 4382 ac
771 4328 1039 4382 facilitate
1072 4328 1365 4381 daemones
1412 4326 1652 4397 possint,
1702 4341 1833 4379 cum

129 4425 329 4473 tamen
365 4419 478 4471 sint
522 4433 710 4488 pravae
760 4415 1089 4482 voluntatis,
1144 4416 1508 4484 maximeque
1550 4414 1832 4483 superbiae

129 4509 309 4572 fastu,
366 4512 421 4560 et
462 4505 710 4573 evidenti
754 4505 972 4559 malitia
1023 4504 1259 4573 spiritus
1307 4502 1613 4569 immundi,
1662 4508 1831 4572 atque

130 4595 411 4666 perversi.
446 4595 734 4658 Quantum
784 4599 980 4647 autem
1029 4591 1217 4645 valeat
1266 4592 1414 4645 aeris
1459 4590 1827 4656 elementum,

130 4701 249 4754 quo
289 4699 493 4738 eorum
523 4699 761 4754 corpora
789 4682 1104 4752 praevalent
1134 4680 1202 4733 ad
1237 4680 1416 4733 multa
1456 4678 1703 4732 visibilia
1742 4678 1829 4731 vi-

130 4774 380 4827 sibiliter
417 4772 728 4839 molienda,
782 4771 1086 4835 movenda,
1132 4768 1430 4832 mutanda,
1481 4771 1653 4837 atque
1709 4782 1830 4820 ver—

130 4862 333 4927 sanda,
382 4862 619 4930 longum
653 4865 737 4913 est
786 4875 938 4912 nunc
995 4858 1410 4921 demonstrare,
1461 4860 1517 4909 et
1559 4860 1828 4925 putamus

128 4949 288 5021 quod
317 4949 407 5002 vel
441 4947 804 5002 mediocriter
832 4944 1219 5000 consideranti
1248 4943 1411 4997 facile
1440 4947 1718 4996 occurrat.

347 5036 477 5091 CAP.
510 5036 685 5089 XLVI.
715 5063 783 5073 --
814 5037 887 5089 De
917 5033 1257 5087 divinatione
1296 5032 1614 5086 damonum.

205 5126 322 5194 (Ex
344 5126 509 5179 dictis
534 5122 822 5194 ejusdem.)
853 5122 1033 5193 Igitur
1057 5138 1210 5175 nunc
1238 5120 1490 5191 primum
1535 5118 1829 5172 sciendum

131 5218 237 5277 est,
265 5212 545 5283 quoniam
578 5213 647 5266 de
679 5211 1030 5265 divinatione
1074 5210 1404 5263 daemonum
1452 5206 1694 5277 quaestio
1724 5210 1827 5269 est,

130 5302 261 5356 illos
288 5318 355 5355 ea
385 5302 705 5371 plerunque
734 5298 1132 5369 prmnunciare
1153 5313 1282 5367 quae
1306 5296 1415 5365 ipsi
1444 5294 1646 5348 facturi
1676 5298 1825 5348 sunt.

130 5389 441 5458 Accipiunt
486 5387 641 5441 enim
686 5402 833 5456 saepe
864 5390 1208 5455 potestatem
1239 5388 1295 5437 et
1325 5382 1560 5435 morbos
1603 5380 1829 5434 immit-

128 5482 275 5545 tere,
306 5481 364 5530 et
395 5476 586 5545 ipsum
620 5490 810 5529 aerem
842 5472 1094 5527 vitiando
1124 5470 1455 5526 morbidum
1486 5469 1743 5532 reddere,
1775 5472 1830 5522 et

127 5565 417 5636 perversis
471 5569 642 5635 atque
690 5562 1043 5618 amatoribus
1088 5566 1450 5615 terrenarum
1496 5557 1827 5612 commodo-

1943 3109 2014 3163 ge
2041 3093 2113 3147 sit
2140 3092 2383 3147 altitudo
2430 3093 2584 3147 illius
2612 3095 2933 3164 prophetiae
2966 3111 3138 3165 quam
3188 3096 3334 3149 Deus
3364 3112 3470 3165 per
3499 3112 3636 3150 san-

1942 3186 2058 3235 ctos
2096 3182 2331 3251 angelos
2376 3186 2433 3235 et
2463 3182 2771 3251 prophetas
2803 3188 3094 3252 operatur.
3133 3184 3275 3237 Nam
3319 3184 3364 3237 si
3395 3185 3530 3255 quid
3564 3185 3635 3240 de

1941 3269 2039 3322 illa
2083 3270 2185 3323 Dei
2233 3269 2603 3339 dispositione
2645 3271 3060 3339 praenunciant,
3116 3272 3359 3325 audiunt
3399 3278 3457 3326 ut
3488 3290 3635 3343 pres-

1943 3358 2240 3425 nuncient,
2287 3364 2343 3411 et
2386 3374 2514 3411 cum
2548 3374 2614 3411 ea
2660 3358 2983 3427 praedicunt
3026 3375 3154 3429 quae.
3186 3360 3319 3414 inde
3373 3362 3633 3428 audiunt,

1941 3462 2061 3499 non
2116 3446 2323 3499 fallunt
2373 3462 2386 3499 :
2439 3447 2799 3500 veracissima
2852 3448 3009 3501 enim
3061 3453 3197 3501 sunt
3253 3451 3528 3518 angelica,
3579 3456 3637 3505 et

1942 3534 2277 3603 prophetica
2335 3535 2585 3587 oracula.
2633 3533 2721 3588 Sic
2771 3539 2961 3588 autem
3011 3535 3379 3605 indignanter
3427 3538 3635 3609 accipi-

1942 3626 2056 3686 tur,
2090 3620 2244 3690 quod
2265 3620 2458 3691 aliqua
2482 3620 2656 3674 etiam
2676 3621 2814 3674 talia
2839 3622 3131 3676 daemones
3158 3623 3395 3677 audiant
3419 3631 3474 3678 et
3494 3641 3637 3696 pras-

1942 3707 2153 3773 dicant,
2204 3708 2371 3778 quasi
2418 3707 2636 3779 aliquid
2693 3708 3000 3779 indignum
3048 3711 3139 3776 sit,
3191 3716 3255 3765 ut
3306 3713 3460 3781 quod
3506 3714 3637 3768 ideo

1943 3794 2153 3849 dicitur
2220 3799 2280 3849 ut
2316 3796 2651 3850 hominibus
2716 3796 3056 3864 innotescat,
3117 3798 3224 3853 hoc
3283 3815 3397 3853 non
3450 3801 3639 3855 solum

1941 3884 2102 3950 boni,
2148 3900 2349 3938 verum
2397 3884 2569 3938 etiam
2608 3884 2744 3938 mali
2774 3900 2891 3939 non
2920 3890 3165 3952 taceant,
3224 3876 3355 3941 cum
3406 3888 3465 3942 in
3496 3889 3637 3960 ipsis

1942 3972 2273 4027 hominibus
2303 3973 2476 4027 etiam
2519 3974 2650 4026 vitae
2679 3973 2845 4027 bona:
2878 3980 3163 4045 praecepta
3202 3976 3499 4030 videamus
3530 3995 3637 4048 pa—

1942 4062 2082 4115 riter
2130 4078 2158 4115 a
2209 4061 2379 4131 justis
2427 4061 2822 4132 perversisque
2860 4063 3098 4131 cantari,
3150 4080 3255 4117 nec
3277 4065 3476 4118 obesse
3531 4067 3635 4120 ali-

1944 4149 2103 4219 quid,
2138 4149 2254 4203 imo
2294 4150 2466 4203 etiam
2498 4150 2768 4220 prodesse
2797 4151 2868 4204 ad
2901 4151 3179 4225 majorem
3223 4152 3516 4216 noticiam,
3551 4154 3637 4207 fa-

1946 4253 2214 4308 mamque
2264 4237 2537 4301 veritatis,
2594 4254 2725 4292 cum
2769 4238 2839 4292 de
2890 4239 2988 4292 illa
3026 4240 3198 4294 etiam
3243 4241 3301 4294 hi
3353 4241 3637 4312 quidquid

1948 4330 2247 4390 noverunt,
2303 4325 2519 4390 dicunt,
2555 4324 2655 4394 qui
2699 4326 2752 4379 ei
2779 4327 3061 4396 perversis
3109 4327 3363 4381 moribus
3404 4335 3636 4383 contra-

1943 4412 2158 4466 dicunt.
2208 4413 2271 4465 In
2297 4411 2516 4465 caeteris
2546 4418 2738 4466 autem
2770 4413 2887 4467 suis
2918 4414 3387 4483 praedictionibus
3416 4418 3636 4472 daemo-

1940 4517 2040 4555 nes
2070 4501 2411 4571 plerumque
2453 4505 2510 4553 et
2539 4501 2746 4554 fallunt
2778 4506 2836 4555 et
2864 4502 3144 4556 falluntur
3191 4504 3419 4574 quidem
3457 4521 3470 4559 :
3500 4505 3637 4577 quia

1940 4603 2065 4641 cum
2115 4604 2245 4641 suas
2294 4588 2698 4659 dispositiones
2744 4590 3160 4659 praemuni-iant,
3207 4608 3273 4645 ex
3326 4593 3634 4663 improviso

1940 4677 2188 4745 desuper
2236 4676 2450 4746 aliquid
2500 4676 2753 4746 jubetur,
2796 4678 2945 4746 quod
2980 4694 3181 4731 eorum
3214 4680 3451 4733 consilia
3493 4696 3633 4734 cun-

1939 4770 2029 4817 cta
2084 4764 2425 4834 perturbat:
2474 4765 2630 4817 velut
2678 4763 2727 4816 si
2774 4765 2992 4834 aliquid
3026 4765 3334 4835 disponant
3391 4768 3635 4836 quilibet

1941 4853 2201 4907 homines
2244 4852 2568 4922 quibusque
2612 4852 2993 4921 potestatibus
3026 4854 3262 4920 subditi,
3313 4855 3462 4924 quod
3515 4872 3633 4910 non

1939 4941 2331 5011 prohibituros
2378 4955 2509 4993 suos
2540 4939 2878 5010 praepositos
2921 4940 3292 5008 arbitrentur,
3342 4942 3513 5012 idque
3542 4943 3633 4997 fa-

1938 5034 2130 5083 cturos
2174 5044 2233 5082 se
2290 5043 2410 5081 esse
2442 5027 2756 5097 promittat,
2806 5033 2864 5082 at
2913 5027 2994 5081 illi
3035 5044 3208 5099 penes
3259 5045 3401 5099 quos
3449 5030 3634 5100 major

1939 5119 2187 5185 potestas
2234 5117 2336 5180 est,
2392 5129 2456 5167 ex
2486 5113 2599 5166 alio
2653 5113 2946 5183 superiore
3005 5114 3243 5168 consilio
3298 5116 3407 5169 hoc
3447 5119 3632 5172 totum

1940 5202 2281 5272 dispositum
2331 5207 2501 5271 atque
2552 5208 2941 5272 praeparatum
2985 5207 3222 5272 repente
3268 5203 3628 5273 prohibeant.

1940 5293 2240 5348 Falluntur
2268 5290 2441 5343 etiam
2472 5306 2601 5343 cum
2629 5290 2814 5343 causis
2841 5291 3223 5359 naturalibus,
3256 5293 3403 5347 sicut
3447 5294 3632 5348 medi-

1939 5378 2008 5446 ci,
2042 5384 2098 5432 et
2143 5384 2386 5447 naturae,
2434 5384 2493 5431 et
2532 5378 2821 5449 agricolae,
2856 5378 2955 5432 sed
3005 5379 3175 5449 longe
3204 5381 3450 5451 acutius,
3500 5383 3633 5439 lon-

1938 5484 2123 5539 geque
2178 5466 2543 5538 praestantius
2599 5482 2703 5538 pro
2752 5466 2870 5520 aeri
2926 5467 3183 5539 corporis
3232 5485 3403 5525 sensu
3449 5472 3630 5526 soler-

1939 5556 2086 5612 tiore
2153 5560 2212 5611 et
2274 5554 2619 5611 excitatione
2684 5560 3052 5626 pranoscunt
3110 5573 3123 5611 :
3186 5559 3325 5629 quia
3386 5563 3443 5613 et
3507 5559 3630 5614 haec
