4028 6190
397 298 497 351 847

1460 288 1874 347 BURCHARDI
1913 287 2447 346 WORMACIENSIS
2486 285 2816 343 EPISCOPI.
3760 295 3846 349 848

397 421 467 475 ab
529 418 752 489 angelis
806 419 921 472 Deo
987 431 1214 470 summo
1268 413 1361 485 pie.
1425 413 1803 468 servientibus
1865 429 1933 466 ex
1985 412 2096 466 alia
2124 413 2170 466 Î‘
2208 415 2342 465 tura
2387 408 2702 464 certissime
2731 409 2961 474 scirent,
3009 408 3138 462 ideo
3171 425 3272 480 per
3301 425 3401 464 sua
3445 413 3650 481 templa
3693 418 3852 470 tacue-

398 508 770 579 dispositione
837 505 1057 576 ignota,
1128 503 1488 558 daemonibus
1545 518 1614 556 ex
1673 501 1985 572 improviso
2035 517 2100 554 ac

397 601 634 668 repente
696 599 1016 662 mutantur,
1077 599 1350 663 tanquam
1408 592 1457 645 si
1513 591 1732 662 aliquid
1794 607 1949 662 aegro
2000 606 2097 644 ex-

398 685 682 740 trinsecus
754 683 988 736 accedat
1054 697 1168 752 quo
1238 680 1538 746 moriatur,
1605 695 1777 750 quem
1843 678 2099 733 medicus

400 773 548 827 veris
599 771 801 826 salutis
857 769 1314 840 praecedentibus
1382 768 1581 838 signis,
1637 769 1913 821 victarum
1980 782 2099 819 esse

400 861 762 932 promiserat.
800 861 914 913 Aut
943 859 990 912 si
1037 857 1185 912 aeris
1237 857 1513 927 qualitate
1566 855 1793 927 provisa
1838 855 1935 909 diu
1986 860 2098 908 sta-

401 955 593 1004 tutum
655 949 820 1002 illum
874 952 1111 1001 ventum
1189 950 1499 1000 nautarum
1567 944 1746 1015 aliqui
1804 943 2100 1014 praedixis-

402 1043 546 1106 sent,
598 1053 726 1092 cum
785 1035 1060 1090 Dominus
1117 1035 1372 1090 Christus
1419 1051 1546 1088 cum
1593 1033 1886 1103 discipulis
1941 1031 2102 1086 navi-

401 1143 543 1198 gans
595 1131 660 1180 ut
703 1125 1092 1196 requiesceret
1139 1124 1463 1194 imperavit,
1515 1128 1573 1176 et
1629 1122 1777 1176 facta
1817 1126 1902 1175 est
1949 1125 2103 1175 tran-

403 1213 656 1286 quillitas
699 1229 928 1284 magna.
977 1213 1074 1266 Vel
1116 1213 1163 1266 si
1196 1213 1445 1281 agricola
1473 1211 1573 1264 illo
1604 1226 1756 1263 anno
1789 1209 2102 1263 fructifica-

401 1308 593 1358 turam
640 1302 814 1356 vitem
860 1302 1114 1371 aliquam
1171 1300 1534 1370 polliceatur,
1589 1303 1856 1352 naturam
1906 1297 2101 1368 utique

400 1396 570 1446 terra:
599 1394 657 1445 et
686 1407 957 1445 numeros
987 1389 1277 1443 seminum
1306 1389 1539 1453 callens,
1573 1403 1688 1457 quo
1722 1391 1919 1440 tamen
1951 1402 2101 1439 anno

403 1496 529 1534 eam
588 1479 676 1532 vel
734 1478 1046 1548 improvisa
1090 1477 1215 1530 coeli
1262 1476 1632 1546 intemperies
1685 1475 1974 1543 arefaciat,
2023 1475 2101 1530 ita

404 1570 587 1622 multa
617 1567 788 1620 etiam
816 1567 884 1620 ad
916 1567 1280 1636 praesentiam
1307 1565 1859 1634 praedictionemque
1892 1564 2100 1618 daemo-

407 1669 542 1711 num
567 1655 933 1725 pertinentia,
964 1671 1090 1724 quae
1122 1653 1444 1707 minoribus
1472 1657 1528 1706 et
1558 1652 1950 1706 usitatioribus
1980 1667 2104 1706 cau-

407 1745 481 1798 sis
507 1746 698 1798 futura
721 1743 1132 1812 praevidentur,
1163 1742 1363 1795 eadem
1397 1741 1711 1810 majoribus
1742 1745 1801 1795 et
1829 1741 2100 1794 occultio-

406 1833 563 1886 rihus
593 1832 776 1885 causis
808 1831 1090 1901 impedita
1113 1836 1427 1884 mutantur.
1466 1831 1690 1884 Fallunt
1710 1835 1899 1884 autem
1928 1829 2100 1883 etiam

407 1922 594 1975 studio
624 1920 858 1974 fallendi
885 1924 938 1973 et
969 1919 1163 1973 invida
1192 1920 1500 1991 voluntate,
1528 1921 1663 1988 quia
1692 1918 1994 1972 hominum
2020 1933 2105 1970 cr-

406 2027 536 2064 rore
571 2011 855 2062 laetantur.
891 2007 1002 2062 Sed
1035 2024 1106 2060 ne
1136 2008 1289 2077 apud
1319 2007 1564 2061 cultores
1591 2022 1723 2060 suos
1751 2006 1977 2077 pondus
2007 2021 2102 2058 au-

406 2097 684 2151 ctoritatis
740 2095 1026 2162 amittant,
1062 2095 1119 2148 id
1170 2100 1372 2165 agunt,
1405 2099 1470 2148 ut
1523 2094 1936 2165 interpretibus
1984 2094 2100 2147 suis

405 2183 820 2253 signorumque
865 2199 1101 2237 suorum
1133 2183 1554 2253 conjectoribus
1591 2183 1760 2252 culpa
1791 2182 2095 2247 tribuatur,

404 2273 632 2342 quando
681 2273 768 2324 vel
828 2272 1047 2342 decepti
1103 2272 1338 2338 fuerint,
1387 2271 1474 2324 vel
1524 2271 1771 2328 mentiti.
1822 2271 2099 2324 Nonnun-

405 2375 578 2430 quam
620 2376 750 2413 vero
801 2359 907 2429 ipsi
957 2360 1199 2429 maligni
1232 2360 1467 2431 spiritus
1499 2365 1556 2413 et
1607 2359 1869 2413 illusores
1912 2358 2098 2413 homi-

403 2463 543 2500 num
574 2453 743 2517 atque
775 2448 1050 2501 invisores
1080 2449 1279 2502 salutis
1309 2465 1530 2514 eorum,
1575 2447 1762 2501 solent
1789 2447 2098 2518 praedicere

315 2584 325 2592 .
405 2535 688 2589 defectum
719 2535 955 2590 culturaa
986 2553 1104 2590 sum
1133 2541 1188 2590 et
1217 2537 1504 2591 idolorum
1531 2537 1784 2602 ruinam,
1816 2540 2100 2606 quatenus

401 2625 608 2694 prescii
661 2625 962 2679 videantur
1009 2625 1146 2695 quid
1201 2625 1260 2678 in
1295 2624 1540 2694 singulis
1569 2624 1764 2693 regnis
1817 2629 1916 2678 aut
1961 2625 2098 2678 locis

400 2716 706 2766 venturum
755 2712 847 2777 sit,
895 2717 946 2766 et
983 2713 1116 2783 quid
1171 2713 1394 2767 adversi
1442 2729 1562 2766 sum
1595 2712 1827 2766 factioni
1873 2712 2097 2766 contin-

401 2815 535 2870 gere
564 2803 764 2872 possit.
820 2801 979 2864 Quod
1009 2802 1183 2856 etiam
1232 2802 1318 2856 illi
1350 2802 1448 2873 qui
1479 2803 1784 2872 gentilium
1831 2801 2098 2856 historias

397 2889 598 2958 legunt
639 2906 757 2943 non
791 2891 1079 2959 ignorant.
1122 2890 1270 2954 Quid
1309 2907 1447 2960 ergo
1494 2891 1726 2957 mirum,
1759 2890 1808 2943 si
1829 2891 1953 2961 jam
1995 2890 2100 2944 im-

2206 505 2364 566 runt,
2396 515 2469 553 ne
2507 499 2628 568 jam
2661 503 2797 552 tunc
2841 498 3160 566 inciperent
3197 497 3267 552 ab
3310 499 3631 555 hominibus
3670 501 3853 558 intelli-

2207 589 2478 659 gentibus
2500 587 2688 641 deseri
2717 592 2890 656 atque
2911 587 3204 640 contemni
3229 603 3241 641 :
3271 587 3423 658 quod
3451 588 3518 642 de
3549 592 3853 660 templorum

2209 682 2265 731 et
2333 676 2772 730 simulacrorum
2839 691 3074 730 suorum
3137 677 3331 730 futura
3399 678 3679 733 eversione
3733 682 3855 737 eisa

2208 765 2508 838 prophetis
2575 769 2961 831 attestaretur,
3024 764 3124 834 qui
3179 781 3279 819 eos
3330 766 3439 818 coli
3501 767 3855 836 prohibebant.

2207 855 2374 910 Nunc
2404 870 2538 908 vero
2572 859 2949 924 posteaquam
2986 857 3214 922 tempus
3243 854 3476 908 advenit
3505 871 3614 925 quo
3644 860 3854 928 comple-

2208 949 2411 998 rentur
2443 942 2713 996 vaticinia
2750 941 3173 1011 prophetarum
3218 943 3317 995 Dei
3353 943 3545 1010 unius,
3590 945 3708 1014 quis
3749 943 3857 1000 istos

2209 1033 2348 1087 deos
2378 1031 2536 1094 dicit,
2575 1036 2632 1084 et
2662 1035 2728 1084 ut
2757 1031 3019 1084 colantur
3055 1031 3554 1085 vehementissime
3599 1034 3856 1105 praecipit?

2209 1121 2398 1184 Quum
2431 1137 2545 1173 non
2575 1119 2682 1172 hoc
2707 1118 2880 1172 etiam
2904 1118 3014 1189 ipsi
3040 1126 3400 1189 compertum
3422 1121 3718 1190 praedicere
3744 1126 3857 1179 sine-

2209 1212 2429 1274 rentur,
2463 1212 2525 1261 ut
2570 1207 2704 1262 inde
2731 1207 2938 1261 clarius
2967 1213 3270 1278 appareret
3323 1225 3424 1262 eos
3473 1209 3590 1263 haec
3619 1217 3769 1264 antea
3789 1215 3854 1266 vel

2210 1296 2452 1351 minime
2509 1296 2834 1357 credidisse,
2890 1296 2976 1352 vel
3036 1297 3152 1351 suis
3216 1298 3537 1352 cultoribus
3598 1301 3854 1356 euuuciare

2210 1385 2491 1452 timuisse,
2528 1386 2586 1438 in
2631 1385 2746 1439 iine
2791 1390 2980 1440 autem
3028 1391 3305 1456 tanquam
3341 1386 3484 1440 nihil
3535 1388 3758 1458 amplius
3780 1391 3853 1443 ha-

2211 1475 2413 1529 bentes
2445 1474 2583 1544 quid
2616 1479 2878 1544 agerent,
2928 1473 3098 1528 etiam
3128 1475 3207 1529 ibi
3235 1475 3488 1529 voluisse
3535 1493 3688 1531 suam
3712 1483 3858 1532 osten-

2211 1566 2333 1616 tare
2379 1561 2758 1629 divinitatem,
2811 1561 3050 1631 ubijam
3100 1562 3428 1632 produntur
3479 1563 3574 1617 diu
3613 1565 3855 1618 simulasse

2211 1651 2671 1706 divinationem?
2699 1652 2911 1704 Tamen
2958 1666 3061 1704 nec
3092 1650 3198 1703 ista
3241 1650 3370 1720 ipsa
3419 1666 3547 1720 quas
3577 1652 3642 1706 ab
3685 1653 3754 1706 eis
3791 1655 3854 1707 vix

2215 1756 2344 1794 raro
2386 1744 2440 1793 et
2487 1740 2748 1793 clanculo
2795 1738 3184 1808 proferuntur,
3245 1755 3483 1793 movere
3533 1756 3633 1794 nos
3671 1741 3852 1795 debent.

2211 1829 2267 1883 Si
2301 1829 2570 1900 cuiquam
2612 1828 2938 1881 daemonum
2973 1831 3256 1880 extortum
3291 1832 3400 1892 est,
3433 1828 3488 1882 id
3519 1829 3740 1898 prodere
3765 1831 3854 1884 cul-

2210 1918 2432 1972 toribus
2459 1917 2575 1970 suis
2602 1916 2752 1986 quod
2787 1915 3062 1969 didicerat
3091 1931 3158 1968 ex
3189 1915 3444 1987 eloquiis
3473 1918 3854 1987 prophetarum,

2209 2007 2299 2061 vel
2335 2022 2401 2060 ex
2434 2005 2680 2059 oraculis
2707 2005 3066 2075 angelorum.
3101 2003 3260 2068 Quod
3294 2021 3402 2059 cur
3422 2021 3540 2058 non
3566 2005 3730 2071 ï¬eret,
3755 2021 3854 2059 cum

2211 2099 2268 2149 et
2295 2095 2403 2148 ista
2447 2110 2566 2148 non
2617 2093 2731 2147 sint
2770 2093 3147 2163 oppugnatio,
3205 2093 3306 2147 sed
3352 2094 3583 2148 testatio
3613 2095 3858 2148 veritatis?

2210 2184 2357 2238 Illud
2381 2184 2534 2237 enim
2566 2183 2720 2253 quod
2739 2183 2922 2236 solum
2941 2182 3011 2235 ab
3030 2181 3168 2252 ipsis
3191 2181 3520 2251 phauaticis
3541 2181 3853 2252 ï¬‚agitandum

2209 2276 2317 2338 est,
2375 2287 2479 2326 nec
2531 2287 2789 2342 unquam
2839 2274 3008 2324 antea
3055 2271 3450 2340 protulerunt,
3500 2287 3601 2324 nec
3653 2287 3855 2342 unquam

2209 2364 2428 2430 postea,
2497 2359 2606 2413 nisi
2661 2360 2809 2414 forte
2857 2358 3167 2412 conï¬ctum
3216 2359 3483 2429 proferre
3536 2359 3856 2424 conabuntur,

2210 2448 2430 2520 aliquid
2476 2448 2612 2502 deos
2656 2464 2791 2502 suos
2839 2463 2944 2518 per
2968 2452 3122 2500 vates
3165 2463 3320 2511 suos,
3371 2453 3570 2502 contra
3611 2450 3765 2502 Deum
3800 2449 3860 2502 Is-

2208 2538 2329 2591 rael
2361 2553 2529 2590 ausos
2573 2535 2749 2590 fuisse
2779 2533 3219 2606 praedicereaut
3265 2536 3480 2590 dicere.
3529 2538 3604 2590 De
3632 2553 3732 2606 quo
3774 2537 3859 2590 Deo

2208 2624 2521 2680 doctissimi
2551 2640 2753 2678 eorum
2811 2627 3058 2688 autores,
3093 2623 3192 2694 qui
3230 2625 3437 2678 omnia
3466 2625 3562 2678 illa
3613 2627 3776 2695 legere
3815 2641 3861 2678 ac

2208 2730 2377 2769 nosse
2399 2718 2732 2784 potuerunt,
2766 2712 2948 2783 magis
2979 2711 3378 2782 quaesiverunt
3408 2714 3538 2784 quis
3568 2715 3702 2769 Deus
3727 2718 3859 2779 esset,
3931 2739 3933 2750 â€¹

2209 2819 2383 2874 quam
2419 2804 2598 2857 Deum
2655 2817 2866 2872 negare
2905 2805 3230 2872 potuerunt.
3285 2803 3470 2856 Porro
3522 2807 3703 2856 autem
3745 2802 3860 2855 Deus

2206 2891 2312 2945 iste
2354 2907 2527 2962 quem
2575 2889 2768 2944 nullus
2829 2904 3030 2942 eorum
3091 2905 3302 2960 negare
3347 2906 3520 2944 ausus
3581 2897 3661 2944 est
3701 2905 3858 2942 verum

398 2978 654 3034 minente
715 2979 1064 3055 templorum
1132 2984 1187 3033 et
1245 2979 1687 3033 simulacrorum
1755 2979 2049 3033 eversione
2077 3020 2091 3045 ,
2128 2991 2168 3045 á½·]
2208 2981 2413 3046 Deum,
2460 2979 2597 3050 quia
2626 2982 2683 3031 et
2715 2978 2762 3031 si
2795 2983 3031 3046 negaret
3063 2994 3179 3031 non
3229 2978 3424 3033 solum
3454 2979 3752 3049 subjaceret
3790 2978 3860 3030 de-

397 3082 570 3136 quam
605 3067 901 3137 propheta:
934 3067 1035 3121 Dei
1079 3069 1290 3121 summi
1321 3073 1480 3122 tanto
1507 3072 1639 3122 ante
1690 3068 2093 3138 praedixerant,

395 3154 622 3224 Serapis
677 3155 904 3208 daemon
973 3154 1144 3208 alicui
1201 3156 1490 3210 cultorum
1553 3172 1794 3209 suorum
1860 3156 1969 3209 hoc
2023 3156 2093 3210 de

394 3243 650 3312 proximo
697 3241 969 3311 prodidit,
1021 3247 1083 3295 ut
1129 3259 1289 3296 suam
1331 3243 1494 3313 quasi
1543 3243 1903 3297 divinitatem
1937 3260 2093 3298 rece-

395 3331 535 3382 dens
568 3331 650 3383 vel
685 3329 912 3400 fugiens
951 3332 1399 3385 commendaret.
1449 3332 1744 3401 Fugantur
1773 3331 1928 3386 enim
1976 3332 2090 3397 isti,

395 3419 482 3472 vel
512 3419 685 3473 etiam
722 3419 896 3488 jussis
943 3419 1336 3489 superioribus
1389 3420 1639 3490 colligati
1687 3420 2095 3475 abstrahuntur

397 3512 455 3561 et
515 3508 842 3562 alienantur
872 3523 905 3561 a
937 3508 1072 3561 locis
1121 3508 1262 3576 suis,
1327 3513 1389 3562 ut
1433 3509 1502 3563 de
1566 3508 1738 3562 rebus
1776 3509 1837 3562 in
1886 3509 2096 3580 quibus

397 3595 732 3651 colebantur
759 3595 861 3650 ï¬at
890 3598 1150 3650 voluntas
1202 3596 1321 3663 Dei,
1354 3598 1452 3667 qui
1483 3597 1589 3651 hoc
1633 3603 1792 3652 tanto
1831 3603 1963 3652 ante
1993 3614 2096 3668 per

397 3701 596 3738 omnes
626 3689 823 3756 gentes
870 3685 1130 3739 futurum
1177 3702 1300 3742 esse
1333 3686 1616 3756 praedixit,
1652 3690 1708 3740 et
1732 3691 1797 3740 ut
1828 3703 1933 3756 per
1963 3703 2094 3741 suos

393 3771 592 3826 ï¬deles
617 3773 781 3826 ï¬eret
807 3773 1132 3844 imperavit.
1167 3777 1280 3829 Cur
1300 3780 1494 3828 autem
1523 3776 1631 3828 hoc
1660 3791 1775 3828 non
1807 3774 2094 3829 sineretur

395 3863 622 3917 dtemou
658 3864 992 3933 prmdicere,
1027 3880 1158 3919 cum
1193 3864 1298 3918 sibi
1333 3865 1453 3934 jam
1485 3868 1870 3933 prmnosceret
1897 3864 2090 3918 immi-

394 3955 570 4006 nere?
595 3953 737 4007 Cum
786 3953 906 4007 haec
938 3955 1234 4025 praedictio
1280 3959 1338 4007 et
1367 3953 1426 4006 in
1457 3954 1750 4024 prophetis
1791 3957 2094 4009 attestareâ€”

395 4045 490 4094 tur
535 4058 568 4094 a
619 4042 830 4111 quibus
887 4047 1022 4095 sunt
1069 4042 1176 4095 ista
1211 4041 1552 4111 conscripta,
1608 4047 1666 4096 et
1711 4042 2091 4112 prudentibus

393 4128 554 4182 daret
584 4129 829 4196 intelligi
869 4146 1041 4199 quam
1094 4129 1396 4198 vigilanter
1444 4133 1591 4183 esset
1633 4130 1964 4184 daemonum
1996 4147 2088 4184 ca-

392 4216 575 4269 venda
622 4215 865 4280 fallacia,
913 4217 1211 4285 cultusque
1262 4216 1588 4286 fugiendus,
1641 4218 1741 4288 qui
1780 4235 1910 4286 cum
1961 4223 2090 4272 ante

392 4319 498 4372 per
539 4309 658 4356 tam
703 4304 944 4372 longum
984 4310 1212 4373 tempus
1243 4304 1301 4358 in
1344 4306 1573 4375 templis
1601 4307 1720 4360 suis
1749 4307 1872 4361 haec
1899 4307 2091 4361 futura

393 4390 723 4458 tacuissent,
785 4407 913 4462 qum
971 4409 1078 4462 per
1128 4393 1438 4464 prophetas
1493 4395 1772 4464 praedicta
1823 4396 2088 4465 ignorare

393 4495 510 4533 non
554 4485 802 4549 possent,
849 4485 1220 4551 posteaquam
1270 4482 1731 4553 appropinquare
1771 4487 2087 4555 coeperunt,

392 4568 698 4622 voluerunt
743 4586 809 4623 ea
854 4570 1015 4641 quasi
1073 4571 1408 4641 prmdicere,
1474 4587 1544 4625 ne
1607 4571 1795 4642 ignari
1839 4573 2087 4644 victique

391 4661 758 4728 putarentur.

797 4748 925 4801 CAP.
957 4748 1160 4802 XLVII.
1193 4778 1262 4789 â€”
1297 4751 1366 4802 De
1392 4748 1577 4802 eadem
1606 4764 1683 4802 re.

459 4835 572 4903 (Em
602 4835 763 4890 dictis
784 4836 1065 4905 ejusdem.)
1087 4836 1226 4890 Cum
1257 4837 1432 4906 igitur
1453 4841 1571 4891 tam
1599 4837 1770 4906 longe
1790 4839 1923 4892 ante
1946 4853 2088 4908 prae-

389 4923 603 4978 dictum
648 4930 796 4978 esset
842 4929 1014 4994 atque
1045 4926 1455 4994 conscriptum,
1491 4932 1554 4980 ut
1606 4925 1716 4979 alia
1747 4925 1957 4980 iterum
1993 4931 2081 4980 ta-

387 5028 639 5079 ceamus,
669 5013 926 5067 dicamus
964 5012 1106 5065 illud
1139 5013 1289 5083 quod
1316 5013 1640 5083 Sophonias
1681 5015 1964 5085 propheta
1995 5015 2082 5068 di-

386 5100 462 5154 cit
494 5117 506 5155 :
539 5101 875 5156 Praevalebit
919 5101 1196 5155 Dominus
1224 5102 1492 5155 adversus
1521 5119 1639 5168 eos,
1684 5103 2087 5158 exterminabit

386 5203 586 5242 omnes
615 5189 753 5243 deos
784 5189 1045 5259 gentium
1079 5192 1266 5255 terrae,
1301 5194 1356 5243 et
1375 5189 1700 5243 adorabunt
1729 5205 1882 5255 eum,
1911 5205 2086 5244 unus-

384 5275 628 5345 quisque
684 5276 753 5329 de
800 5277 922 5331 loco
976 5293 1102 5342 suo,
1153 5293 1353 5331 omnes
1401 5278 1604 5332 insulae
1651 5278 1934 5348 gentium.
1972 5281 2084 5332 Aut

384 5378 500 5415 non
543 5363 851 5418 credebant
901 5365 1010 5419 ista
1061 5365 1170 5419 sibi
1219 5371 1511 5431 eventura,
1567 5366 1703 5436 quia
1751 5366 1810 5419 in
1851 5367 2082 5436 templis

380 5451 640 5521 gentium
671 5453 1021 5520 colebantur,
1073 5457 1128 5508 et
1175 5454 1297 5508 haec
1324 5454 1451 5508 ideo
1500 5469 1606 5524 per
1655 5470 1788 5508 suos
1832 5459 1986 5508 vates
2019 5471 2082 5509 ac

377 5540 718 5609 phanaticos
749 5541 1115 5612 frequentare
1157 5542 1469 5596 noluerunt
1499 5559 1513 5595 :
1545 5546 1642 5596 aut
1680 5559 1810 5596 cum
1845 5558 1913 5598 ea
1941 5557 2078 5598 ven-

2206 3067 2338 3121 bitis
2367 3067 2572 3138 poenis,
2601 3082 2800 3120 verum
2831 3065 3005 3120 etiam
3036 3066 3202 3119 certis
3233 3067 3668 3122 convinceretur
3693 3067 3861 3120 effecti-

2204 3157 2330 3212 bus.
2365 3158 2476 3211 lste
2503 3172 2640 3227 ergo
2690 3157 2838 3209 Deus
2863 3171 3034 3226 quem
3057 3171 3244 3220 nemo,
3280 3161 3348 3210 ut
3369 3157 3636 3222 diximus,
3664 3156 3853 3210 illorum

2203 3262 2418 3316 negare
2449 3261 2618 3298 ausus
2649 3248 2733 3298 est
2767 3260 2964 3298 verum
2997 3245 3199 3308 Deum,
3231 3245 3366 3298 illos
3398 3246 3570 3300 falsos
3595 3261 3707 3300 esse
3731 3244 3852 3303 deos,

2205 3341 2262 3388 et
2293 3334 2530 3388 omnino
2575 3333 2938 3399 deserendas,
2972 3349 3290 3404 eorumque
3335 3336 3559 3405 templa
3596 3339 3650 3387 et
3675 3330 3860 3385 simula-

2203 3438 2299 3476 cra
2328 3428 2386 3478 et
2409 3438 2567 3476 sacra
2610 3421 2919 3475 evertenda
2947 3437 3052 3491 per
3093 3437 3225 3475 suos
3273 3427 3454 3489 vates,
3488 3422 3596 3476 hoc
3641 3425 3718 3475 est
3758 3435 3859 3489 pro-

2203 3510 2426 3584 phetas,
2461 3514 2661 3581 aperta
2688 3509 3053 3566 denunciatio
3077 3510 3368 3580 praedixit,
3402 3516 3602 3580 aperta
3627 3512 3860 3580 potestate

2202 3599 2494 3671 praecepit,
2528 3603 2725 3670 aperta
2772 3598 3008 3653 veritate
3050 3599 3385 3669 complevit.
3441 3601 3598 3655 Unde
3644 3599 3760 3670 quis
3797 3599 3860 3648 est

2203 3687 2303 3758 qui
2333 3703 2516 3758 usque
2538 3687 2680 3742 adeo
2713 3687 2978 3757 desipiat,
2999 3691 3200 3742 utnon
3219 3703 3354 3742 eum
3383 3690 3579 3758 potius
3603 3685 3858 3741 colendum

2201 3775 2396 3847 eligat,
2431 3792 2598 3846 quem
2631 3776 2741 3829 coli
2773 3791 2884 3829 non
2917 3775 3224 3845 prohibent
3255 3793 3405 3848 quos
3437 3775 3686 3832 colebat?
3712 3776 3855 3840 Quem

2199 3865 2403 3936 procul
2450 3864 2625 3918 dubio
2676 3881 2806 3919 cum
2854 3865 3038 3918 colere
3071 3865 3329 3935 casperit,
3378 3867 3510 3920 illos
3543 3867 3724 3936 utique
3763 3877 3854 3916 non

2200 3958 2284 4007 est
2313 3953 2590 4019 culturus,
2639 3968 2781 4023 quos
2833 3952 3102 4023 prohibet
3131 3953 3244 4007 coli
3293 3970 3473 4024 quem
3523 3954 3672 4009 colit.
3726 3947 3854 4018 Quod

2200 4046 2395 4095 autem
2442 4041 2632 4112 ipsum
2689 4045 2880 4095 essent
2933 4041 3175 4095 culturae
3229 4047 3461 4112 gentes,
3511 4039 3856 4097 exterminatis

2200 4129 2311 4184 diis
2352 4131 2505 4184 falsis
2536 4147 2679 4201 quos
2709 4134 2877 4184 antea
2907 4129 3190 4198 colebant,
3221 4147 3254 4184 a
3283 4132 3584 4201 prophetis
3625 4133 3736 4200 ejus
3763 4143 3856 4182 esse

2199 4219 2540 4290 praedictum
2592 4218 2765 4289 paulo
2807 4221 2936 4272 ante
2983 4220 3589 4287 commemoravimus,
3647 4226 3700 4274 et
3735 4231 3854 4271 nunc

2200 4311 2548 4378 repetamus.
2606 4306 2960 4372 Praevalebit,
3015 4305 3229 4378 inquit,
3290 4309 3569 4363 Dominus
3631 4307 3852 4362 adversus

2199 4412 2316 4465 eos,
2348 4401 2406 4450 et
2447 4397 2858 4450 exterminabit
2897 4411 3096 4450 omnes
3127 4397 3262 4451 deos
3303 4400 3571 4467 gentium
3617 4403 3784 4459 terras,
3809 4398 3851 4445 et

2198 4483 2519 4541 adorabunt
2566 4501 2719 4552 eum,
2775 4485 3170 4556 unusquisque
3215 4487 3282 4540 de
3347 4488 3476 4540 loco
3523 4503 3645 4550 suo,
3690 4495 3848 4537 omnes

2196 4572 2400 4627 insula;
2432 4574 2711 4644 gentium.
2749 4577 2942 4645 Neque
2973 4573 3124 4628 enim
3160 4576 3295 4628 solm
3329 4576 3540 4629 insulae
3573 4575 3659 4628 hic
3685 4571 3850 4627 intelli-

2197 4661 2398 4730 gendas
2443 4664 2595 4726 sunt,
2648 4659 2743 4712 sed
2773 4662 2963 4732 potius
2992 4679 3194 4717 omnes
3225 4668 3429 4733 gentes
3471 4663 3531 4716 in
3574 4661 3658 4715 his
3685 4657 3848 4729 posite

2195 4749 2436 4803 adorant
2463 4750 2664 4802 Deum.
2713 4749 2824 4802 Nec
2855 4764 3077 4802 merum
3104 4749 3583 4820 quandoquidem
3613 4747 3737 4802 alibi
3762 4759 3850 4799 non

2195 4837 2410 4891 insulas
2463 4837 2742 4903 nominat,
2799 4837 2896 4890 sed
2948 4837 3274 4891 universum
3329 4838 3532 4893 orbem
3587 4841 3850 4898 terrarum,

2197 4925 2388 4980 dicens
2421 4942 2434 4980 Îµ
2468 4925 3091 4980 Commemorabuntur
3133 4933 3191 4979 et
3235 4932 3644 4981 convertentur
3674 4924 3736 4978 ad
3766 4924 3850 4976 Do-

2193 5014 2421 5068 minum
2469 5013 2720 5067 universi
2768 5014 2909 5067 iiues
2959 5021 3148 5080 terras,
3192 5019 3250 5068 et
3297 5014 3618 5069 adorabunt
3661 5012 3712 5065 in
3743 5024 3849 5062 con-

2195 5107 2390 5171 spectu
2439 5103 2561 5172 ejus
2592 5103 2873 5157 universa:
2918 5104 3118 5174 patriae
3161 5104 3446 5173 gentium,
3481 5101 3742 5174 quoniam
3769 5096 3850 5151 D0-

2193 5189 2338 5242 mini
2367 5194 2450 5243 est
2481 5206 2743 5260 regnum,
2772 5197 2830 5244 et
2858 5191 2977 5262 ipse
3009 5191 3403 5246 dominabitur
3442 5194 3712 5261 gentium.
3744 5185 3847 5237 Hac

2192 5284 2384 5331 autem
2417 5294 2522 5348 per
2553 5279 2840 5333 Christum
2881 5279 3055 5333 fuisse
3098 5279 3464 5350 complenda,
3501 5284 3555 5332 et
3601 5276 3718 5331 aliis
3744 5272 3844 5344 plu-

2190 5367 2351 5420 ribus
2388 5368 2750 5432 testimoniis,
2804 5374 2859 5422 et
2902 5368 2962 5421 in
3013 5368 3214 5422 eodem
3271 5369 3393 5439 ipso
3454 5369 3668 5438 psalmo
3721 5359 3844 5415 unde

2191 5456 2766 5509 commemoravimus
2786 5457 2920 5511 satis
2947 5463 3204 5528 apparet.
3231 5458 3370 5511 Cum
3394 5457 3550 5508 enim
3579 5451 3738 5523 paulo
3765 5461 3842 5498 su-

2189 5543 2384 5613 perius
2412 5543 2664 5599 futuram
2691 5545 3016 5615 passionem
3045 5561 3208 5599 suam
3241 5561 3344 5615 per
3382 5543 3714 5611 Prophetam
3743 5537 3838 5603 ipse
