4028 6190
152 259 267 313 849

1130 245 1610 305 DECRETORUM
1655 245 1841 300 LIBRI
1882 246 1990 300 XX.
2033 274 2101 283 -—
2142 241 2345 298 LIBER
2394 238 2732 295 DECIMUS.

3617 240 3722 294 850

150 386 518 455 loqueretur,
550 378 743 434 dicens
778 393 791 431 :
839 375 1125 430 Foderunt
1156 389 1360 427 manus
1412 385 1571 425 meas
1601 373 1657 423 et
1696 368 1871 439 pedes
1899 372 1944 423 Α
1980 363 2359 437 superemini,
2404 377 2512 415 nec
2565 363 2720 433 quod
2755 380 2852 417 vos
2885 366 3160 435 spernant
3216 358 3378 428 magi
3441 358 3720 414 duxeritis

158 491 343 541 meos,
377 470 892 525 dinumeraverunt
939 464 1135 518 omnia
1194 478 1324 518 ossa
1377 476 1526 525 mea,
1568 458 1681 528 ipsi
1740 473 1876 512 vero

154 560 672 617 consideraverunt
704 559 760 608 et
791 554 1216 622 conspexerunt
1248 564 1360 616 me,
1407 546 1730 601 diviserunt
1769 544 1880 598 sibi

156 651 501 706 vestimenta
559 661 683 700 mea
717 649 774 697 et
827 657 1004 711 super
1061 643 1275 693 vestem
1346 651 1537 691 meam
1593 633 1881 688 miserunt

162 746 416 804 sortem;
450 735 622 807 paulo
645 737 775 804 post
802 730 976 783 infert
1005 728 1152 781 illud
1170 726 1321 798 quod
1347 723 1649 795 posuimus
1675 737 1686 773 :
1710 720 1880 774 Com-

160 828 647 885 memorabuntur
695 827 750 874 et
803 820 1216 872 convertentur
1264 814 1337 868 ad
1395 809 1706 867 Dominum
1748 809 1880 862 uni-

165 918 321 973 versi
350 916 490 971 ﬁnes
521 923 706 975 terrae,
758 914 892 972 etc.,
927 921 1262 977 quanquam
1321 908 1377 955 et
1406 900 1549 954 illud
1619 898 1883 951 testimo-

170 1008 337 1062 nium
378 1002 523 1075 quod
547 1000 704 1072 prius
734 996 992 1063 adhibui,
1024 995 1123 1048 ubi
1155 993 1369 1047 dictum
1399 994 1516 1053 est;
1545 986 1883 1058 praevalebit

174 1095 449 1151 Dominus
476 1092 743 1143 adversus
773 1102 892 1152 eos,
940 1089 997 1137 et
1059 1078 1467 1136 exterminabit
1499 1091 1700 1130 omnes
1743 1075 1884 1128 deos

172 1183 433 1255 gentium
462 1185 648 1242 terrae,
682 1177 741 1230 in
784 1192 849 1229 eo
908 1172 1066 1243 quod
1096 1170 1350 1241 positum
1381 1171 1486 1231 est,
1522 1163 1881 1236 prtevalebit,

172 1251 313 1327 satis
343 1267 588 1324 ostendit
619 1266 791 1319 etiam
820 1264 928 1317 huc
954 1258 1436 1331 praenunciatum,
1482 1252 1636 1325 quod
1668 1251 1885 1323 pagani

173 1362 338 1433 prius
416 1353 804 1428 oppugnaturi
873 1355 1067 1403 essent
1126 1346 1454 1409 Ecclesiam,
1547 1357 1885 1411 nomenque

174 1449 557 1505 Christianum
614 1448 895 1514 quantum
953 1439 1210 1491 valerent
1276 1431 1656 1503 persecuturi,
1720 1435 1783 1483 ut
1839 1430 1886 1481 si

175 1540 302 1595 ﬁeri
330 1542 533 1608 posset,
568 1536 637 1588 de
669 1538 817 1585 terra
850 1529 1088 1582 omnino
1136 1526 1441 1580 deleretur.
1478 1524 1539 1576 Et
1595 1520 1731 1591 quia
1789 1536 1889 1573 eos

1989 457 2146 512 Sicut
2178 453 2333 507 enim
2364 451 2807 523 vestimentum,
2850 454 2931 507 ita
2988 468 3093 523 per
3127 458 3362 519 tempus
3422 464 3718 501 assumen-

1992 550 2103 611 tur,
2134 550 2192 597 et
2226 543 2372 595 sicut
2424 540 2559 592 lana
2591 557 2621 593 a
2685 542 2841 595 tinea
2897 541 3272 595 comedentur
3302 553 3314 590 :
3344 536 3567 606 justitia
3616 552 3720 589 au-

1992 638 2108 687 tem
2144 647 2272 685 mea
2305 628 2364 681 in
2422 634 2711 682 aeternum
2746 635 2955 683 manet.
3006 625 3432 683 Attendendum
3467 628 3552 676 est
3582 639 3720 693 ergo

1992 727 2164 793 atque
2234 717 2397 771 omni
2452 718 2645 771 studio
2697 719 3037 783 cavendum,
3092 733 3164 769 ne
3216 714 3436 767 nostris
3496 716 3723 782 tempo-

1991 812 2152 866 ribus
2210 810 2273 862 in
2316 805 2526 875 quibus
2578 808 2838 861 videmus
2895 806 3281 860 Christianam
3380 800 3719 867 religionem

1992 901 2053 955 in
2084 903 2205 953 toto
2238 895 2378 950 orbe
2407 894 2731 957 dilatatam,
2757 900 2990 966 propter
3021 891 3305 946 desidiam
3340 889 3723 956 magistorum

1995 993 2053 1043 et
2082 986 2359 1040 inertiam
2382 983 2702 1051 doctorum,
2736 982 2905 1054 pauci
2936 981 3021 1035 illi
3051 980 3151 1051 qui
3191 979 3383 1033 adhuc
3412 983 3725 1048 supersunt

1995 1072 2546 1131 confundantritnm
2572 1074 2811 1126 culturae
2834 1070 2951 1124 veri
2978 1069 3187 1134 Dei,et,
3206 1067 3724 1121 daemoniacisillu-

1997 1166 2263 1219 sionibus
2298 1162 2615 1232 depravati,
2665 1159 3051 1214 divinationes
3080 1156 3253 1210 falsas
3283 1155 3347 1207 in
3380 1156 3593 1225 populo
3624 1158 3724 1212 Dei

1997 1259 2193 1324 agant,
2230 1250 2478 1305 rusticos
2506 1256 2563 1303 et
2585 1249 2886 1318 imperitos
2911 1245 3271 1309 seducentes,
3309 1243 3391 1297 ita
3414 1248 3473 1297 ut
3503 1244 3727 1299 deserta

1996 1343 2123 1413 ipsa
2152 1340 2418 1405 veritate,
2452 1355 2582 1409 qua:
2604 1340 2703 1391 lux
2730 1342 2813 1389 est
2846 1334 3062 1398 mundi,
3089 1338 3146 1386 et
3172 1333 3474 1387 illuminat
3495 1351 3724 1390 omnem

2000 1432 2298 1485 hominem
2330 1427 2660 1480 venientem
2702 1425 2757 1477 in
2810 1423 2964 1475 hunc
3014 1421 3301 1474 mundum
3354 1424 3725 1478 tenebrarum

2001 1521 2227 1584 harum,
2263 1523 2531 1589 quaerant
2563 1514 2860 1567 scientiam
2896 1512 3245 1575 futurorum,
3282 1517 3343 1565 et
3384 1530 3415 1565 a
3454 1514 3726 1585 decepto-

174 1625 455 1699 patientia
488 1626 827 1691 martyrum,
859 1613 1333 1680 etmagnitudine
1356 1610 1798 1672 miraculorum,
1833 1613 1891 1659 et
1921 1648 1960 1701 Β
2002 1609 2159 1662 ribus
2236 1606 2545 1660 hominum
2590 1604 2854 1673 quaram
2901 1600 3145 1653 Sﬂllllem
3195 1601 3548 1667 animarum.
3609 1604 3725 1658 Sive

180 1719 567 1785 consequente
599 1711 709 1764 tide
745 1707 1091 1779 pepulorum
1124 1706 1245 1756 erat
1302 1702 1698 1769 superaturus,
1756 1696 1887 1749 ideo

179 1806 263 1858 sic
296 1803 510 1857 dictum
548 1806 652 1866 est,
711 1793 1048 1868 praevalebit
1111 1789 1387 1845 Dominus
1447 1787 1721 1840 adversus
1766 1799 1885 1837 eos.

182 1895 310 1948 Non
356 1890 505 1944 enim
556 1888 858 1952 diceretur,
910 1879 1242 1953 prmvalebit
1297 1877 1570 1931 adversus
1601 1889 1719 1941 eos,
1780 1871 1890 1925 nisi

182 1978 569 2052 oppugnando
603 1975 687 2030 illi
742 1974 1092 2028 resisterent.
1138 1968 1296 2023 Unde
1354 1969 1411 2018 et
1444 1964 1505 2017 in
1550 1963 1781 2017 Psalmo
1814 1960 1892 2013 ita

182 2070 591 2140 prophetatum
651 2068 783 2117 est:
844 2062 914 2115 Ut
969 2057 1107 2130 quid
1157 2057 1521 2110 fremuerunt
1578 2056 1806 2122 gentes,
1840 2053 1894 2101 et

182 2158 385 2230 populi
419 2153 678 2209 meditati
719 2156 850 2205 sunt
883 2148 1117 2202 inania?
1147 2144 1468 2199 Astiterunt
1497 2157 1662 2211 reges
1699 2143 1888 2202 terrai,

186 2254 242 2303 et
269 2246 557 2318 principes
588 2242 980 2295 convenerunt
1004 2236 1063 2289 in
1114 2249 1315 2301 unum,
1374 2232 1647 2285 adversus
1694 2227 1893 2281 Domi-

185 2351 328 2389 num
390 2339 447 2386 et
501 2332 771 2385 adversus
828 2326 1116 2382 Christum
1179 2323 1321 2393 ejus.
1384 2322 1449 2373 Et
1518 2318 1695 2389 paulo
1768 2318 1898 2385 post

185 2423 371 2478 dicit:
436 2419 710 2473 Dominus
774 2415 917 2469 dixit
975 2413 1042 2466 ad
1098 2427 1235 2464 me:
1291 2409 1467 2463 Filius
1501 2423 1665 2460 meus
1697 2420 1757 2457 es
1809 2409 1893 2466 tu,

184 2528 295 2584 ego
353 2510 523 2564 hodie
580 2506 755 2578 genui
804 2510 878 2558 te.
940 2502 1168 2556 Postula
1213 2516 1247 2552 a
1303 2514 1415 2561 me,
1469 2501 1524 2549 et
1586 2494 1735 2549 dabo
1793 2491 1897 2544 tibi

182 2603 389 2671 gentes
442 2596 833 2650 hzereditatem
901 2597 1082 2654 tuam,
1151 2592 1208 2640 et
1262 2584 1679 2655 possessionem
1738 2585 1899 2634 tuam

182 2668 335 2745 ﬁnes
365 2692 551 2741 terrae.
605 2684 702 2739 His
732 2686 902 2751 atque
944 2673 1278 2747 huiusmodi
1317 2671 1670 2744 propheticis
1726 2668 1898 2722 docu-

189 2776 409 2832 mentis
439 2773 778 2845 praadictum
809 2767 1149 2830 ostenditur,
1182 2763 1337 2834 quod
1378 2762 1639 2814 videmus
1672 2755 1900 2827 impleri

187 2882 299 2938 per
331 2863 645 2927 Christum,
676 2859 848 2913 fuisse
887 2858 1147 2910 futurum
1179 2857 1244 2905 ut
1292 2852 1438 2903 Deus
1486 2848 1682 2915 Israel,
1726 2860 1897 2916 quem

1998 1698 2171 1751 etiam
2204 1710 2518 1765 corporum
2554 1706 2813 1746 suorum.
2851 1688 2949 1743 His
2978 1688 3128 1742 enim
3154 1691 3728 1758 prtevaricationibus

2000 1784 2247 1839 maxime
2280 1784 2545 1836 irritatur
2580 1782 2748 1841 Deus,
2782 1781 2839 1830 et
2888 1776 2957 1830 ad
2988 1776 3301 1832 vindictam
3359 1785 3721 1851 provocatur.

2002 1873 2157 1927 Unde
2186 1888 2293 1942 per
2321 1869 2685 1924 Ezechielem
2738 1864 3125 1918 comminatur
3162 1866 3363 1922 dicens
3398 1886 3410 1923 :
3468 1870 3561 1922 Vae
3587 1885 3722 1939 pro-

2001 1961 2188 2033 phetis
2236 1957 2653 2029 insipientibus
2686 1953 2786 2024 qui
2836 1958 3159 2023 sequuntur
3216 1957 3487 2026 spiritum
3533 1973 3720 2022 suum,

2002 2056 2059 2104 et
2089 2049 2236 2103 nihil
2285 2049 2505 2102 vident.
2552 2042 2727 2109 Quasi
2780 2042 2975 2112 vulpes
3000 2043 3061 2095 in
3099 2044 3362 2111 desertis,
3424 2046 3722 2116 prophetae

2003 2138 2083 2193 tui
2116 2137 2290 2191 Israel
2334 2139 2520 2189 erant.
2556 2128 2825 2200 Nunquid
2860 2146 2973 2183 non
3002 2130 3282 2185 visionem
3314 2150 3527 2187 cassam
3579 2133 3721 2186 vidi-

2004 2226 2124 2290 stis,
2147 2229 2203 2277 et
2244 2222 2668 2276 divinationem
2702 2218 3037 2271 mendacem
3095 2220 3270 2273 locuti
3320 2221 3471 2287 estis,
3526 2224 3583 2273 et
3629 2219 3721 2271 di-

2004 2313 2130 2367 citis
2164 2328 2176 2365 :
2207 2310 2302 2364 Ait
2340 2309 2641 2369 Dominus,
2676 2322 2805 2359 cum
2847 2322 2952 2376 ego
2990 2323 3103 2361 non
3126 2308 3234 2362 sim
3281 2308 3543 2363 locutus?
3582 2309 3721 2361 Pro-

2006 2406 2204 2472 pterea
2236 2400 2362 2452 haec
2413 2397 2549 2452 dicit
2606 2395 2883 2449 Dominus
2924 2396 3116 2450 Deus:
3163 2398 3310 2461 Quia
3366 2396 3539 2449 locuti
3589 2394 3721 2449 estis

2004 2504 2172 2553 vana,
2208 2486 2518 2540 etvidistis
2569 2483 2957 2548 mendacium,
2991 2484 3120 2538 ideo
3166 2501 3295 2539 ecce
3322 2501 3427 2555 ego
3486 2485 3555 2538 ad
3599 2500 3718 2551 vos,

2008 2577 2086 2632 ait
2113 2575 2397 2630 Dominus
2432 2576 2578 2628 Deus
2612 2589 2624 2626 :
2663 2574 2725 2626 Et
2753 2571 2859 2625 erit
2891 2588 3097 2626 manus
3127 2589 3254 2628 mea
3275 2590 3446 2644 super
3472 2574 3720 2644 prophe-

2006 2673 2091 2720 tas
2149 2664 2252 2735 qui
2305 2664 2503 2717 vident
2562 2677 2727 2729 vana,
2781 2665 2835 2714 et
2883 2661 3146 2715 divinant
3203 2663 3614 2717 mendacium:
3659 2662 3719 2715 in

2007 2752 2254 2808 concilio
2287 2751 2492 2822 populi
2526 2752 2639 2805 mei
2670 2767 2784 2804 non
2818 2757 3009 2821 erunt,
3040 2757 3095 2805 et
3117 2752 3176 2805 in
3210 2752 3493 2822 scriptura
3514 2754 3721 2806 domus

2011 2841 2185 2896 Israel
2224 2856 2347 2894 non
2387 2840 2725 2931 sgibentur,
2772 2856 2877 2893 nec
2934 2840 2996 2893 in
3037 2847 3247 2894 terram
3307 2842 3475 2895 Israel
3533 2840 3723 2911 ingre-

189 2971 380 3010 unum
407 2966 608 3006 verum
668 2950 847 3003 Deum
906 2942 1302 3011 intelligimus,
1361 2954 1475 2992 non
1514 2939 1576 2991 in
1635 2951 1748 2988 una
1776 2934 1899 3004 ipsa
1931 2923 1971 2977 C
2012 2929 2263 2984 dientur.
2300 2928 2387 2983 Ad
2416 2923 2686 2983 ’doctores
2712 2934 2902 2982 autem
2944 2945 3048 2998 per
3079 2931 3347 2984 eumdem
3380 2930 3720 3000 prophetam

190 3048 371 3115 gente
408 3056 539 3111 quae
570 3037 852 3108 appellata
883 3038 968 3087 est
996 3031 1189 3095 Israel,
1222 3028 1321 3083 sed
1352 3028 1411 3080 in
1450 3025 1718 3079 omnibus
1754 3038 1898 3092 gen—

189 3113 354 3188 tibus
409 3129 710 3192 coleretur,
778 3127 833 3177 et
878 3137 1076 3178 omnes
1114 3118 1285 3172 falsos
1341 3117 1479 3169 deos
1536 3113 1797 3183 gentium
1845 3113 1902 3163 et

191 3220 439 3289 templis
500 3230 721 3277 eorum,
783 3217 840 3266 et
896 3229 927 3264 a
982 3208 1250 3273 cordibus
1318 3205 1603 3258 cultorum
1663 3216 1901 3255 suorum

190 3286 554 3362 amoliretur.
592 3305 760 3356 Erant
789 3314 943 3354 nunc
969 3296 1060 3351 isti
1090 3301 1147 3349 et
1177 3293 1360 3348 adhuc
1411 3296 1607 3345 contra
1636 3286 1902 3344 Christia-

192 3414 339 3453 nam
369 3392 732 3464 religionem,
767 3393 965 3442 contra
990 3400 1189 3438 verum
1224 3382 1323 3435 Dei
1353 3382 1589 3442 cultum,
1624 3376 1902 3430 vanitates

192 3484 471 3557 pristinas
518 3479 858 3534 defensitare
889 3474 1157 3537 audeant,
1214 3474 1276 3523 ut
1305 3485 1434 3523 cum
1490 3465 1732 3537 strepitu
1778 3479 1904 3534 per-

194 3550 355 3628 eant.
392 3570 533 3624 Nam
564 3571 619 3622 et
658 3567 767 3620 hoc
796 3564 865 3618 de
913 3562 1025 3616 illis
1062 3558 1401 3630 praedictum
1434 3559 1519 3608 est
1544 3554 1602 3607 in
1645 3550 1902 3623 psalmis,

195 3662 429 3716 dicente
458 3656 777 3726 PrOpheta:
822 3651 1027 3708 Sedisti
1077 3663 1249 3718 super
1289 3646 1583 3707 thronum,
1620 3638 1903 3712 quijudi-

190 3767 291 3805 cas
322 3747 673 3818 aequitatem.
710 3738 1022 3811 Increpasti
1068 3741 1288 3807 gentes,
1338 3738 1395 3788 et
1440 3731 1611 3803 periit
1668 3728 1901 3797 impius,

194 3853 416 3893 nomen
446 3849 647 3889 eorum
704 3829 903 3886 delesti
932 3829 992 3881 in
1047 3832 1350 3891 aeternum,
1410 3826 1468 3875 et
1527 3820 1586 3873 in
1644 3817 1905 3871 seculum

199 3926 405 3982 seculi.
456 3921 675 3977 Inimici
725 3918 1058 3973 defecerunt
1116 3914 1370 3979 frameae,
1403 3915 1458 3963 et
1512 3908 1764 3962 civitates
1807 3922 1905 3959 eo-

200 4030 339 4071 rum
372 4008 718 4067 destruxisti.
755 4005 927 4061 Periit
958 4002 1234 4058 memoria
1257 4016 1453 4054 eorum
1481 4013 1610 4051 cum
1642 3995 1905 4065 strepitu,

198 4109 258 4159 et
293 4101 568 4157 Dominus
598 4099 659 4152 in
691 4101 975 4151 internum
1005 4093 1325 4164 permanet.
1376 4090 1611 4142 Necesse
1642 4090 1725 4139 est
1771 4100 1907 4154 ergo

2007 3019 2312 3087 increpans
2344 3035 2541 3073 eorum
2572 3018 2861 3085 inertiam,
2896 3017 2978 3072 ita
3020 3019 3276 3088 loquitur
3322 3020 3514 3073 dicens
3549 3035 3562 3072 :
3600 3019 3721 3072 Non

2010 3106 2348 3161 ascendistis
2406 3124 2473 3162 ex
2544 3107 2803 3171 adverso,
2842 3122 3031 3178 neque
3084 3108 3429 3178 opposuistis
3488 3123 3720 3160 murum

2010 3212 2113 3260 pro
2143 3195 2320 3249 domo
2355 3197 2529 3249 Israel
2565 3200 2627 3249 ut
2656 3194 2884 3248 staretis
2915 3195 2976 3249 in
3008 3196 3209 3265 prmlio
3242 3196 3301 3249 in
3350 3196 3441 3250 die
3471 3193 3717 3249 Domini.

2010 3285 2078 3337 Et
2106 3299 2341 3338 rursum
2377 3301 2389 3339 :
2425 3286 2538 3351 Vze,
2572 3283 2784 3354 inquit,
2807 3285 3137 3353 pastoribus
3170 3284 3362 3350 Israel,
3397 3283 3495 3354 qui
3523 3298 3719 3354 pasce-

2012 3373 2150 3427 bant
2175 3374 2538 3444 semetipsos.
2585 3374 2785 3427 Nonne
2826 3389 3032 3443 greges
3062 3379 3379 3444 pascuntur
3414 3389 3442 3425 a
3474 3371 3715 3443 pastori-

2011 3460 2154 3517 bus?
2188 3462 2293 3515 Lac
2321 3461 2726 3527 comedebatis,
2764 3466 2821 3515 et
2842 3463 2992 3515 lanis
3008 3461 3445 3533 operiebamini,
3482 3465 3538 3514 et
3568 3459 3721 3531 quod

2012 3565 2263 3603 crassum
2298 3554 2422 3603 erat
2465 3548 2830 3613 occidebatis,
2861 3565 3098 3619 gregem
3139 3554 3332 3602 autem
3372 3565 3567 3602 meum
3604 3563 3724 3601 non

2012 3637 2354 3709 pascebatis.
2390 3636 2549 3701 Quod
2597 3636 2898 3691 inﬁrmum
2940 3639 3048 3692 fuit
3078 3654 3193 3691 non
3224 3636 3638 3701 consolidastis,
3667 3639 3723 3688 et

2015 3726 2168 3798 quod
2218 3730 2500 3795 tegrotum
2550 3741 2666 3779 non
2721 3726 2983 3787 sanastis,
3045 3731 3100 3779 et
3150 3725 3299 3795 quod
3334 3725 3578 3777 fractum
3638 3728 3723 3775 est

2015 3832 2131 3870 non
2188 3814 2489 3885 alligastis,
2552 3818 2609 3868 et
2661 3815 2814 3884 quod
2873 3816 3159 3885 ahjectum
3218 3830 3337 3866 non
3389 3811 3719 3876 reduxistis,

2016 3904 2169 3976 quod
2225 3903 2476 3974 perierat
2520 3918 2636 3955 non
2693 3902 2982 3972 quaesistis
3014 3919 3027 3956 :
3059 3902 3157 3955 sed
3213 3917 3345 3954 cum
3397 3899 3721 3953 austeritate

2017 3992 2390 4063 imperabatis
2439 3991 2519 4045 eis
2569 3995 2787 4046 etcum
2838 3991 3118 4061 potentia,
3183 3993 3238 4044 et
3289 3989 3561 4059 dispersas
3592 3991 3723 4039 sunt

2017 4098 2147 4136 oves
2171 4097 2336 4147 mese,
2358 4097 2425 4134 eo
2457 4081 2609 4151 quod
2636 4095 2753 4133 non
2779 4085 2925 4133 esset
2956 4084 3168 4151 pastor,
3203 4084 3258 4131 et
3281 4078 3552 4147 dispersa:
3592 4078 3725 4129 sunt

200 4198 270 4247 ut
301 4191 650 4261 impleantur
682 4184 877 4240 omnia
907 4183 1044 4237 haec.
1082 4182 1194 4234 Nec
1241 4177 1414 4231 etiam
1446 4174 1587 4229 illud
1622 4171 1773 4243 quod
1802 4171 1901 4225 ad.
1937 4193 1980 4247 Ι)
2018 4171 2078 4225 in
2102 4169 2529 4224 devorationem
2564 4168 2824 4221 omnium
2853 4168 3166 4221 bestiarum
3200 4165 3341 4235 agri,
3369 4170 3425 4218 et
3453 4165 3724 4234 dispersae

199 4284 324 4337 huc
351 4279 560 4333 audent
606 4275 717 4347 ipsi
766 4272 933 4344 pauci
972 4269 1073 4342 qui
1119 4267 1517 4321 remanserunt
1572 4260 1908 4330 vaniloquas

200 4385 342 4425 suas
399 4370 682 4420 ostentare
744 4360 1051 4425 doctrinas,
1111 4360 1170 4410 et
1234 4352 1581 4408 Christianos
1633 4354 1912 4418 tanquam

200 4454 673 4528 imperitissimos
711 4450 974 4515 irridere,
1008 4462 1114 4501 nos
1161 4455 1519 4498 commovere
1548 4437 1733 4503 debet,
1774 4437 1912 4491 dum

200 4548 266 4603 in
299 4545 384 4599 eis
416 4540 645 4614 impleri
706 4555 772 4593 ea
818 4553 947 4609 quas
996 4533 1271 4607 praedicta
1300 4533 1435 4583 sunt
1477 4527 1787 4580 videamus.
1838 4524 1913 4576 Ex

200 4650 333 4707 quo
356 4613 510 4686 enim
534 4631 897 4685 fremuerunt
929 4629 1147 4695 gentes,
1179 4625 1235 4675 et
1265 4616 1467 4691 populi
1498 4613 1760 4669 meditati
1781 4616 1919 4666 sunt

206 4721 421 4779 inania
495 4720 764 4773 adversus
824 4713 1100 4768 Dominus
1154 4714 1212 4763 et
1296 4707 1565 4761 adversus
1627 4702 1917 4758 Christum

208 4813 367 4883 ejus,
401 4807 627 4880 quando
666 4806 737 4859 ab
781 4804 861 4858 eis
891 4801 1237 4857 fundebatur
1291 4795 1522 4865 sanguis
1571 4796 1915 4854 sanctorum,

214 4906 279 4956 et
311 4895 642 4951 vastabatur
699 4890 964 4957 Ecclesia,
1024 4903 1205 4958 usque
1271 4885 1343 4939 ad
1396 4886 1502 4938 hoc
1558 4887 1806 4949 tempus,
1867 4882 1923 4931 et

214 4987 495 5055 deinceps
527 4981 783 5055 quotidie
832 4978 1190 5033 minuuntur.
1254 4975 1366 5028 Nos
1396 4976 1608 5036 autem,
1641 4984 1785 5039 quos
1814 4966 1922 5020 ad-

218 5090 425 5130 versus
456 5087 655 5127 eorum
684 5066 996 5140 opprobria
1028 5070 1086 5119 et
1134 5061 1405 5132 superbas
1449 5057 1759 5121 irrisiones,
1809 5055 1923 5109 for-

217 5163 481 5218 tissimos
531 5160 781 5214 reddunt
834 5155 1064 5210 oracula
1131 5153 1250 5218 Dei,
1284 5151 1353 5204 de
1416 5150 1521 5203 hac
1572 5160 1804 5217 quoque
1862 5160 1925 5197 re

223 5252 509 5308 audemus
532 5254 589 5303 et
618 5247 935 5317 gaudemus
965 5241 1212 5312 impleri.
1248 5239 1337 5294 Sic
1361 5237 1515 5292 enim
1548 5252 1653 5289 nos
1682 5232 1927 5303 alloqui-

225 5348 331 5397 tur
362 5355 462 5410 per
500 5337 845 5406 Prophetam
881 5351 893 5388 :
936 5331 1142 5386 Audite
1174 5344 1264 5382 me
1310 5327 1408 5397 qui
1438 5325 1589 5378 scitis
1622 5321 1926 5392 judicium,

228 5429 487 5502 pupulus
514 5442 695 5493 meus,
729 5425 786 5479 in
820 5437 1065 5495 quorum
1108 5418 1275 5473 corde
1305 5417 1393 5470 lex
1438 5430 1585 5478 mea,
1619 5410 1933 5483 opprobria

234 5517 543 5574 hominum
594 5515 770 5571 nolite
811 5516 1084 5572 metuere,
1118 5512 1174 5563 et
1218 5504 1569 5561 detractione
1620 5517 1821 5556 eorum
1860 5515 1932 5554 ne

2019 4264 2170 4313 sunt.
2208 4258 2350 4312 Hinc
2382 4274 2486 4328 per
2521 4256 2867 4311 Hieremiam
2900 4256 3108 4310 dicitur
3139 4272 3152 4309 :
3186 4258 3231 4308 A
3269 4254 3508 4307 minimo
3544 4268 3725 4321 usque

2020 4349 2089 4404 ad
2142 4347 2456 4401 maximum
2516 4362 2709 4400 omnes
2743 4346 3042 4399 avaritiam
3108 4348 3466 4414 sequuntur:
3503 4359 3535 4394 a
3584 4356 3724 4410 pro—

2020 4436 2196 4507 pheta
2237 4450 2418 4505 usque
2461 4434 2529 4488 ad
2560 4433 2933 4498 sacerdotem,
2967 4432 3156 4486 cuncti
3213 4430 3429 4484 faciunt
3483 4428 3726 4481 menda-

2023 4525 2195 4578 cium.
2234 4525 2296 4577 Et
2326 4523 2605 4577 sanabant
2646 4522 3046 4577 contritioncm
3078 4520 3213 4575 ﬁlia:
3253 4518 3452 4590 populi
3501 4517 3614 4572 mei
3656 4515 3727 4569 ad

2025 4612 2427 4684 ignominiam,
2460 4612 2736 4678 dicentes,
2785 4613 2895 4664 Pax
2924 4626 3057 4680 pax,
3090 4625 3220 4662 cum
3252 4624 3370 4660 non
3410 4611 3559 4660 esset
3588 4619 3725 4675 pax;

2027 4701 2242 4758 confusi
2273 4706 2447 4755 sunt:
2491 4700 2627 4770 quia
2667 4699 3155 4752 abominationem
3203 4696 3480 4749 fecerunt.
3511 4692 3726 4746 Idcirco

2028 4794 2150 4847 haec
2215 4790 2353 4845 dicit
2384 4787 2659 4843 Dominus
2714 4786 3065 4840 exercituum
3114 4786 3260 4838 Deus
3325 4782 3541 4836 Israel:
3596 4782 3730 4833 Ecce

2030 4897 2136 4951 ego
2165 4879 2366 4934 cibabo
2391 4877 2673 4946 populum
2702 4875 2877 4927 istum
2911 4873 3231 4944 absynthio,
3265 4875 3321 4924 et
3350 4875 3551 4940 potum
3582 4868 3731 4921 dabo

2032 4968 2114 5021 eis
2144 4981 2355 5037 aquam
2393 4964 2559 5030 fellis,
2601 4966 2657 5015 et
2700 4962 3029 5032 dispergam
3060 4977 3157 5013 eos
3207 4960 3266 5013 in
3297 4957 3560 5029 gentibus
3591 4972 3733 5026 quas

2034 5072 2150 5110 non
2182 5056 2485 5118 noverunt,
2518 5051 2629 5121 ipsi
2668 5055 2724 5105 et
2753 5057 2943 5121 patres
3002 5065 3220 5112 eorum,
3257 5053 3312 5101 et
3354 5046 3577 5099 mittam
3607 5048 3735 5114 post

2036 5160 2131 5197 eos
2160 5141 2413 5212 gladium
2443 5140 2622 5194 donec
2653 5142 3084 5192 consumantur.
3123 5135 3376 5199 Qualiter
3427 5148 3562 5202 ergo
3618 5131 3732 5185 dis-

2036 5232 2244 5303 pliceat
2290 5231 2403 5284 Deo
2470 5228 2855 5300 omnipotenti
2904 5232 3201 5296 pastorum
3256 5221 3628 5294 negligentia,
3681 5226 3738 5275 et

2038 5319 2397 5374 subditorum
2428 5333 2610 5382 error,
2670 5333 2785 5370 non
2816 5316 3003 5368 solum
3050 5313 3385 5384 prophetica
3408 5310 3739 5365 testimonia

2039 5408 2367 5471 ostendunt,
2424 5406 2519 5459 sed
2571 5406 2743 5459 etiam
2804 5405 2948 5457 facta
2982 5403 3351 5472 antiquorum
3424 5399 3735 5462 declarant,

2040 5513 2169 5552 cum
2206 5495 2264 5548 in
2303 5494 2447 5548 libro
2477 5495 2698 5564 Regum
2744 5492 2953 5563 legitur
2991 5490 3276 5561 quomodo
3302 5488 3590 5557 malignus
3617 5484 3739 5554 spi-
