3972 6192
360 178 458 232 851
1434 176 1838 232 BURCHARDI
1881 175 2036 231 WOR
2047 175 2408 232 MACIENSIS
2444 173 2779 231 EPISCOPI.
3733 179 3822 230 852

360 297 505 352 ritus
534 297 825 368 deceperit
871 297 1066 353 Achab
1120 313 1314 367 regem
1344 297 1516 353 Israel
1563 314 1666 368 per
1691 298 1861 352 falsos
1918 314 2051 368 pro-
2082 300 2129 353 A
2450 297 2577 352 CAP.
2613 295 2724 350 LII.
2757 324 2826 335 —
2849 296 2924 350 De
2953 293 3064 348 illis
3093 295 3192 362 qui
3217 297 3576 348 murmurant.

360 387 562 458 phetas
621 387 704 441 ita
753 391 820 440 ut
872 386 1110 440 credens
1163 386 1244 441 eis
1309 385 1609 450 interierit,
1660 391 1717 440 et
1767 386 2056 457 quomodo
2236 383 2356 456 (Ea:
2387 386 2608 440 concilio
2637 386 2900 452 Mogunti,
2930 386 3106 452 capite
3134 385 3212 450 8.)
3250 383 3306 438 Si
3339 383 3469 454 quis
3497 399 3827 438 murmurans

362 476 633 532 Ochozias
686 475 840 530 ﬁlius
897 475 1019 546 ejus
1072 481 1355 546 aegrotans
1405 475 1625 529 miserit
1691 475 1930 528 nuncios
1982 474 2050 527 ad
2164 474 2432 540 extiterit,
2465 474 2655 528 videat
2683 490 2754 527 ne
2781 488 3010 543 pmnam
3041 472 3527 526 murmurantium
3583 471 3824 541 incurrat,

361 565 771 619 consulendum
798 565 1113 618 Beelzebud
1146 566 1324 618 Deum
1347 567 1622 630 Accaron,
1644 569 1838 619 utrum
1867 565 2056 618 vivere
2163 563 2232 617 de
2257 579 2372 633 qua
2402 564 2706 633 Apostolus
2737 561 2874 616 dicit
2907 578 2920 614 :
2956 562 3152 631 Neque
3176 561 3668 615 murmuraveritis
3706 563 3825 615 sicut

361 659 536 723 atque
591 655 980 708 convalescere
1027 658 1216 723 posset
1267 653 1337 706 de
1397 653 1729 708 inﬁrmitate
1786 670 1907 708 sua.
1974 653 2056 708 Ob
2164 651 2398 722 quidam
2465 668 2666 705 eorum
2721 655 3246 712 murmuraverunt,
3305 654 3362 703 et
3425 647 3713 719 perierunt
3768 650 3824 704 ab
3922 715 3923 720 η

363 742 513 814 quod
566 742 752 796 Helias
793 742 1146 812 propheta,a
1179 743 1292 796 Deo
1325 743 1553 811 missus,
1585 742 1843 814 increpat
1900 759 2053 811 eum,
2164 739 2624 793 exterminatore.
2683 739 2850 792 Juxta
2913 751 3245 796 mensuram
3277 751 3536 807 opusque
3591 737 3822 805 peccati:
3921 741 3923 752 ‘

362 829 447 884 ita
479 830 718 884 dicens:
769 831 913 893 Quia
968 830 1171 884 misisti
1225 831 1462 885 nuncios
1517 832 1587 886 ad
1640 832 2058 886 consulendum
2164 827 2298 898 quia
2319 829 2380 882 in
2408 827 2516 881 hoc
2572 825 2853 880 sententia
2881 825 3140 895 Apostoli
3196 824 3446 895 pleniter
3513 824 3824 891 declaratur,

366 918 680 974 Beelzebud
714 920 892 973 Deum
920 920 1195 988 Accaron,
1255 920 1416 990 quasi
1448 936 1562 974 non
1607 926 1758 975 esset
1815 922 1962 974 Deus
1998 920 2058 974 in
2167 915 2471 970 sacerdotis
2485 915 2702 986 judicio
2733 913 3030 985 pmniteat.

363 1007 592 1061 Israela
621 1023 734 1077 quo
779 1007 957 1077 possit
1013 1007 1370 1078 interrogare
1418 1025 1764 1074 sermonem,
1816 1009 1946 1063 ideo
1989 1009 2059 1062 de
2591 1002 2718 1056 CAP.
2766 1002 2902 1056 LIII.
2937 1031 3003 1041 —
3035 1004 3110 1056 De
3136 999 3322 1054 eadem
3353 1017 3432 1054 re.

365 1094 574 1148 lectulo
633 1111 804 1164 super
861 1111 1034 1166 quem
1089 1095 1392 1150 ascendisti
1432 1112 1547 1156 non
1577 1097 1906 1164 descendes,
1959 1097 2060 1151 sed
2237 1090 2356 1161 (Ea:
2384 1090 2607 1157 eodem.)
2639 1090 2744 1155 Qui
2776 1091 3168 1144 contentiosus
3198 1095 3296 1143 aut
3317 1105 3682 1144 murmurans
3707 1089 3828 1144 exti-

363 1189 551 1238 morte
580 1183 858 1237 morieris.
907 1185 1160 1239 Mortuus
1197 1189 1284 1238 est
1330 1190 1519 1238 autem
1566 1185 1687 1256 ipse
1731 1187 1894 1255 juxta
1935 1202 2061 1240 ser-
2167 1180 2318 1246 terit,
2340 1179 2652 1234 secundum
2685 1178 2988 1232 arbitrium
3031 1177 3240 1249 prioris
3275 1177 3358 1232 ita
3391 1177 3684 1248 poeniteat,
3712 1194 3826 1250 qua-

365 1288 594 1326 monem
620 1272 848 1326 Domini
881 1288 1053 1342 quem
1083 1274 1304 1327 locutus
1330 1279 1415 1327 est
1449 1275 1675 1341 Helias,
1707 1279 1764 1329 et
1821 1276 2061 1330 salutem
2169 1269 2298 1323 liter
2317 1268 2501 1339 culpae
2528 1269 2775 1339 qualitas
2797 1271 2968 1321 extat.

367 1375 540 1430 quam
571 1360 864 1430 quaerebat
893 1376 1007 1414 non
1050 1360 1286 1416 invenit.
1339 1361 1700 1432 Quapropter
1745 1364 2062 1417 curandum
2595 1356 2722 1410 CAP.
2773 1357 2902 1411 LIV.
2940 1386 3002 1396 —
3038 1359 3111 1410 De
3140 1355 3326 1410 eadem
3354 1370 3433 1409 re.
3922 1357 3923 1414 Ῑ

365 1463 731 1518 summopere
762 1454 847 1502 est
883 1449 1151 1504 omnibus
1179 1448 1379 1515 modis,
1437 1449 1546 1503 hoc
1576 1455 1678 1517 est,
1730 1450 1978 1520 praelatis
2007 1455 2064 1504 et
2242 1447 2548 1516 (Apostolus
2591 1445 2770 1515 dicit.)
2827 1447 3135 1516 Apostolus
3186 1445 3370 1498 dicit:
3444 1443 3650 1498 Omnes
3695 1444 3828 1498 facite
3922 1453 3923 1456 ‘

365 1537 624 1604 subditis,
684 1537 1000 1608 majoribus
1032 1542 1088 1591 at
1144 1537 1484 1607 minoribus,
1558 1539 1949 1593 sacerdotibus
2005 1543 2063 1592 et
2090 1583 2131 1635 Β
2171 1535 2292 1588 sine
2325 1535 2895 1588 murmurationibus.
2928 1533 3166 1588 Alienus
3196 1533 3334 1588 sita
3382 1532 3623 1587 fratrum
3648 1534 3826 1588 unitate

364 1625 538 1695 plebi,
569 1641 640 1680 ne
679 1626 933 1696 aliquem
982 1625 1213 1680 seducat
1244 1643 1349 1697 per
1384 1628 1784 1697 hujuscemodi
1829 1627 2060 1684 illusio-
2090 1621 2131 1635 "
2169 1623 2279 1694 qui;
2304 1629 2646 1690 murmurat,
2679 1628 2736 1676 et
2764 1639 2909 1694 opus
2937 1623 3059 1692 ejus
3079 1621 3411 1692 abjiciatur.

367 1729 501 1768 nem
532 1714 707 1779 fraus,
753 1713 938 1782 dolus,
967 1718 1025 1768 et
1072 1715 1334 1786 nequicia
1387 1715 1568 1770 hostis
1594 1716 1840 1787 antiqui,
1880 1716 1959 1770 ita
1998 1720 2062 1770 ut
2578 1712 2715 1766 CAP.
2753 1713 2858 1766 LV.
2891 1741 2960 1751 ——
2988 1714 3062 1766 De
3091 1712 3461 1765 contentiosis.

368 1818 402 1856 a
430 1802 802 1856 mendacibus
830 1803 1074 1857 velimus
1113 1803 1346 1858 discere
1395 1805 1713 1868 veritatem,
1741 1810 1797 1859 et
1826 1821 1860 1858 a
1893 1803 2062 1875 pesti—
2240 1802 2349 1866 (Ea:
2370 1799 2514 1854 decr.
2546 1801 2770 1871 Hylarii
2794 1816 2976 1870 papa,
3025 1802 3200 1869 capite
3241 1801 3347 1866 15.)
3382 1798 3442 1852 Si
3481 1797 3606 1870 quis
3645 1797 3827 1852 videtur

366 1891 503 1946 feris
532 1891 745 1945 morbis
771 1891 1089 1962 mortisque
1120 1893 1417 1948 autoribus
1459 1909 1786 1963 quaeramus
1813 1893 2062 1947 inﬁrmi-
2168 1888 2558 1943 contentiosus
2585 1904 2726 1956 esse,
2761 1889 2987 1942 dicente
3017 1887 3291 1958 Apostolo
3322 1903 3335 1942 :
3365 1888 3482 1941 Nos
3505 1886 3664 1940 talem
3718 1901 3824 1940 con-

367 1980 500 2034 tatis
530 1985 740 2034 nostras
768 1980 1127 2035 remedium:
1162 1982 1262 2036 sed
1313 1983 1495 2053 magis
1543 1983 1616 2037 ad
1650 1985 1829 2038 Deum
1867 1982 2062 2036 vivum
2170 1977 2536 2032 suetudinem
2594 1994 2712 2032 non
2758 1978 3060 2044 habemus,
3128 1992 3318 2047 neque
3373 1976 3611 2029 Ecclesia
3661 1973 3760 2041 Dei,
3787 1972 3823 2027 si

367 2073 426 2123 et
460 2069 867 2124 viviﬁcatorem
898 2070 1158 2124 omnium
1191 2071 1573 2142 confugiendo
1631 2073 1833 2126 devoto
1893 2073 2063 2127 corde
2171 2067 2298 2139 quis
2319 2067 2428 2121 hoc
2457 2066 2592 2121 facit
2621 2071 2850 2120 notetur
2882 2082 3180 2136 usquequo
3211 2065 3554 2134 corrigatur.

368 2173 766 2230 properemus,
819 2174 920 2229 per
977 2159 1264 2213 orationes
1315 2177 1520 2228 sacras,
1565 2161 1790 2232 jejunia
1831 2166 1888 2216 et
1917 2162 2063 2215 elee-
2243 2155 2370 2210 CAP.
2417 2155 2547 2210 LVI.
2577 2185 2646 2195 —
2678 2158 2750 2210 De
2781 2155 2897 2210 illis
2929 2159 3025 2224 qui
3041 2158 3100 2209 in
3129 2157 3322 2221 lingua
3352 2155 3546 2208 lascivi
3568 2153 3765 2219 fuerint.

371 2262 636 2316 mosynas
666 2247 832 2300 illum
859 2247 1251 2317 deprecantes,
1285 2253 1350 2301 ut
1378 2249 1500 2317 ipse
1527 2254 1763 2318 propter
1800 2248 2064 2318 benigni-
2244 2245 2356 2313 (Ea:
2381 2247 2755 2314 pasnitentiali
2799 2246 3054 2314 Theodo.)
3087 2245 3146 2300 Si
3195 2246 3329 2315 quis
3359 2245 3597 2300 lascivus
3643 2243 3695 2296 in
3735 2241 3824 2294 lin-

369 2340 548 2390 tatem
575 2350 737 2388 suam
767 2337 1026 2390 consulat
1049 2335 1228 2390 servis
1257 2336 1394 2404 suis,
1428 2337 1682 2407 eripiens
1711 2355 1816 2391 nos
1844 2338 1913 2392 de
1940 2354 2063 2391 om-
2174 2349 2288 2405 gua
2315 2333 2508 2402 fuerit,
2549 2333 2814 2388 triduana
2843 2334 3180 2404 paenitentia
3204 2334 3494 2404 expietur.

369 2425 538 2478 nibus
567 2423 816 2477 inimicis
863 2424 1093 2488 nostris,
1126 2424 1438 2496 doceatque
1468 2441 1571 2479 nos
1614 2427 1799 2480 facere
1857 2427 1937 2480 vol

2256 2457 2302 2496 ρ.
2358 2441 2522 2495 LVII.
2546 2471 2615 2481 —
2659 2443 2732 2495 De
2759 2443 2870 2496 illis
2896 2443 2994 2509 qui
3017 2456 3116 2509 per
3161 2441 3350 2496 odium
3379 2441 3684 2496 dissidentes
3715 2438 3824 2491 exti-

370 2515 548 2566 tatem
589 2527 797 2566 suam:
855 2512 994 2583 quia
1021 2513 1142 2584 ipse
1189 2518 1273 2567 est
1332 2514 1606 2570 Dominus
1661 2517 1811 2570 Deus
1850 2521 2063 2582 noster,
2934 2515 3115 2566 ierint.

373 2601 756 2672 spiritumque
783 2602 1199 2656 suum-bonum
1234 2602 1396 2657 nobis
1426 2603 1660 2667 tribuat,
1692 2605 1790 2674 qui
1821 2621 1926 2658 nos
1961 2605 2065 2659 du-
2249 2599 2352 2665 (Ea:
2380 2601 2541 2655 dictis
2572 2601 2627 2656 S.
2662 2597 2905 2663 Isidori.)
2937 2601 2994 2655 Si
3023 2601 3153 2670 quis
3183 2601 3404 2655 discors
3433 2603 3489 2654 et
3529 2598 3753 2668 litigans,
3787 2597 3829 2647 et

372 2693 461 2744 cat
488 2689 546 2744 in
577 2689 726 2745 viam
748 2695 983 2756 rectam,
1016 2690 1376 2762 vivificetque
1410 2708 1515 2746 nos
1545 2692 1606 2746 in
1635 2693 1905 2764 aequitate
1926 2707 2063 2746 sua:
2177 2705 2279 2760 per
2320 2689 2515 2744 odium
2571 2689 2856 2744 dissidens
2905 2689 3179 2756 extiterit,
3211 2704 3475 2759 quosque
3523 2687 3588 2741 ad
3643 2699 3830 2739 concor-

373 2783 653 2850 quatenus
683 2780 805 2850 ejus
845 2778 1176 2848 magisterio
1210 2779 1371 2834 omni
1420 2785 1679 2851 tempore
1710 2783 1837 2834 vitm
1860 2785 2067 2832 nostra:
2179 2778 2334 2832 diam
2391 2778 2606 2844 redeat,
2639 2794 2673 2831 a
2725 2781 3006 2831 conventu
3062 2782 3119 2832 et
3172 2778 3446 2832 societate
3503 2774 3754 2841 Ecclesiae,
3786 2777 3830 2825 et

371 2871 601 2936 gratum
657 2864 950 2918 servitium
998 2865 1051 2919 ei
1102 2867 1454 2932 exhibentes,
1508 2871 1640 2937 post
1690 2866 1838 2920 hanc
1895 2865 2067 2920 vitam
2101 2866 2140 2921 C
2177 2882 2426 2920 canones
2454 2867 2677 2936 jubent,
2711 2866 2932 2920 alienus
2964 2867 3188 2921 existat.

372 2970 476 3024 per
507 2954 631 3024 ejus
659 2953 902 3023 gratiam
943 2969 1270 3008 mereamur
1323 2953 1738 3009 beatitudinem
1775 2954 1940 3025 possit

2259 2990 2304 3027 Ρ.
2340 2973 2523 3027 LVIII.
2557 3002 2627 3012 —
2657 2976 2735 3028 De
2763 2974 2856 3027 illo
2907 2976 3006 3041 qui
3049 2973 3172 3027 odio
3203 2972 3402 3026 habeat
3433 2973 3673 3040 aliquem,
3699 2971 3742 3023 et
3772 2965 3827 3019 ad

372 3041 803 3113 sempiternam.
2686 3060 2873 3113 pacem
2895 3047 3094 3099 reuerti
3110 3045 3368 3098 noluerit.

375 3149 500 3205 CAP.
535 3147 760 3201 XLVIII.
790 3176 858 3187 —
886 3150 960 3201 De
988 3147 1354 3202 sacerdotibus
1383 3153 1434 3201 et
1452 3151 1680 3217 reliquis
1695 3149 2071 3203 ecclesiasticis
2266 3131 2374 3201 (Em
2404 3131 2630 3200 θοάθνπι)
2650 3132 2707 3188 εί
2735 3131 2865 3203 (Illis
2912 3132 3044 3186 οάίο
3076 3131 3246 3185 habet
3294 3131 3570 3202 aliquem»
3599 3128 3672 3182 ita
3697 3130 3751 3180 ut
3773 3124 3826 3178 ad

408 3217 692 3274 ordinibus
720 3219 818 3286 qui
847 3231 1052 3285 magos,
1098 3219 1319 3283 ariolos,
1350 3222 1447 3271 aut
1473 3219 1685 3272 divinos
1731 3220 2032 3273 consulunt.
2176 3235 2376 3291 pacem
2406 3220 2614 3274 reverti
2635 3236 2746 3274 non
2773 3219 2924 3284 velit,
2967 3220 3112 3274 sicut
3169 3220 3354 3274 sancti
3406 3221 3594 3274 Patres
3662 3218 3828 3268 statue

447 3306 560 3375 (Ea:
587 3306 807 3359 concilio
843 3306 1108 3373 Toletum,
1141 3307 1318 3374 capite
1363 3305 1474 3375 29.)
1507 3306 1562 3360 Si
1593 3306 1721 3377 quis
1750 3307 2072 3377 episcopus,
2177 3313 2336 3376 runt,
2405 3309 2933 3366 excommunicetur
2997 3313 3053 3363 et
3101 3309 3170 3363 ab
3244 3307 3492 3363 Ecclesia
3555 3307 3823 3377 separetur,

375 3399 476 3448 aut
500 3392 817 3463 presbyter,
849 3392 965 3447 sive
1013 3393 1307 3463 diaconus,
1337 3394 1426 3448 vel
1458 3395 1701 3465 quilibet
1747 3411 1814 3450 ex
1870 3395 2072 3450 ordine
2180 3397 2362 3452 donec
2392 3397 2812 3452 reconcilietur.

375 3482 736 3548 clericorum,
768 3498 988 3552 magos,
1037 3487 1138 3536 aut
1193 3483 1500 3554 aruspices,
1553 3489 1652 3538 aut
1705 3485 1935 3553 ariolos,
1984 3485 2074 3539 vel
2616 3487 2742 3541 CAP.
2780 3487 2910 3540 LIX.
2939 3514 3008 3526 --
3047 3488 3120 3540 De
3155 3485 3342 3539 eadem
3369 3500 3444 3539 re.

378 3570 698 3642 sortilegos,
729 3575 829 3625 aut
883 3587 982 3624 eos
1031 3570 1130 3642 qui
1161 3571 1502 3642 proﬁtentur
1554 3578 1735 3627 artem
1795 3574 2068 3644 aliquam,
2251 3576 2360 3641 (Ea:
2415 3574 2561 3628 decr.
2597 3575 2834 3628 Fabiani
2871 3590 3053 3643 papa,
3094 3577 3272 3643 capite
3301 3573 3384 3642 3.)
3423 3573 3483 3628 Si
3518 3571 3637 3642 quis
3663 3566 3828 3624 contri-

375 3664 475 3715 aut
505 3659 725 3730 aliquos
757 3675 958 3714 eorum
988 3659 1196 3714 similia
1238 3665 1561 3715 exercentes
1615 3663 1918 3717 consulens
1950 3662 2071 3718 fue-
2181 3666 2360 3717 status
2385 3663 2636 3717 noluerit
2665 3663 3024 3716 reconciliari
3076 3662 3458 3716 satisfaciente
3489 3678 3553 3715 eo
3591 3658 3682 3730 qui
3724 3671 3828 3710 con-

378 3747 452 3802 rit
483 3747 892 3817 deprehensus,
937 3747 1007 3802 ab
1038 3749 1255 3802 honore
1283 3749 1576 3820 dignitatis
1606 3766 1723 3804 suae
1758 3750 2070 3821 depositus,
2179 3751 2447 3820 tristavit,
2495 3751 2786 3805 acerrimis
2845 3756 3163 3805 macerctur
3216 3751 3450 3819 inediis,
3502 3764 3672 3819 usque
3723 3746 3828 3800 dum

379 3835 792 3890 monasterium
819 3835 1132 3905 ingressus,
1174 3836 1371 3907 ibique
1401 3842 1693 3908 perpetuas
1723 3838 2074 3909 paenitentiae
2183 3840 2430 3910 gratanti
2458 3840 2650 3894 animo
2681 3841 3122 3894 satisfactionem
3161 3840 3427 3910 recipiat.

377 3925 623 3992 deditus,
654 3925 834 3978 scelus
865 3924 1178 3979 admissum
1210 3926 1494 3996 sacrilegii
1521 3928 1658 3981 luat.
2643 3929 2770 3984 CAP.
2798 3931 2900 3984 LX.
2937 3958 3006 3970 —
3033 3932 3108 3983 De
3129 3929 3314 3982 eadem
3340 3945 3419 3983 re.

452 4031 579 4086 CAP.
603 4030 781 4086 XLIX.
801 4058 864 4072 —
888 4033 961 4085 De
985 4033 1096 4086 illis
1119 4034 1217 4100 qui
1236 4032 1311 4085 ad
1323 4034 1596 4098 fascinum
1612 4035 2003 4089 incantationes

2261 4014 2359 4086 [Ex
2386 4016 2611 4087 eodem.)
2642 4016 2699 4072 Si
2729 4017 2858 4088 quis
2887 4033 3000 4071 non
3029 4018 3150 4071 vult
3189 4015 3548 4071 reconciliari
3575 4011 3719 4070 fratri
3751 4025 3829 4062 suo

1095 4095 1340 4168 fauerint.
2106 4147 2146 4201 Β
2185 4120 2357 4176 quem
2389 4104 2520 4159 odio
2559 4105 2748 4171 habet,
2792 4106 3010 4160 tamdiu
3042 4105 3100 4159 in
3133 4121 3281 4176 pane
3317 4111 3378 4160 et
3406 4121 3549 4177 aqua
3575 4095 3827 4174 prenitéat,

451 4191 563 4248 (Ea:
609 4190 830 4245 concilio
857 4189 1153 4258 Cabillon.,
1194 4193 1370 4259 capite
1399 4192 1476 4261 5.)
1505 4191 1561 4246 Si
1591 4193 1719 4263 quis
1755 4198 2070 4263 praecanta-
2106 4189 2144 4201 ”
2185 4209 2367 4263 usque
2393 4193 2532 4248 dum
2564 4194 2960 4248 reconcilietur
2990 4193 3062 4248 ei.

383 4280 526 4335 verit
573 4279 642 4333 ad
699 4277 997 4340 fascinum,
1057 4281 1146 4333 vel
1177 4280 1600 4352 qualescunque
1635 4283 2072 4351 praecantiones,
2625 4281 2752 4336 CAP.
2789 4282 2918 4336 LXI.
2948 4312 3017 4321 —
3049 4283 3128 4336 De
3154 4281 3337 4336 eadem
3358 4297 3436 4336 re.

390 4367 638 4440 exceptis
696 4367 970 4437 Symbolo
1027 4371 1084 4435 et
1145 4368 1400 4422 oratione
1457 4369 1775 4436 Dominica,
1813 4371 1911 4442 qui
1942 4387 2073 4426 can-
2254 4369 2363 4440 (Ea:
2415 4371 2635 4424 concilio
2663 4373 2953 4438 Agatensi,
2986 4373 3164 4440 capite
3200 4370 3276 4436 7.)
3309 4369 3526 4424 Placuit
3560 4366 3732 4428 etiam,
3779 4364 3826 4413 ut

384 4461 488 4522 tat,
522 4460 580 4511 et
608 4454 708 4527 qui
753 4459 1036 4522 cantatur,
1069 4460 1185 4511 tres
1214 4457 1688 4528 Quadragesimas
1712 4459 1772 4513 in
1821 4476 1971 4532 pane
2023 4465 2079 4515 et
2184 4455 2330 4511 sicut
2351 4457 2692 4529 plerumque
2724 4458 2789 4512 ﬁt
2823 4463 2882 4512 ut
2908 4459 3235 4530 quicunque
3265 4464 3363 4513 aut
3386 4457 3686 4528 longinqva
3709 4452 3826 4515 inter

391 4561 541 4616 aqua
577 4544 870 4616 paeniteat.
2183 4562 2242 4599 se
2283 4546 2380 4599 lite
2405 4546 2807 4615 discesserunt,
2834 4551 2890 4602 et
2945 4548 3017 4602 ad
3048 4563 3246 4617 pacem
3310 4547 3555 4601 revocari
3603 4543 3826 4598 diuturna

492 4654 620 4710 CAP.
657 4653 716 4708 L.
752 4683 819 4693 —
864 4652 1020 4718 Quod
1048 4653 1432 4708 daemoniacum
1459 4661 1644 4724 petras
1672 4657 1756 4710 υει
1780 4656 1972 4711 herbas
2183 4633 2502 4688 intentione
2529 4636 2913 4724 nequiverint,
2938 4636 3007 4690 de
3048 4635 3310 4690 Ecclesiae
3362 4640 3509 4690 cmtu
3563 4628 3826 4704 justissima

738 4726 854 4780 sine
889 4726 1255 4779 incantatione
1286 4723 1718 4795 liceat’portare.
2185 4723 2778 4778 excommunicatione
2810 4725 3118 4795 pellantur.

456 4813 579 4884 (Ea:
632 4811 793 4866 dictis
847 4812 1120 4881 Hierony.)
1179 4813 1540 4867 Daemonium
1592 4813 1896 4867 sustinenti
1948 4813 2021 4868 lic

2256 4847 2314 4884 .p.
2349 4829 2502 4884 LXII.
2535 4861 2604 4870 —
2635 4834 2709 4886 De
2746 4832 2857 4887 illis
2887 4833 2985 4900 qui
3032 4833 3397 4887 contentiones
3424 4835 3475 4885 et
3523 4830 3668 4882 rixas
3705 4834 3824 4875 ama-

383 4907 576 4974 petras
602 4901 690 4956 vel
720 4899 928 4954 herbas
956 4899 1166 4954 habere
1195 4900 1318 4955 sine
1349 4901 1755 4956 incantatione.
2896 4899 3122 4957 iuerint.

456 5009 584 5064 CAP.
627 5008 710 5062 LI.
759 5036 829 5047 —
863 5009 930 5062 Ut
957 5006 1209 5060 maledici
1235 5009 1348 5061 nisi
1370 5023 1426 5061 se
1453 5011 1732 5075 corrigunt
1785 5023 2009 5076 regnum
2259 4991 2371 5053 (ΕΒ
2403 4989 2601 5056 εοάθπιν
2635 4992 2812 5058 caput?
2841 4993 2918 5058 5-)
2947 4990 3004 5045 Si
3033 4990 3164 5061 (ἶυίε
3189 4983 3681 5076 οοηῖθηίίοηβελνβῙ
3705 4979 3828 5076 ῗί¹ξ³

934 5080 1033 5132 Dei
1057 5093 1164 5132 non
1198 5079 1529 5146 possideant.
1598 5069 1620 5075 ⁷
1844 5069 1866 5076 ⁷
2187 5077 2482 5144 amaverit,
2516 5079 2602 5131 vel
2646 5079 3015 5134 manifestum
3064 5078 3375 5133 convitium
3411 5075 3542 5131 irati
3589 5069 3825 5131 intulerit,

460 5163 773 5234 (Apostolus
802 5161 983 5232 dicit.)
1014 5163 1316 5232 Apostolus
1349 5161 1486 5216 dicit
1512 5179 1529 5216 :
1574 5163 1770 5234 Neque
1815 5163 2079 5218 maledici
2182 5165 2345 5236 juxta
2365 5165 2671 5220 arbitrium
2694 5167 2928 5221 rectoris
2949 5167 3304 5238 modumque
3323 5164 3550 5237 peccati,
3579 5159 3822 5216 diuturna.

388 5265 632 5321 regnum
667 5251 765 5304 Dei
812 5249 1209 5321 possidebunt.
1244 5250 1300 5305 Si
1343 5250 1471 5320 quis
1513 5249 1618 5304 hoc
1648 5256 1943 5321 peccatum
1975 5252 2080 5306 ad-
2189 5255 2450 5324 expietur
2468 5255 2822 5325 paenitentia.

387 5338 631 5405 miserit,
665 5343 778 5393 tam
808 5340 1023 5410 grande
1055 5339 1348 5411 poeniteat,
1409 5355 1583 5410 quam
1615 5341 1832 5410 grande
1867 5357 2081 5412 perpe-
2189 5343 2296 5398 CAP
2357 5344 2532 5398 LXIII.
2556 5373 2629 5386 —
2649 5347 2720 5399 De
2747 5346 2859 5399 illis
2885 5347 2982 5414 qui
3000 5345 3189 5411 faciles
3210 5350 3335 5399 sunt
3353 5343 3426 5398 ad
3466 5332 3823 5396 detrahendum.

386 5428 539 5484 ravit
565 5428 927 5500 scelus,quod
959 5445 990 5483 a
1013 5444 1189 5502 regno
1223 5426 1324 5484 Dei
1353 5444 1472 5484 non
1501 5434 1817 5502 separetur.
2259 5432 2381 5502 (Ea:
2405 5432 2604 5500 eodem,
2640 5435 2818 5503 capite
2859 5434 2967 5504 to.)
3006 5433 3064 5488 Si
3101 5433 3232 5505 quis
3259 5435 3550 5504 promptus
3573 5422 3821 5489 facilisque
