4028 6190
157 247 277 299 853
1107 244 1290 301 DECR
1302 246 1586 303 ETORUM
1628 244 1748 301 LIB]

2112 246 2320 301 LIBER
2362 244 2787 301 UNDECIMUS.
3597 249 3703 303 854

162 372 260 422 est
324 368 399 421 ad
457 366 908 430 detrahendum,
967 366 1278 438 dicensque
1332 369 1486 438 quod
1533 385 1733 423 verum
1781 385 1898 423 non
1925 378 1972 432 Α
2010 366 2172 437 gium
2219 368 2544 431 committit.
2579 372 2636 421 et
2687 369 2789 438 qui
2836 368 3133 423 ecclesiam
3185 369 3283 423 Dei
3318 370 3595 438 devastat,
3651 375 3711 426 et

165 462 282 523 est,
318 457 393 510 VI
426 456 548 509 dies
578 456 639 508 in
671 471 819 526 pane
863 461 920 509 et
947 472 1121 526 aqua,
1153 462 1541 527 sequestratus
1570 474 1604 511 a
1648 458 1901 511 fraterno
2011 454 2309 509 incendit:
2341 455 2473 527 quia
2513 461 2570 509 et
2599 456 2707 509 hoc
2757 456 3121 525 sacrilegium
3170 461 3273 523 est,
3324 457 3541 528 placuit
3588 476 3717 513 san-

166 545 501 608 consortio,
537 544 833 614 pmniteat.
2012 548 2115 597 etas
2166 546 2385 615 synodo
2436 549 2500 598 ut
2528 544 2589 598 in
2640 562 2754 598 uno
2810 546 2952 610 loco,
2990 546 3045 599 id
3093 549 3178 599 est
3225 546 3287 599 in
3335 549 3711 615 monasterio,

172 635 317 689 CAP.
348 633 538 687 LXIV.
572 662 642 671 —
672 635 745 685 De
774 632 887 686 illis
920 633 1019 699 qui
1036 636 1223 712 contra
1244 634 1515 701 episcopos
1545 647 1668 688 suos
1698 636 1905 702 conspi-
2012 632 2294 703 poeniteat
2325 632 2589 686 omnibus
2615 632 2815 685 diebus
2845 633 2975 686 vita:
3007 650 3143 687 suae.

926 706 1193 756 raverint.
2324 722 2451 775 CAP.
2490 722 2517 774 ι

2324 722 2451 775 CAP.
2490 721 2618 774 LVI.
2658 749 2726 761 —
2754 722 2835 775 De
2865 723 3072 775 clericis
3100 721 3402 775 maledicis.

257 792 390 863 (Ea:
420 794 581 861 epist.
620 792 824 845 Galist.
856 806 1014 859 papa
1045 790 1118 843 ad
1147 804 1321 843 omnes
1358 791 1555 844 Galliae
1585 793 1848 859 episcopos

2118 811 2196 863 Ea:
2216 811 2437 863 concilio
2461 810 2745 874 Carthag.,
2762 812 2938 878 capite
2959 812 3071 879 57.)
3102 808 3352 863 Clericus
3374 808 3709 876 maledicus,

181 880 713 950 Conspiralionum
792 894 927 932 vero
982 877 1223 931 crimina
1278 877 1476 930 vestris
1532 878 1591 931 in
1648 884 1772 949 part

2122 896 2263 950 xime
2310 912 2343 949 a
2372 896 2759 950 sacerdotibus
2807 901 3041 966 cogatur
3074 897 3141 949 ad
3182 897 3585 966 postulandam
3618 912 3713 949 ve-

179 968 393 1038 νίϐθτθ
437 967 784 1033 δυάίνίωηδ»
828 971 883 1019 et
930 966 1125 1036 Plebes
1172 970 1369 1019 contra
1412 966 1720 1055 νθΡίξοοροδ
1774 982 1908 1055 ευρε
2017 985 2191 1040 niam.
2238 985 2295 1039 Si
2328 986 2597 1050 noluerit,
2632 980 2996 1054 degradetur,
3032 1001 3134 1038 nec
3168 1001 3428 1055 unquam
3476 986 3547 1039 ad
3578 985 3715 1039 ofli-

184 1056 535 1125 conspirare
594 1054 762 1108 nobis
819 1054 1156 1129 mandatum
1223 1059 1324 1107 est.
1394 1054 1585 1107 Cuivis
1650 1054 1909 1108 criminis
2015 1074 2188 1140 cium,
2224 1074 2438 1143 absque
2466 1074 2847 1126 satisfactione
2879 1079 3194 1127 revocetur.

187 1144 415 1198 astutia
469 1160 584 1196 non
653 1128 847 1196 solum
899 1143 1050 1195 inter
1098 1142 1446 1196 Christianos
1506 1142 1908 1195 abominabilis
2016 1161 2146 1215 CAP,
2178 1128 2385 1214 ιχνιῑ,
2419 1189 2488 1200 _
2534 1163 2609 1214 De
2647 1161 2754 1213 ίιιίε
2787 1162 2884 1229 qu,-
2913 1160 3206 1213 ἀειναιιηηι
3251 1161 3366 1213 suis
3405 1159 3710 1227 prioribus.

190 1238 302 1299 est,
335 1232 438 1285 sed
470 1231 643 1284 etiam
670 1230 817 1283 inter
844 1230 1122 1297 ethnicos,
1156 1235 1212 1285 et
1230 1230 1300 1283 ab
1327 1230 1535 1283 exteris
1560 1232 1685 1300 lege
1712 1230 1909 1300 prohi-
2090 1246 2197 1318 (Εω
2237 1248 2399 1302 diem
2441 1249 2643 1302 Basilii
2686 1247 2965 1317 episcopi.)
3015 1247 3070 1301 Si
3102 1247 3229 1317 quis
3276 1246 3583 1299 detraxerit
3613 1245 3715 1314 qui

189 1320 340 1374 bita.
378 1320 447 1373 Et
494 1319 703 1372 idcirco
746 1318 918 1388 hujus
948 1318 1206 1371 criminis
1245 1334 1393 1384 reos,
1439 1334 1555 1372 non
1587 1318 1773 1371 solum

2119 1341 2345 1404 praeest,
2396 1336 2490 1388 Vll
2523 1336 2641 1388 dies
2686 1352 2718 1387 a
2762 1340 3047 1388 conventu
3097 1335 3347 1388 ecclesia:
3397 1340 3710 1403 separatus.

193 1408 560 1475 clesiasticae,
596 1407 695 1460 sed
726 1406 899 1460 etiam
931 1407 1127 1461 saeculi
1165 1406 1444 1460 damnant
1475 1407 1630 1476 leges
1659 1422 1672 1459 :
1708 1411 1764 1459 et
1795 1422 1907 1460 non
2019 1429 2083 1477 ut
2110 1424 2282 1478 Maria
2332 1439 2492 1476 δοτοι-
2540 1427 2730 1476 Αποη
2766 1439 2890 1493 (με
2936 1423 3178 1476 detraxit
3207 1422 3364 1487 Mosi,
3414 1421 3711 1489 poeniteat.

196 1497 394 1550 50mm
453 1495 866 1565 conspirantes,
919 1495 1019 1549 sed
1069 1500 1127 1550 et
1174 1496 1595 1548 consentientes
1644 1494 1745 1548 δίε·
1788 1496 1910 1549 ΑΠ’
2018 1511 2146 1566 CAP.
2188 1512 2419 1565 LXVIII.
2452 1541 2520 1550 -
2552 1514 2622 1564 De
2650 1512 2857 1566 clericis
2885 1512 2967 1564 vel
2992 1510 3265 1564 monachis
3295 1508 3711 1576 conjuranlibus

196 1590 521 1638 tecessores
571 1599 703 1636 vero
754 1584 934 1637 nostri
967 1600 1142 1655 quam
1190 1584 1441 1654 plurima
1484 1582 1653 1637 turba
1693 1583 1910 1652 episco-
2215 1584 2296 1636 vel
2324 1582 2759 1651 conspirantibus
2790 1586 2977 1634 contra
3005 1596 3308 1649 episcopum
3339 1595 3516 1633 suum.

198 1688 441 1742 porum,
468 1671 802 1742 quicunque
833 1688 1035 1726 eorum
1067 1672 1127 1725 in
1166 1670 1504 1726 sacerdotali
1534 1670 1735 1724 ordine
1779 1677 1910 1726 sunt
1942 1665 1981 1718 Β
2092 1670 2211 1740 (Ea:
2240 1672 2463 1724 concilio
2497 1669 2779 1734 Chalced.,
2810 1671 2985 1737 capite
3016 1669 3126 1735 l9.)
3158 1667 3215 1721 Si
3245 1668 3343 1737 qui
3363 1683 3499 1734 ergo
3523 1665 3716 1719 clerici

200 1760 508 1814 constituti
554 1765 657 1813 aut
686 1760 938 1814 existunt
985 1760 1196 1828 clerici,
1238 1761 1460 1815 honore
1512 1774 1626 1829 quo
1669 1762 1915 1812 utuntur
2021 1757 2107 1811 vel
2141 1757 2403 1811 monachi
2433 1757 2647 1826 reperti
2690 1756 2904 1810 fuerint
2940 1757 3306 1825 conjurantes
3352 1759 3449 1808 aut
3480 1753 3717 1822 conspi-

202 1863 401 1902 carere
464 1854 867 1919 praeceperunt
920 1866 933 1903 :
1000 1855 1235 1903 caeteros
1306 1865 1437 1902 vero
1505 1846 1913 1900 communione
2021 1850 2230 1912 rantes,
2276 1845 2642 1913 autiusidias
2672 1852 2951 1914 ponentes
3003 1843 3303 1913 episcopis,
3335 1846 3434 1896 aut
3470 1840 3713 1908 clericis,

202 1937 442 2007 privari,
497 1941 558 1989 et
600 1937 673 1989 ab
728 1937 964 1991 ecclesia
1007 1943 1258 1991 extorres
1309 1937 1434 1991 fieri
1486 1937 1801 2006 jusserunt,
1859 1941 1916 1989 et
2022 1934 2199 2004 gradu
2233 1934 2467 2005 progrio
2499 1933 2748 2003 poenitus
2780 1932 3141 2001 abjiciantur.

202 2042 321 2081 non
352 2024 545 2078 solum
578 2024 867 2091 facientes,
900 2026 1003 2080 sed
1035 2026 1116 2079 eis
1146 2026 1592 2081 consentientes.
2422 2021 2551 2075 CAP.
2598 2021 2781 2075 LXIX.
2816 2049 2885 2059 —
2916 2023 2987 2074 De
3016 2019 3199 2073 eadem
3230 2035 3307 2073 re.

638 2113 764 2168 CAP.
798 2114 957 2171 LXV.
990 2144 1061 2154 —
1092 2118 1164 2169 De
1196 2115 1380 2169 eadem
1404 2130 1483 2168 re.
2093 2110 2274 2180 Igitur
2316 2109 2363 2164 si
2413 2109 2605 2163 clerici
2652 2114 2750 2162 aut
2779 2108 3046 2161 monachi
3096 2108 3312 2160 inventi
3343 2105 3559 2160 fuerint
3587 2121 3717 2159 con-

277 2203 401 2273 (Εω
427 2200 655 2257 concilio
684 2204 956 2270 Tungren.
990 2205 1167 2272 capite
1197 2204 1272 2273 5.)
1304 2202 1572 2272 Quisquis
1594 2217 1699 2271 per
1722 2201 1913 2255 dolum
2017 2197 2217 2269 jurati,
2271 2203 2367 2252 aut
2414 2214 2517 2268 per
2573 2197 3029 2268 conjurationem
3088 2196 3438 2249 calumniam
3491 2194 3717 2248 machi-

204 2292 383 2345 mittit
413 2306 653 2343 manum
686 2306 845 2345 suam
878 2292 942 2345 in
976 2291 1266 2348 Christum
1309 2290 1540 2345 Domini
1580 2288 1915 2360 episcopum
2024 2292 2221 2340 nantes
2248 2285 2528 2357 episcopis
2575 2286 2661 2340 vel
2696 2285 2931 2352 clericis,
2960 2284 3254 2356 proprium
3288 2284 3553 2338 amittant
3584 2299 3716 2354 gra-

203 2378 487 2446 videlicet,
535 2384 759 2449 patrem
809 2384 868 2433 et
914 2384 1207 2449 pastorem
1252 2394 1466 2432 suum:
1501 2378 1637 2449 quia
1686 2376 1911 2429 sacrile-
2024 2375 2182 2430 dum.

1620 2495 1795 2537 FINIS
1842 2494 2017 2535 LIBRI
2065 2495 2311 2535 DECIMI.

1003 2749 1301 2823 INDEX
1359 2748 2051 2823 CAPITULORUM
2108 2748 2362 2822 LIBRI
2424 2747 2923 2823 UNDECIMI.

198 2904 329 2959 Car.
377 2909 426 2960 1.
460 2905 542 2958 De
574 2903 705 2958 sede
740 2902 1162 2973 episcoporum,
1208 2920 1310 2959 cur
1360 2905 1421 2959 in
1453 2903 1702 2957 Ecclesia
1739 2904 1909 2958 altius
1940 2905 1981 2959 C
2026 2906 2107 2960 19.
2152 2904 2230 2958 De
2261 2902 2463 2958 eadem
2495 2919 2577 2956 re.

270 2992 496 3047 cazteris
527 2992 725 3047 sedere
757 2992 1019 3046 debeant.
2016 2993 2103 3046 20.
2151 2993 2229 3046 De
2260 2992 2463 3046 eadem
2492 3007 2571 3045 re.

196 3084 253 3136 2.
298 3082 613 3151 Episcopus
644 3096 777 3135 cum
822 3081 1336 3148 excommunicare,
1383 3082 1475 3137 vel
1527 3081 1904 3136 anathemati-
2015 3084 2102 3137 21.
2153 3083 2230 3136 De
2261 3082 2461 3136 eadem
2488 3096 2572 3136 re.

274 3186 404 3222 zare
447 3169 699 3240 aliquem
739 3185 845 3240 pro
902 3170 1070 3223 certis
1122 3175 1179 3223 et
1224 3169 1547 3225 manifestis
1597 3170 1908 3225 sceleribus
2016 3174 2103 3227 22.
2148 3172 2226 3227 De
2256 3171 2458 3226 eadem
2490 3186 2575 3225 re.

274 3258 621 3329 dispositum
650 3258 843 3321 habet,
875 3262 1002 3328 post
1031 3259 1334 3313 lectionem
1365 3258 1663 3329 Evangelii
1688 3259 1906 3315 clerum
2015 3264 2103 3317 23.
2148 3263 2227 3318 De
2290 3262 2377 3317 his
2430 3260 2531 3332 qui
2587 3261 2824 3316 domum
2896 3260 2998 3315 Dei
3049 3257 3543 3330 contemptibilem
3610 3256 3710 3311 du-

275 3351 333 3399 et
360 3345 589 3415 plebem
620 3344 702 3398 ita
731 3345 903 3399 debet
929 3345 1164 3417 alloqui.
2087 3356 2247 3407 cunt.

200 3436 257 3488 3.
300 3433 493 3487 Prima
517 3432 1050 3487 excommunicatio.
2016 3440 2104 3493 24.
2151 3442 2228 3493 De
2258 3440 2455 3494 eadem
2487 3455 2570 3494 re.

196 3522 255 3576 4.
300 3522 442 3575 Item
472 3521 1081 3576 excommunicationis
1110 3522 1403 3577 allocutio.
2014 3531 2103 3584 25.
2149 3530 2219 3584 Ut
2270 3545 2362 3584 res
2418 3528 2622 3583 ablata:
2676 3544 2806 3583 cum
2869 3525 3347 3597 multiplicatione
3401 3524 3709 3579 restituan-

202 3613 258 3663 5.
304 3610 832 3664 Excommunicatio
859 3612 1126 3665 secunda.
2086 3622 2202 3671 tur.

200 3700 255 3752 6.
302 3699 443 3751 Item
468 3698 635 3752 tertia
668 3699 1205 3753 excommunicatio.
2014 3708 2103 3760 26.
2146 3707 2307 3772 Quod
2364 3704 2873 3759 ecclesiasticarum
2925 3718 3117 3755 rerum
3174 3700 3458 3764 incendia,
3519 3703 3575 3753 et
3620 3700 3712 3754 de-

195 3791 257 3839 7.
302 3786 827 3840 Excommunicatio
859 3791 1083 3857 quarta.
2085 3794 2466 3865 praedationes
2491 3810 2595 3863 pro
2623 3792 2937 3847 emunitate
2962 3790 3073 3843 sint
3100 3790 3494 3844 emendanda.

200 3876 257 3929 8.
301 3874 712 3929 Reconciliatio
746 3875 1246 3931 excommunicati.
2016 3885 2105 3937 27.
2150 3884 2227 3938 De
2290 3882 2461 3937 rebus
2511 3879 2925 3946 ecclesiasticis,
2984 3878 3277 3949 quomodo
3336 3876 3561 3931 restitui
3617 3876 3710 3930 deo

204 3979 238 4030 9
307 3963 387 4016 Ne
432 3963 690 4035 episcopi
736 3964 1062 4035 praecipites
1111 3964 1225 4019 sint
1272 3964 1525 4036 aliquem
1572 3980 1903 4021 excommu-
2087 3972 2281 4026 beant.

282 4049 493 4105 nicare.
2015 4063 2104 4115 28.
2146 4060 2305 4125 Quod
2332 4058 2593 4130 sacrilegi
2623 4059 2743 4113 sint
2772 4058 3139 4113 ecclesiarum
3172 4054 3490 4127 prmdones.

212 4141 299 4193 l0.
349 4140 425 4237 Pe
453 4140 655 4237 eadem
686 4156 769 4194 re.
1935 4183 1978 4237 Β
2016 4149 2105 4201 29.
2152 4149 2228 4201 De
2259 4147 2459 4201 eadem
2491 4162 2570 4202 re.

211 4232 298 4281 11.
347 4228 423 4281 De
453 4230 653 4283 eadem
684 4245 768 4286 re.
1938 4228 1973 4237 ⁷
2018 4238 2103 4292 30.
2149 4238 2227 4291 De
2256 4236 2345 4291 his
2388 4236 2488 4308 qui
2532 4235 2920 4291 truncationes
2948 4235 3367 4299 membrorum,
3411 4230 3707 4302 depraeda-

208 4319 297 4371 l2.
346 4317 414 4370 Ut
444 4318 636 4371 nullus
687 4317 936 4389 graviter
980 4309 1144 4385 ferat,
1192 4318 1356 4389 cujus
1402 4317 1784 4387 parochianus
1832 4319 1903 4374 ab
2084 4325 2287 4393 tiones,
2321 4331 2376 4380 et
2406 4326 2708 4380 domorum
2738 4324 3004 4379 incendia
3028 4322 3282 4378 fecerint.

277 4404 393 4458 alio
440 4406 708 4478 episcopo
768 4424 873 4480 pro
938 4411 1092 4462 certa
1151 4408 1319 4477 culpa
1377 4408 1905 4463 excommunicatus
2013 4416 2101 4469 31.
2143 4414 2306 4479 Quod
2334 4430 2464 4469 cum
2494 4413 2986 4469 excommunicato
3016 4428 3178 4468 orare
3207 4427 3327 4466 non
3350 4410 3533 4465 liceat.

277 4493 473 4549 fuerit.
2013 4505 2100 4557 32.
2148 4504 2224 4557 De
2256 4504 2455 4557 eadem
2477 4519 2556 4559 re.

202 4586 297 4638 13.
344 4584 419 4637 De
450 4584 563 4637 illis
593 4584 693 4655 qui
725 4584 783 4639 in
814 4585 1085 4654 parochia
1109 4586 1481 4640 consistentes
1512 4585 1732 4656 aliquid
1761 4601 1904 4639 con-
2012 4594 2100 4648 33.
2146 4593 2224 4647 De
2253 4593 2453 4647 eadem
2485 4608 2569 4647 re.

281 4676 373 4725 tra
406 4672 583 4727 Deum
623 4673 882 4739 fecerint,
929 4674 1155 4744 quoties
1194 4675 1265 4728 ab
1297 4674 1565 4745 episcopo
1609 4675 1679 4729 ad
1706 4692 1902 4731 emen-
2012 4680 2101 4735 34.
2146 4681 2221 4734 De
2247 4681 2445 4735 eadem
2474 4696 2559 4734 re.

278 4759 574 4815 dationem
604 4764 793 4816 vocari
823 4763 1086 4817 debeant.
2014 4770 2101 4822 35.
2145 4770 2222 4823 De
2253 4770 2453 4823 eadem
2487 4784 2567 4822 re.

203 4850 299 4904 14.
342 4850 422 4903 De
452 4851 651 4904 eadem
679 4868 760 4906 re.
2014 4860 2102 4913 36.
2146 4859 2224 4913 De
2253 4859 2450 4911 eadem
2483 4872 2564 4910 re.

203 4940 300 4992 15.
344 4938 504 5003 Quod
541 4940 699 4995 aliud
730 4940 802 4995 sit
844 4956 1079 5011 peccare
1105 4940 1166 4995 in
1196 4942 1397 5008 Deum,
1438 4942 1595 4997 aliud
1624 4942 1683 4997 in
1713 4942 1901 4998 homi-
2011 4948 2098 5001 37.
2142 4948 2221 5002 De
2247 4946 2448 5000 eadem
2478 4960 2559 4998 re.

284 5043 437 5081 nem.
2013 5039 2100 5091 38.
2142 5036 2223 5090 De
2250 5034 2450 5089 eadem
2476 5049 2559 5086 re.

203 5118 301 5170 16.
344 5116 423 5170 De
450 5117 652 5171 eadem
680 5133 761 5173 re.
2015 5126 2102 5178 39.
2147 5123 2225 5175 De
2251 5121 2451 5175 eadem
2482 5136 2563 5174 re.

202 5206 302 5259 17.
343 5204 503 5268 Quod
546 5210 806 5262 sanctum
855 5210 1181 5262 sanctorum
1213 5207 1287 5263 sit
1324 5208 1603 5281 quidquid
1660 5208 1904 5265 Domino
2013 5211 2101 5265 40.
2145 5210 2222 5264 De
2252 5209 2451 5263 eadem
2480 5224 2564 5261 re.

284 5293 578 5351 offeratur.
2013 5299 2101 5352 41.
2148 5298 2225 5351 De
2251 5296 2450 5350 eadem
2476 5312 2557 5350 re.

205 5385 301 5439 18.
352 5384 429 5438 De
480 5384 593 5439 illis
631 5385 731 5456 qui
778 5384 987 5442 Christi
1034 5385 1308 5456 pecunias
1360 5386 1630 5441 auferunt
1678 5388 1765 5442 vel
1811 5402 1904 5442 ra-
2013 5386 2103 5440 42.
2147 5387 2223 5440 De
2252 5384 2452 5439 eadem
2484 5399 2562 5437 re.

284 5471 475 5543 piunt.
2012 5476 2102 5530 43.
2145 5475 2224 5529 De
2249 5473 2451 5529 eadem
2482 5488 2564 5527 re.
