4028 6190
149 255 256 305 857

1086 252 1562 309 DECRETORUM
1613 251 1811 305 LIBRI
1848 251 1956 306 ΧΧ.
1998 284 2065 291 —
2110 252 2319 307 LIBER
2363 252 2777 311 UNDECIMUS.

3602 272 3705 325 858

156 373 311 427 illius
367 372 589 427 diaboli
654 373 729 428 sit
775 372 1051 428 imitando
1116 372 1438 444 diabolum,
1508 372 1751 429 solliciti
1811 388 1884 428 ne
1915 378 1960 431 A
1997 376 2229 446 culpam
2265 389 2429 428 suam
2470 378 2712 432 necdum
2758 380 3046 450 cognovit,
3108 398 3212 437 nec
3254 385 3541 440 confessus
3599 395 3702 455 est,

156 478 262 533 per
291 462 712 533 negligentiam
739 463 1078 533 pastoralem
1109 461 1307 533 aliqua
1349 464 1418 517 de
1460 464 1681 517 ovibus
1714 461 1885 517 nobis

154 552 387 605 creditis
444 551 758 621 deperiret,
816 568 916 622 pro
975 566 1087 622 qua
1163 550 1225 604 in
1286 553 1591 606 tremendo
1654 549 1881 620 judicio

157 644 291 693 ante
339 638 663 710 principem
731 644 1022 710 pastorum
1082 640 1395 693 Dominum
1453 644 1725 693 nostrum
1781 639 1879 693 Je-

158 743 290 781 sum
341 728 636 781 Christum
688 729 969 782 rationem
1038 727 1277 781 reddere
1364 728 1873 798 compelleremur,

152 816 319 885 juxta
356 816 510 886 quod
541 816 665 886 ipse
700 817 1030 869 terribiliter
1088 816 1256 869 nobis
1318 817 1731 881 comminatur,
1788 816 1878 869 di-

158 922 340 961 cens:
396 907 454 961 Si
538 924 659 961 non
738 908 1176 962 annunciaveris
1228 908 1430 980 iniquo
1502 907 1877 979 iniquitatem

160 1011 338 1062 suam,
363 997 712 1067 sanguinem
741 998 860 1065 ejus
899 998 967 1051 de
999 1013 1172 1051 manu
1221 1003 1321 1053 tua
1375 998 1694 1069 requiram.
1734 998 1879 1053 Misi-

162 1100 284 1138 mus
304 1084 373 1138 ad
415 1100 551 1138 eum
578 1086 977 1155 presbyterum
1029 1090 1308 1151 nostrum,
1344 1092 1400 1140 et
1456 1087 1675 1140 litteras
1719 1102 1871 1141 com-

162 1174 492 1227 monitorias
520 1176 729 1241 semel,
760 1179 816 1228 et
846 1174 1073 1241 iterum,
1116 1182 1291 1247 atque
1336 1176 1529 1241 tertio,
1565 1175 1874 1231 invitantes

163 1277 284 1315 eum
310 1263 590 1317 canonice
642 1264 715 1317 ad
763 1264 1246 1331 emendationem,
1294 1270 1351 1319 et
1390 1264 1866 1332 satisfactionem,

160 1351 654 1420 etpanitentiam,
689 1352 1063 1423 corripientes
1085 1370 1218 1408 eum
1241 1360 1481 1425 paterno
1505 1355 1730 1409 alfectu.
1757 1356 1869 1410 Sed

158 1438 290 1509 ipse,
324 1439 474 1509 proh
498 1440 710 1496 dolor!
740 1441 970 1496 diabolo
1002 1459 1100 1495 cor
1132 1444 1255 1513 ejus
1286 1443 1615 1510 indurante,
1652 1444 1871 1498 monita

158 1528 423 1581 salutaria
472 1530 718 1599 sprevit,
748 1530 805 1584 et
838 1532 895 1584 in
953 1531 1201 1601 incoepta
1235 1532 1454 1586 malitia
1501 1549 1871 1603 perseverans

1994 481 2097 519 nec
2174 464 2349 518 missa
2421 466 2588 519 nobis
2666 467 2969 538 legatione,
3051 472 3150 541 qui
3202 487 3431 526 causam
3516 474 3700 544 ipsius

1993 553 2394 625 exquirimus:
2452 555 2588 624 quia
2619 561 2816 610 noster
2872 560 3251 628 parochianus
3306 565 3409 627 est,
3469 562 3694 618 veniam

1991 642 2340 714 postulavit:
2382 643 2516 723 quia
2568 645 2626 698 in
2656 652 2842 716 capta
2892 648 3131 715 malitia,
3167 650 3394 703 diabolo
3444 666 3543 703 cor
3572 652 3696 720 ejus

1989 733 2319 794 indurante,
2394 739 2738 802 perseverat,
2820 742 2875 789 et
2927 738 3091 807 juxta
3157 739 3310 808 quod
3384 741 3689 809 Apostolus

1990 820 2178 875 dicit:
2214 818 2541 875 Secundum
2601 823 2874 878 duritiam
2928 842 3111 893 suam,
3171 843 3268 879 cor
3321 827 3697 897 impmnitens

1988 908 2343 964 thesaurizat
2367 908 2474 963 sibi
2501 910 2645 965 iram
2684 912 2742 965 in
2775 914 2867 967 die
2922 914 3022 967 ira
3061 930 3072 967 :
3130 915 3341 968 idcirco
3400 932 3504 969 nos
3563 933 3697 971 eum

1986 1014 2120 1051 cum
2183 996 2464 1051 universis
2530 1000 2905 1071 complicibus
2963 1008 3019 1056 et
3088 1004 3694 1072 communicatoribus,

1984 1086 2424 1155 fautoribusque
2516 1089 2656 1156 suis,
2742 1091 2961 1159 judicio
3062 1092 3157 1144 Dei
3258 1092 3697 1162 omnipotentis,

1985 1174 2306 1239 Patris,.et
2357 1175 2501 1243 Filii,
2557 1181 2613 1231 et
2667 1176 2909 1247 Spiritus
2966 1179 3167 1246 sancti,
3227 1183 3283 1233 et
3332 1181 3481 1234 beati
3542 1182 3696 1236 Petri

1982 1262 2268 1333 principis
2358 1267 2772 1335 apostolorum,
2860 1270 2918 1321 et
3000 1267 3263 1321 omnium
3343 1273 3693 1337 sanctorum,

1982 1368 2211 1406 necnon
2280 1356 2336 1406 et
2422 1359 2631 1408 nostra
2715 1355 3124 1409 mediocritatis
3212 1359 3570 1426 auctoritate,
3642 1364 3699 1413 et

1980 1444 2267 1508 potestate
2299 1441 2466 1496 nobis
2496 1442 2771 1496 divinitus
2801 1445 3011 1496 collata
3056 1444 3273 1515 ligandi
3326 1452 3382 1500 et
3435 1447 3694 1501 solvendi

1979 1526 2039 1581 in
2070 1528 2214 1582 calo
2246 1534 2303 1582 et
2336 1529 2395 1583 in
2426 1535 2597 1595 terra,
2640 1548 2673 1584 a
2705 1532 2940 1602 pretiosi
2982 1535 3240 1602 corporis
3286 1540 3342 1588 et
3398 1536 3694 1606 sanguinis

160 1618 412 1672 Ecclesia
440 1620 544 1673 Dei
597 1636 772 1691 quam
804 1620 970 1690 lasit,
1010 1622 1293 1692 superbia
1353 1622 1553 1692 spiritu
1613 1623 1865 1688 inﬂatus,
1903 1661 1941 1714 Β
1984 1616 2215 1714 Demini
2256 1618 2650 1687 perceptione,
2685 1624 2825 1714 etga
2873 1619 3139 1714 societate
3200 1622 3461 1676 omnium
3530 1623 3693 1714 Chri-

158 1707 478 1761 satisfacere
512 1708 880 1778 dedignatur.
920 1711 995 1763 De
1030 1710 1237 1765 talibus
1296 1711 1494 1782 itaque
1548 1716 1866 1782 transgres-

155 1795 405 1863 soribus,
436 1800 493 1849 et
523 1802 735 1849 sancta
789 1796 1084 1867 religionis
1132 1799 1425 1869 pacisque,
1479 1815 1652 1869 quam
1705 1801 1867 1854 Chri-

154 1888 280 1937 stus
302 1884 419 1937 suis
449 1883 746 1955 discipulis
774 1885 953 1948 dedit,
986 1891 1157 1957 atque
1189 1887 1445 1958 reliquit,
1473 1887 1865 1951 violatoribus,

153 1978 450 2042 pracepta
507 1973 795 2027 dominica
826 1978 881 2027 et
937 1975 1247 2045 apostolica
1309 1976 1610 2039 habemus,
1657 1977 1866 2047 quibus

152 2060 567 2126 informamur,
602 2060 738 2132 quid
782 2061 852 2115 de
897 2061 1293 2131 hujuscemodi
1326 2063 1865 2134 pravaricatoribus

155 2165 332 2219 agere
368 2165 469 2203 nos
499 2154 776 2219 oporteat.
812 2150 905 2204 Ait
933 2150 1087 2204 enim
1123 2152 1396 2205 Dominus
1427 2152 1485 2205 in
1520 2154 1825 2223 Evangelio
1852 2170 1865 2207 :

156 2239 217 2293 Si
239 2237 563 2310 peccaverit
590 2238 648 2292 in
678 2243 731 2293 te
772 2239 949 2293 frater
978 2244 1128 2308 tuus,
1162 2241 1388 2310 corripe
1422 2258 1575 2296 eum.
1628 2243 1868 2308 Fratres,

159 2327 222 2380 in
253 2342 729 2398 unumquemque
785 2332 1043 2383 nostrum
1102 2334 1318 2399 peccat,
1367 2330 1559 2401 quiin
1618 2334 1871 2384 sanctam

164 2416 478 2470 Ecclesiam
523 2421 733 2487 peccat.
815 2416 872 2471 Si
928 2417 1082 2471 enim
1144 2423 1335 2472 sancta
1391 2419 1636 2473 Ecclesia
1691 2435 1871 2472 unum

161 2520 377 2575 corpus
406 2509 507 2571 est,
541 2506 699 2575 cujus
724 2506 979 2575 corporis
1008 2512 1177 2576 caput
1210 2507 1468 2562 Christus
1508 2513 1616 2572 est,
1662 2508 1875 2577 singuli

163 2600 365 2648 autem
415 2611 611 2648 sumus
659 2594 800 2648 alter
831 2595 1064 2649 alterius
1094 2596 1355 2649 membra
1385 2614 1403 2652 :
1437 2602 1494 2650 et
1524 2596 1571 2650 si
1601 2613 1730 2650 cum
1766 2613 1874 2667 pa-

162 2683 313 2737 titur
331 2698 510 2736 unum
544 2683 886 2744 membrum,
911 2684 1343 2753 compatiuntur
1365 2685 1561 2738 omnia
1590 2685 1872 2751 membra,

160 2771 373 2842 procul
400 2771 573 2825 dubio
601 2771 658 2825 in
690 2788 789 2825 nos
812 2778 1025 2841 peccat,
1049 2773 1147 2842 qui
1182 2773 1445 2828 membra
1469 2779 1668 2828 nostra
1696 2773 1871 2828 laedit.

161 2859 187 2910 .I
200 2858 340 2911 ubet
356 2872 493 2927 ergo
510 2857 802 2923 Dominus,
827 2862 891 2911 ut
912 2858 1104 2921 frater,
1120 2857 1178 2911 id
1199 2862 1302 2925 est,
1320 2858 1679 2913 Christianus
1701 2859 1759 2913 in
1774 2876 1876 2912 nos

1980 1702 2301 1757 stianorum
2335 1722 2690 1776 separamus,
2720 1711 2777 1760 et
2809 1722 2841 1759 a
2890 1706 3189 1762 liminibus
3239 1716 3449 1764 sancta
3495 1711 3692 1764 matris

1981 1792 2244 1846 Ecclesia
2305 1793 2364 1847 in
2431 1795 2575 1849 calo
2633 1799 2690 1848 et
2737 1794 2797 1848 in
2848 1800 2998 1850 terra
3056 1798 3429 1865 excludimus,
3491 1804 3547 1852 et
3604 1814 3694 1851 ex-

1978 1882 2496 1950 communicatum,
2567 1887 2624 1936 et
2696 1883 3240 1940 anathematizatum
3306 1904 3425 1941 esse
3503 1887 3695 1940 decer-

1981 1968 2191 2035 nimus,
2235 1974 2291 2023 et
2319 1971 2654 2024 damnatum
2712 1987 2840 2024 cum
2894 1972 3123 2027 diabolo
3158 1980 3215 2028 et
3268 1975 3487 2045 angelis
3546 1976 3690 2045 ejus,

1980 2061 2036 2110 et
2067 2058 2339 2112 omnibus
2372 2059 2649 2129 reprobis,
2682 2058 2741 2112 in
2772 2059 2904 2130 igne
2937 2066 3154 2116 aterno
3181 2064 3528 2133 judicamus.
3581 2063 3693 2116 nisi

1981 2145 2128 2199 forte
2188 2163 2219 2199 a
2277 2147 2493 2200 diaboli
2553 2147 2768 2218 laqueis
2823 2149 3136 2219 resipiscat,
3172 2156 3228 2205 et
3274 2154 3345 2206 ad
3414 2152 3692 2205 emenda-

1980 2232 2197 2287 tionem
2268 2239 2328 2287 et
2400 2234 2795 2304 panitentiam
2857 2237 3071 2305 redeat,
3142 2243 3197 2293 et
3247 2240 3509 2293 Ecelcsia
3568 2237 3687 2300 Dei,

1982 2338 2155 2392 quam
2188 2322 2355 2389 laesit,
2410 2323 2738 2377 satisfaciat.
2786 2326 2848 2378 Et
2879 2327 3267 2396 respondeant
3320 2344 3519 2381 omnes
3576 2332 3692 2380 ter-

1982 2411 2082 2477 tio,
2133 2411 2325 2466 Amen
2363 2427 2376 2465 :
2426 2418 2545 2478 aut,
2600 2413 2740 2481 Fiat,
2796 2414 2925 2480 fiat;
2954 2421 3073 2483 aut,
3105 2417 3423 2470 Anathema
3469 2416 3557 2471 sit.
3587 2417 3691 2469 De-

1983 2500 2119 2554 bent
2174 2499 2335 2553 enim
2388 2502 2706 2555 sacerdotes
2773 2504 3105 2573 episcopum
3183 2506 3573 2568 circumstare,
3639 2509 3696 2558 et

1983 2589 2246 2642 lucernas
2278 2589 2543 2642 ardentes
2596 2590 2655 2643 in
2718 2592 2981 2646 manibus
3030 2596 3249 2662 tenere,
3287 2611 3428 2664 quas
3482 2596 3539 2648 in
3562 2609 3696 2647 con-

1985 2676 2239 2729 clusione
2366 2678 2767 2741 anathematis,
2884 2683 2971 2734 vel
3081 2682 3693 2736 excommunicationis

1986 2764 2270 2834 projicere
2308 2766 2519 2820 debent
2546 2767 2606 2820 in
2658 2773 2887 2833 terram,
2931 2774 2987 2823 et
3044 2772 3380 2825 conculcare
3432 2771 3690 2841 pedibus.

1988 2854 2119 2906 Post
2182 2853 2309 2907 hac
2395 2854 2695 2926 episcopus
2760 2857 2912 2927 plebi
2990 2858 3174 2928 ipsam
3238 2859 3692 2913 excommunica-

161 2961 429 3017 peccans,
454 2945 640 3015 primo
682 2951 896 2999 secrete
926 2946 1289 3017 corripiatur,
1324 2946 1531 3000 deinde
1553 2964 1685 3001 cum
1717 2948 1875 3001 testi-
1909 2946 1948 3001 C
1988 2941 2207 2995 tionem
2268 2944 2676 2998 communibus
2751 2946 2937 2999 verbis
3003 2947 3173 3001 debet
3243 2950 3571 3017 explanare,
3635 2951 3695 3000 ut

161 3035 273 3090 bus
314 3033 689 3104 redarguetur
722 3050 735 3087 :
769 3034 1075 3088 novissime
1108 3035 1167 3088 in
1189 3040 1471 3089 conventu
1498 3036 1751 3089 ecclesia
1775 3052 1874 3105 pn-

159 3123 312 3177 blice
343 3121 730 3176 conveniatur.
766 3123 928 3186 Quod
947 3124 992 3175 si
1019 3125 1118 3176 bas
1150 3128 1265 3176 tres
1294 3125 1794 3192 commonitiones,
1821 3129 1879 3180 et

161 3211 292 3281 pias
328 3210 714 3280 correptiones
754 3211 1088 3278 contemnit,
1138 3216 1195 3265 et
1241 3212 1565 3266 satisfacere
1611 3214 1873 3284 despicit,

165 3303 295 3371 post
316 3298 504 3352 haesit
518 3298 638 3365 tibi,
662 3299 1307 3370 inquit,sicutethnicus
1345 3302 1779 3370 etpublicanus,
1817 3302 1877 3356 id

167 3388 519 3457 est,gentilis
534 3392 701 3458 atque
727 3404 1003 3457 paganus,
1027 3392 1087 3441 ut
1102 3390 1343 3459 nonjam
1371 3406 1477 3458 pro
1530 3390 1873 3457 Christiano,

166 3477 268 3530 sed
315 3492 418 3545 pro
451 3492 671 3546 pagano
697 3476 990 3531 habeatur.
1032 3478 1095 3529 Et
1126 3477 1185 3529 in
1215 3478 1326 3530 alio
1360 3478 1505 3543 loco,
1551 3479 1876 3532 membrum

166 3565 330 3635 quod
360 3581 392 3617 a
421 3581 521 3617 sua
550 3581 824 3635 compage
866 3565 1190 3630 resolvitur,
1237 3568 1290 3618 et
1342 3582 1371 3618 a
1413 3566 1688 3636 junctura
1752 3567 1880 3620 cha-

166 3652 357 3706 ritatis
436 3653 794 3717 dissociatur,
854 3658 910 3707 et
985 3669 1155 3707 omne
1221 3669 1431 3723 corpus
1507 3654 1873 3721 scandalizat,

170 3740 472 3805 Dominus,
518 3747 573 3794 et
629 3742 904 3808 abscindi,
958 3746 1015 3795 et
1063 3742 1265 3813 projici
1314 3742 1498 3811 jubet,
1545 3743 1740 3797 dicens
1774 3759 1786 3796 :
1820 3744 1876 3797 Si

167 3830 394 3896 oculus,
462 3846 685 3895 manus,
746 3831 835 3884 vel
886 3846 985 3900 pes
1037 3835 1171 3883 tuus
1228 3831 1573 3885 scandalizat
1622 3836 1695 3893 te,
1739 3848 1876 3887 erue

170 3934 331 3984 eum,
365 3922 423 3972 et
466 3918 678 3988 projice
710 3918 806 3972 abs
835 3923 909 3973 te.
972 3920 1033 3973 Et
1078 3920 1384 3988 Apostolus
1419 3936 1431 3972 :
1487 3921 1741 3985 Auferte,
1787 3920 1878 3974 in-

171 4005 323 4076 quit,
376 4007 591 4059 malum
648 4022 677 4058 a
719 4006 893 4060 vobis.
960 4008 1025 4060 Et
1078 4007 1331 4060 iterum:
1398 4008 1457 4062 Si
1514 4009 1642 4079 quis
1699 4009 1878 4063 frater

170 4092 530 4162 nominatur,
571 4098 625 4147 et
665 4099 748 4148 est
778 4094 1105 4162 fornicator,
1146 4100 1244 4148 aut
1276 4095 1519 4161 adulter,
1555 4102 1654 4151 aut
1688 4098 1876 4151 homi-

168 4182 323 4249 cida,
354 4186 449 4234 aut
474 4198 673 4251 rapax,
705 4198 833 4236 cum
884 4183 1237 4252 hujusmodi,
1271 4200 1374 4237 nec
1415 4184 1609 4239 cibum
1650 4202 1874 4241 sumere

170 4271 331 4325 licet.
368 4271 433 4323 Et
489 4272 734 4323 Joannes
777 4272 1015 4325 dilectus
1064 4288 1186 4341 pra
1220 4272 1440 4326 caeteris
1472 4273 1674 4327 Christi
1706 4275 1873 4329 disci-

172 4362 373 4431 pulus,
435 4361 607 4413 talem
662 4361 941 4414 nefarium
990 4360 1283 4413 hominem
1361 4362 1610 4415 salutare
1676 4365 1877 4433 prohi-

168 4450 368 4511 bebat,
401 4449 632 4503 dicens:
699 4451 808 4503 Nec
841 4449 893 4502 ei
950 4452 1063 4503 Ave
1113 4449 1343 4512 dixeris,
1400 4467 1587 4522 neque
1629 4469 1759 4506 eum
1820 4454 1880 4507 in

168 4538 416 4592 domum
464 4538 766 4607 receperis.
817 4538 924 4601 Qui
975 4538 1129 4591 enim
1178 4538 1230 4591 ei
1278 4541 1391 4591 Ave
1425 4538 1582 4607 dicit,
1613 4556 1878 4593 commu-

166 4628 329 4681 nicat
358 4627 627 4696 operibus
673 4627 797 4697 ejus
826 4627 1112 4697 malignis.
1150 4628 1445 4681 Dominica
1468 4629 1658 4700 itaque
1707 4636 1880 4701 atque

165 4714 488 4785 apostolica
518 4721 804 4785 praecepta
834 4717 1213 4786 adimplentes
1236 4718 1560 4771 membrum
1586 4717 1880 4788 putridum

164 4807 229 4858 et
256 4802 596 4869 insanabile,
630 4803 784 4873 quod
817 4803 1161 4857 medicinam
1190 4819 1306 4857 non
1341 4804 1561 4875 recipit,
1584 4805 1733 4859 ferro
1782 4822 1881 4859 ex-

165 4891 715 4946 communicationis
781 4908 815 4944 a
853 4908 1091 4962 corpore
1154 4892 1411 4946 Ecclesia
1457 4893 1876 4957 abscindamus,

164 4997 246 5036 ne
292 4986 409 5033 tam
460 4979 732 5051 pestifero
783 4980 983 5034 morbo
1042 4980 1265 5051 reliqua
1314 4982 1570 5036 membra
1626 4983 1882 5054 corporis

163 5069 352 5123 veluti
384 5084 607 5123 veneno
639 5067 989 5122 inficiantur.

479 5158 603 5210 CAP.
639 5158 738 5212 IlI.
772 5186 839 5196 --
861 5159 1045 5212 Prima
1077 5161 1576 5213 emcommum’catio.

245 5246 359 5313 (Em
424 5246 621 5308 eodem,
686 5248 863 5315 capite
927 5245 1004 5316 4.)
1075 5246 1255 5315 Igitur
1316 5247 1452 5316 quia
1521 5248 1735 5302 monita
1782 5264 1881 5302 no-

163 5338 314 5399 stra,
369 5334 598 5388 crebras
656 5333 1080 5388 exhortationes
1124 5335 1476 5403 contemnit,
1538 5336 1673 5406 quia
1712 5337 1877 5391 tertio

163 5421 489 5477 secundum
523 5422 884 5477 Dominicum
918 5426 1267 5493 praceptum
1311 5428 1543 5477 vocatus
1576 5424 1646 5478 ad
1677 5441 1879 5479 emen-

165 5509 469 5565 dationem
552 5515 611 5565 et
659 5510 1056 5583 pauitantiam
1116 5511 1311 5567 venire
1381 5513 1680 5583 despexit:
1743 5514 1879 5586 quia

1984 3046 2183 3085 omnes
2240 3030 2568 3103 intelligant
2624 3050 2798 3104 quam
2852 3035 3189 3090 terribiliter
3236 3038 3539 3091 damnatus
3590 3037 3690 3104 sit,

1985 3125 2041 3175 et
2101 3124 2166 3173 ut
2234 3121 2503 3175 noverint
2563 3122 2715 3192 quod
2768 3123 2840 3177 ab
2907 3124 3007 3178 illa
3074 3125 3217 3179 hora
3278 3126 3339 3180 in
3406 3128 3692 3197 reliquum

1986 3224 2099 3263 non
2128 3223 2234 3277 pro
2270 3209 2613 3278 Christiano,
2674 3211 2771 3265 sed
2828 3228 2932 3281 pro
2989 3229 3214 3284 pagano
3249 3215 3543 3268 habendus
3574 3216 3645 3268 sit
3677 3232 3688 3269 :

1985 3302 2042 3353 et
2099 3296 2199 3367 qui
2255 3297 2340 3350 illi
2400 3299 2561 3369 quasi
2628 3299 2949 3355 Christiano
3032 3305 3534 3358 communicaverit
3598 3308 3695 3358 aut

1984 3400 2115 3438 cum
2144 3386 2596 3452 manducaverit,
2657 3394 2754 3442 aut
2799 3389 3031 3456 biberit,
3066 3399 3166 3445 aut
3218 3408 3347 3445 cum
3406 3394 3694 3447 osculatus

1984 3472 2173 3534 fuerit,
2238 3475 2326 3527 vel
2376 3491 2505 3528 cum
2538 3479 2627 3529 'eo
2678 3477 3035 3547 colloquium
3068 3480 3348 3533 familiare
3406 3482 3691 3547 habuerit,

1984 3560 2097 3614 nisi
2154 3560 2301 3615 forte
2352 3564 2421 3617 ad
2489 3563 2932 3620 satisfactionem
2982 3573 3036 3621 et
3086 3569 3485 3638 paenitentiam
3560 3586 3692 3624 eum

1983 3665 2299 3719 provocare
2357 3652 2659 3715 studuerit,
2697 3657 2795 3705 aut
2827 3653 2885 3707 in
2918 3657 3090 3710 domo
3124 3674 3225 3710 sua
3272 3673 3405 3711 eum
3465 3675 3692 3728 recepe-

1986 3737 2079 3805 rit,
2157 3744 2257 3792 aut
2326 3741 2495 3794 simul
2562 3756 2693 3793 cum
2759 3757 2827 3794 eo
2907 3745 3173 3811 oraverit,
3238 3748 3437 3814 procul
3518 3747 3693 3801 dubio

1984 3826 2251 3882 similiter
2281 3829 2355 3883 sit
2383 3829 2931 3883 excommunicatus.
2978 3834 3192 3887 Deinde
3235 3834 3490 3903 epistola
3535 3853 3686 3906 pres-

1985 3916 2200 3986 byteris
2233 3934 2335 3987 per
2364 3917 2664 3987 parochias
2694 3918 3019 3983 mittantur,
3055 3922 3411 3977 continentes
3456 3925 3693 3979 modum

1988 4006 2611 4060 ex'communicationis.
2657 4007 2719 4059 In
2772 4008 2981 4077 quibus
3036 4010 3326 4080 jubeatur,
3383 4018 3446 4067 ut
3498 4014 3691 4068 Domi-

1987 4095 2129 4148 nicis
2168 4095 2369 4149 diebus
2415 4100 2540 4166 post
2572 4094 2870 4149 lectionem
2923 4098 3217 4168 Evangelii
3265 4101 3529 4170 plebibus
3585 4104 3693 4158 sibi

1990 4184 2305 4238 commissis
2352 4184 2578 4255 publice
2633 4185 2983 4240 annuncient
3032 4188 3215 4257 ipsam
3300 4190 3692 4245 excommuni-

1992 4272 2299 4336 cationem,
2350 4278 2413 4326 ut
2446 4288 2515 4325 ne
2550 4274 2676 4344 quis
2706 4288 2808 4343 per
2853 4273 3239 4343 ignorantiam
3306 4280 3697 4338 communicet

1992 4361 2503 4415 excommunicato.
2575 4363 2813 4431 Oportet
2872 4363 3046 4418 etiam
3103 4372 3169 4418 ut
3250 4366 3377 4420 aliis
3411 4369 3692 4441 episcopis

1992 4452 2113 4521 ipsa
2169 4451 2683 4505 excommunicatio
2742 4452 3157 4509 manifestetur.
3218 4455 3481 4529 Pracipit
3538 4462 3691 4516 enim

1992 4541 2331 4595 Toletauum
2423 4539 2753 4607 concilium,
2816 4546 2879 4594 ut
2942 4543 3187 4597 invicem
3273 4561 3401 4599 mox
3485 4546 3694 4615 scripta

1991 4634 2329 4699 percurrant
2387 4646 2490 4699 per
2545 4646 2744 4683 omnes
2796 4630 3109 4699 provincia
3167 4632 3461 4703 episcopos
3527 4650 3693 4705 quos-

1991 4734 2218 4789 cunque
2250 4719 2404 4772 adire
2454 4718 2767 4787 potuerint,
2803 4722 2866 4770 ut
2922 4720 3447 4774 excommunicatus
3501 4722 3692 4777 audia-

1992 4810 2104 4860 tur.
2138 4806 2359 4861 Seniori
2393 4807 2564 4859 etiam
2613 4808 2736 4875 ejus
2786 4806 2910 4875 ipsa
2941 4808 3455 4863 excommunicatio
3523 4810 3691 4865 debet

1993 4898 2127 4948 nota
2158 4894 2303 4949 fieri.

2126 4984 2253 5038 CAP.
2288 4984 2374 5037 IV.
2409 5011 2480 5024 —
2509 4984 2638 5037 Item
2676 4986 3240 5039 emcommunicationis
3279 4987 3547 5040 allocutio.

2064 5071 2171 5141 (Ea:
2238 5073 2424 5125 concit.
2498 5072 2773 5137 Aurelia,
2838 5088 2958 5141 cap.
3032 5074 3107 5142 l.)
3191 5075 3466 5140 Audistis,
3544 5075 3687 5129 dile-

1992 5160 2245 5225 ctissimi,
2315 5165 2531 5231 quanta
2595 5165 2651 5214 et
2714 5176 2888 5231 quam
2973 5161 3206 5215 horrida
3270 5163 3563 5234 pravitatis
3624 5182 3688 5219 ac

1992 5248 2316 5319 iniquitatis
2345 5264 2538 5318 opera.
2580 5249 2645 5303 N.
2681 5264 2710 5301 a
2741 5248 2966 5303 diabolo
2995 5250 3300 5319 instigatus
3352 5258 3685 5322 perpetrare

1992 5353 2109 5390 non
2148 5336 2425 5401 timuerit,
2478 5340 2533 5391 et
2584 5337 2874 5407 quomodo
2931 5353 3035 5408 per
3074 5339 3415 5408 apostasiam
3450 5356 3482 5394 a
3511 5342 3683 5395 totius

1991 5425 2327 5481 Christiana
2377 5425 2670 5497 religionis
2744 5426 2901 5479 cultu
2949 5427 3189 5496 profana
3248 5434 3439 5483 mente
3499 5446 3681 5484 reces-

1991 5514 2146 5570 serit.
2200 5514 2451 5569 Audistis
2500 5514 2987 5586 quemadmodum
3043 5516 3315 5573 canonice
3369 5518 3440 5573 ad
3508 5517 3681 5572 satis-
