3972 6192
329 241 434 294 859

1407 234 1816 293 BURCHARDI
1854 209 2405 306 WORMACIENSIS,
2431 233 2772 290 EPISCOPI.

3737 233 3840 287 860

327 359 652 416 faciendum
740 363 1002 414 evocatus
1083 359 1174 428 sit,
1257 358 1357 413 sed
1435 358 1631 414 venire
1713 358 2017 426 distulerit,
2051 361 2088 414 A
2133 359 2420 429 episcopis
2448 373 2551 429 per
2578 358 2814 411 Petrum
2846 355 3170 428 principem
3207 356 3603 427 apostolorum
3633 355 3843 410 divini-

331 449 622 522 quomodo
676 449 1010 520 frequenter
1089 447 1417 502 admonitus
1473 453 1533 502 ut
1590 447 1948 518 resipisceret
1997 463 2033 501 a

330 538 548 594 diaboli
578 537 818 609 laqueis,
864 537 1071 608 quibus
1100 541 1331 590 tenetur
1380 536 1704 601 adstrictus,
1773 537 2029 590 saluber-

326 628 504 682 rimas
537 626 957 681 admonitiones
995 625 1287 679 obduratis
1320 625 1556 679 auribus
1586 625 1770 678 cordis
1834 626 2032 680 audire

329 715 757 786 contempserit.
823 714 1096 768 Dominus
1150 713 1288 768 dicit
1343 713 1403 768 in
1446 714 1770 783 Evangelio,
1833 715 1902 769 de
1934 715 2034 770 tali

329 804 657 860 contumaci
718 803 913 869 fratre,
971 802 1072 872 qui
1131 801 1571 857 ecclesiasticam
1625 804 1819 858 renuit
1865 804 2035 858 susci-

330 910 466 965 pere
515 891 988 961 correptionem:
1050 890 1106 944 Si
1185 891 1491 945 Ecclesiam
1569 908 1683 946 non
1765 893 2030 948 audierit.

332 983 406 1037 sit
424 982 549 1049 tibi,
610 980 817 1051 inquit,
851 980 995 1034 sicut
1055 979 1316 1033 ethnicus
1363 985 1420 1034 et
1464 981 1824 1050 publicanus,
1859 983 1915 1036 id
1953 988 2038 1036 est

329 1068 451 1139 jam
481 1083 597 1121 non
621 1072 702 1120 est
754 1067 1174 1136 computandus
1209 1067 1360 1120 inter
1415 1067 1791 1136 Christianos,
1826 1069 1921 1124 sed
1950 1069 2036 1123 in-

340 1157 423 1210 ter
446 1172 718 1226 paganos.
747 1155 890 1210 Hinc
922 1155 1132 1208 Paulus
1169 1155 1398 1209 Domini
1429 1161 1486 1209 et
1515 1156 1777 1226 magistri
1821 1157 2036 1212 doctri-

337 1261 469 1299 nam
527 1259 792 1314 sequens,
871 1243 1196 1298 Corinthios
1262 1244 1576 1315 redarguit,
1663 1261 1840 1315 quare
1909 1262 2039 1300 cum

347 1332 670 1387 criminosis
726 1348 788 1385 ac
825 1331 1110 1385 sceleratis
1156 1332 1624 1386 communionem
1656 1335 1935 1388 haberent
1963 1335 2045 1389 di-

339 1436 470 1474 cens
495 1437 508 1474 z
537 1422 645 1474 Vos
679 1420 864 1474 inﬂati
895 1421 1049 1487 estis,
1098 1427 1155 1475 et
1184 1439 1302 1476 non
1334 1423 1517 1493 magis
1571 1423 1791 1477 luctum
1840 1423 2044 1478 habui-

345 1508 468 1577 stis,
501 1514 566 1562 ut
593 1510 827 1563 tollatur
851 1509 937 1562 vir
975 1510 1044 1564 de
1077 1510 1266 1564 medio
1306 1518 1578 1577 vestrum,
1625 1511 1683 1566 id
1733 1517 1838 1578 est,
1887 1529 2048 1582 sepa-

2139 452 2231 502 tus
2259 448 2488 517 collata,
2519 463 2552 500 a
2581 452 2790 500 sancta
2838 446 3035 500 matris
3086 446 3344 500 Ecclesia
3399 445 3620 516 gremio
3648 460 3842 514 segre-

2140 553 2366 609 gamus,
2395 553 2458 590 ac
2495 540 2785 606 perpetua
2837 533 3254 589 maledictionis
3297 535 3663 589 anathemate
3711 549 3844 587 con-

2141 626 2499 680 demnamus.
2541 624 2784 694 Sintque
2838 622 3124 677 maledicti
3169 623 3232 676 in
3273 623 3520 685 civitate,
3554 621 3848 676 maledicti

2139 714 2202 769 in
2222 731 2382 785 agro,
2407 714 2796 768 maledicitum
2811 713 3104 778 horreum,
3127 716 3426 777 eteorum,
3452 717 3508 765 et
3522 711 3845 765 maledicta

2142 803 2399 874 reliquia
2442 804 2696 868 illorum,
2739 801 3073 855 maledictus
3121 801 3336 854 fructus
3363 801 3576 854 ventris
3617 816 3848 863 eorum,

2143 896 2202 946 et
2228 892 2445 946 fructus
2472 898 2639 944 terra
2682 891 2932 955 illorum,
2969 889 3261 944 maledicti
3299 889 3414 942 sint
3457 888 3850 958 ingredientes

2145 985 2203 1035 et
2233 978 2522 1034 maledicti
2566 979 2680 1032 sint
2702 979 3078 1048 egredientes.
3111 977 3350 1047 Sintque
3376 977 3436 1030 in
3483 976 3662 1030 domo
3726 991 3850 1028 ma-

2150 1069 2368 1132 ledicti,
2401 1068 2460 1122 in
2490 1083 2626 1137 agro
2655 1067 2908 1137 profugi,
2937 1066 3284 1136 veniantque
3319 1081 3493 1134 super
3521 1081 3619 1118 eos
3648 1079 3854 1117 omnes

2146 1157 2258 1212 illa
2286 1155 2716 1210 maledictiones
2747 1171 2890 1226 quas
2923 1154 3203 1208 Dominus
3232 1170 3337 1224 per
3369 1155 3557 1208 Mosen
3588 1153 3646 1206 in
3672 1167 3853 1222 popu-

2148 1247 2270 1300 lum
2300 1245 2504 1300 divina
2535 1244 2676 1316 legis
2746 1243 3240 1314 pravaricatorem
3269 1259 3328 1296 se
3373 1257 3493 1295 esse
3539 1240 3852 1294 missurum

2151 1334 2470 1397 intentavit,
2543 1333 2769 1404 sintque
2841 1332 3147 1386 anathema
3203 1330 3560 1395 maranatha,
3619 1328 3683 1382 id
3749 1331 3851 1391 est,

2154 1426 2393 1494 pereant
2452 1421 2510 1474 in
2563 1421 2811 1474 secundo
2870 1421 3119 1474 adventu
3170 1418 3416 1473 Domini.
3485 1418 3693 1471 Nullus
3775 1416 3854 1468 eis

2155 1511 2506 1566 Christianus
2534 1512 2649 1563 Ave
2701 1509 2869 1562 dicat.
2901 1509 3104 1562 Nullus
3123 1507 3422 1578 presbyter
3467 1505 3694 1561 Missam
3726 1519 3853 1557 cum

339 1601 502 1650 retur
557 1612 589 1649 a
643 1602 828 1650 vestro
879 1597 1190 1659 consortio,
1250 1597 1350 1667 qui
1399 1598 1511 1651 tale
1549 1599 1729 1652 scelus
1772 1606 2041 1670 cperatus
2079 1630 2118 1684 Β
2155 1599 2238 1653 eis
2269 1599 2554 1653 celebrare
2598 1601 2926 1668 praesumat,
2958 1597 3043 1650 vel
3103 1601 3355 1649 sanctam
3377 1593 3850 1648 communionem

345 1689 447 1739 est.
478 1685 542 1738 Et
567 1683 828 1754 adjungit
859 1701 871 1738 :
908 1686 1021 1754 Ego
1051 1684 1286 1756 quidem
1315 1687 1518 1740 absens
1567 1702 1826 1757 corpore,
1893 1706 2044 1759 pra-

340 1788 469 1826 sens
500 1778 692 1827 autem
731 1772 957 1843 spiritu,
1011 1774 1130 1843 jam
1183 1773 1433 1843 judicavi
1485 1780 1548 1828 ut
1601 1792 1852 1846 prasens
1914 1795 2048 1834 eum

340 1861 440 1932 qui
480 1862 559 1914 sic
605 1865 874 1932 operatus
919 1865 1023 1927 est,
1048 1862 1107 1915 in
1157 1862 1390 1916 nomine
1437 1863 1668 1918 Domini
1698 1865 1876 1920 nostri
1915 1869 2048 1922 Jesu

342 1948 546 2003 Christi
577 1949 936 2018 congregatis
996 1950 1156 2004 vobis
1196 1950 1254 2003 in
1305 1967 1506 2020 unum,
1539 1957 1598 2006 et
1647 1969 1779 2008 meo
1842 1955 2047 2024 spiritu

342 2054 471 2092 cum
535 2037 741 2092 virtute
803 2037 1036 2092 Domini
1085 2039 1200 2093 mei
1245 2041 1401 2104 Jesu,
1444 2041 1666 2094 tradere
1715 2031 2047 2115 hujusmodi

341 2127 567 2182 Satana
602 2127 661 2180 in
695 2127 994 2181 interitum
1024 2128 1230 2182 carnis.
1274 2130 1338 2182 Et
1380 2134 1507 2199 post
1559 2146 1742 2200 pauca
1773 2148 1785 2186 :
1835 2123 2047 2204 Scripsl

347 2215 526 2281 vobis,
570 2231 641 2268 ne
685 2216 1173 2270 commisceamini
1227 2217 1566 2272 fornicariis.
1621 2220 1684 2273 Et
1716 2221 1907 2275 statim
1957 2222 2046 2276 in-

341 2305 453 2359 fert
484 2319 496 2357 :
530 2303 586 2358 Si
611 2304 658 2357 is
685 2305 782 2374 qui
835 2304 1010 2358 frater
1042 2305 1387 2376 appellatur,
1417 2306 1473 2360 id
1530 2311 1615 2361 est
1670 2309 2042 2371 Christianus,

340 2391 650 2448 fornicator
697 2397 800 2460 est,
855 2404 955 2446 aut
996 2409 1194 2462 rapax,
1252 2409 1383 2447 cum
1432 2396 1763 2465 hujusmodi
1818 2414 1924 2453 nec
1967 2401 2044 2454 ci-

343 2481 480 2534 bum
510 2497 756 2534 sumere.
793 2481 857 2534 Et
902 2481 1079 2535 alibi:
1115 2481 1347 2536 Auferte
1380 2484 1595 2536 malum
1619 2499 1685 2537 ex
1743 2485 1922 2539 vobis.
1959 2487 2044 2550 Et,

339 2567 588 2622 inﬁdelis
611 2569 658 2622 si
698 2568 955 2634 discedit,
997 2569 1267 2625 discedat.
1307 2571 1428 2625 Una
1479 2571 1633 2626 enim
1665 2572 1784 2626 ovis
1829 2574 2042 2628 morbi-

343 2656 416 2711 da
445 2673 676 2711 omnem
731 2673 968 2728 gregem
1025 2657 1408 2726 contaminat;
1472 2665 1528 2714 et
1583 2661 1872 2715 modicum
1923 2662 2041 2716 fer-

345 2751 602 2799 mentum
675 2751 852 2800 totam
911 2763 1155 2801 massam
1211 2747 1518 2818 corumpit,
1578 2754 1634 2802 et
1699 2750 2042 2822 plerumque

342 2849 523 2888 unum
551 2835 876 2888 membrum
909 2835 1207 2906 putridum
1253 2840 1440 2891 totum
1489 2852 1694 2906 corpus
1736 2837 1935 2893 inficit.
1978 2840 2043 2893 Et

340 2923 468 2978 ideo
498 2927 614 2978 tam
645 2925 965 2994 perniciosa
991 2925 1170 2996 pestis
1197 2941 1230 2980 a
1265 2941 1504 2996 corpore
1565 2927 1825 2982 Ecclesia
1882 2928 2039 2983 radi-
2073 2907 2114 2962 Ο

344 3012 492 3066 citus
519 3014 812 3068 evellatur.
1436 3058 1452 3068 .

628 3101 752 3155 CAP.
786 3103 845 3155 V.
871 3132 939 3141 —
977 3101 1471 3156 Eacommunicatio
1501 3103 1754 3158 secunda.

414 3188 537 3258 (Ea:
556 3188 736 3242 eodem
768 3190 1036 3257 concilio.)
1061 3189 1370 3242 Dominicis
1400 3190 1578 3260 igitur
1601 3195 1773 3261 atque
1813 3195 2042 3261 aposto-

343 3274 468 3329 licis
497 3275 789 3328 informati
829 3276 1148 3346 praceptis,
1174 3275 1392 3345 judicio
1439 3277 1637 3344 Patris,
1669 3283 1725 3333 et
1766 3279 1888 3334 Filii
1919 3281 2042 3352 ejus

344 3362 574 3417 Domini
618 3364 798 3416 nostri
853 3362 986 3417 Jesu
1039 3363 1264 3430 Christi,
1317 3369 1374 3418 et
1419 3365 1658 3435 Spiritus
1726 3369 1924 3436 sancti,
1989 3374 2046 3424 et

351 3451 684 3505 auctoritate
737 3456 792 3506 et
851 3455 1132 3522 potestate
1211 3455 1479 3524 apostolis
1539 3457 2042 3530 apostolorumque

347 3541 730 3594 sucessoribus
788 3557 820 3594 a
879 3542 991 3595 Deo
1037 3557 1323 3605 concessa,
1373 3559 1488 3597 una
1542 3544 1832 3600 vobiscum
1898 3564 2044 3618 pra-

349 3628 562 3684 dictum
592 3629 905 3700 pessimum
955 3630 1142 3685 virum
1173 3648 1205 3685 a
1253 3632 1549 3687 liminibus
1581 3641 1789 3690 sancta
1845 3639 2044 3692 matris

348 3718 606 3772 Ecclesia
649 3719 1025 3787 excludimus,
1078 3725 1134 3774 et
1177 3720 1246 3775 ab
1301 3723 1457 3776 omni
1505 3722 1770 3779 societate
1801 3729 1857 3779 et
1887 3743 2043 3781 com—

348 3807 624 3861 munione
675 3807 994 3862 Christiana
1052 3825 1403 3878 separamus,
1446 3817 1891 3885 separatumque
1919 3829 2044 3869 esse

346 3894 409 3950 in
438 3901 718 3950 aternum
770 3896 1152 3963 decernimus,
1183 3897 1242 3951 id
1266 3903 1369 3965 est,
1403 3905 1461 3953 et
1488 3900 1756 3970 prasenti
1809 3904 2040 3970 saculo,

351 3985 491 4038 etin
540 3984 750 4038 futuro.
799 3985 1002 4040 Nullus
1063 3985 1115 4038 ei
1171 3986 1528 4041 Christianus
1581 3991 1698 4044 Ave
1751 3990 1901 4044 dicat
1947 3996 2046 4046 aut

351 4088 486 4126 enm
534 4071 1138 4143 osculariprasumat.
1198 4075 1400 4129 Nullus
1455 4076 1754 4147 presbyter
1819 4079 2041 4134 Missam

2155 1689 2311 1743 dare.
2341 1687 2646 1757 Sepultura
2671 1685 2817 1739 asini
2847 1685 3216 1756 sepeliantur,
3248 1689 3302 1738 et
3336 1683 3397 1737 in
3417 1681 3846 1753 sterquilinium

2154 1777 2268 1832 sint
2307 1791 2481 1847 super
2534 1774 2737 1829 faciem
2784 1780 2972 1829 terra.
3028 1775 3094 1828 Et
3143 1773 3290 1826 sicut
3344 1771 3434 1826 ha
3494 1772 3748 1826 lucerna
3786 1769 3853 1822 de

2156 1865 2420 1919 manibus
2450 1863 2659 1917 nostris
2713 1863 2985 1933 projecta
3040 1861 3210 1915 hodie
3269 1861 3708 1930 extinguuntur,
3776 1857 3854 1910 sic

2154 1969 2352 2008 eorum
2401 1954 2632 2006 lucerna
2674 1952 2734 2006 in
2781 1957 3062 2005 aternum
3091 1949 3502 2021 extinguatur:
3543 1947 3656 2001 nisi
3709 1947 3854 2000 foret

2152 2041 2519 2112 resipuerint,
2578 2045 2634 2095 et
2671 2039 2933 2093 Ecclesia
2984 2039 3084 2093 Dei
3144 2054 3318 2109 quam
3398 2038 3667 2090 laserunt
3751 2050 3851 2104 per

2154 2131 2612 2185 emendationem
2659 2134 2716 2183 et
2753 2129 3097 2197 condignam
3127 2125 3522 2198 panitentiam
3560 2123 3848 2178 satisfece-

2151 2220 2288 2275 rint.

2411 2327 2541 2380 CAP.
2571 2325 2692 2379 VII.
2723 2353 2794 2364 —
2831 2322 3339 2378 Excommunicatio
3369 2324 3592 2391 quarta.

2225 2434 2329 2502 (Ea:
2368 2432 2588 2485 concilio
2626 2431 2906 2497 Arausic.,
2940 2431 3116 2498 capite
3145 2428 3218 2497 5.)
3247 2426 3530 2482 Canonica
3567 2423 3851 2488 instituta,

2152 2526 2209 2576 et
2238 2526 2562 2576 sanctorum
2620 2522 2852 2574 Patrum
2886 2517 3144 2587 exempla
3201 2520 3526 2587 sequentes,
3597 2512 3853 2568 ecclesia-

2151 2626 2281 2666 rum
2319 2611 2419 2665 Dei
2474 2610 2800 2664 violatores.
2859 2609 2924 2662 N.
2980 2606 3316 2660 auctoritate
3355 2604 3476 2670 Dei,
3535 2607 3592 2656 ct
3639 2600 3860 2672 judicio

2151 2700 2331 2754 sancti
2353 2699 2600 2770 Spiritus
2645 2714 2677 2751 a
2706 2697 2927 2767 gremio
2962 2700 3169 2750 sancta
3211 2694 3408 2748 matris
3473 2691 3758 2758 Ecclesia,
3807 2693 3860 2742 et

2150 2805 2184 2844 a
2211 2787 2500 2843 consortio
2532 2786 2703 2841 totius
2735 2783 3182 2840 Christianitatis
3216 2781 3612 2845 eliminamus,
3636 2792 3858 2849 quous—

2152 2893 2264 2950 que
2290 2877 2645 2947 resipiscant,
2677 2879 2735 2928 et
2757 2873 3015 2928 Ecclesia
3039 2871 3136 2926 Dei
3165 2869 3530 2925 satisfaciant.

2362 2983 2488 3037 CAP.
2515 2982 2659 3035 VIII.
2683 3011 2749 3019 —-
2779 2979 3155 3035 Reconciliatio
3175 2975 3639 3031 excommunicati.

2225 3091 2346 3162 (Ea:
2401 3087 2628 3156 eodem.)
2682 3087 2823 3141 Cum
2874 3084 3083 3156 aliquis
3143 3081 3698 3149 excommunicatus,
3764 3081 3852 3134 vel

2159 3177 2691 3240 anathematizatus,
2715 3173 3050 3245 panitentia
3080 3172 3283 3226 ductus
3321 3169 3546 3224 veniam
3576 3167 3847 3238 postulat,

2153 3272 2212 3322 et
2251 3264 2708 3319 emendationem
2767 3261 3073 3333 promittit,
3104 3260 3405 3330 episcopus
3453 3257 3553 3328 qui
3595 3273 3729 3310 eum
3766 3271 3854 3309 ex-

2153 3353 2616 3418 communicavit,
2667 3356 2798 3404 ante
2849 3352 3058 3420 januas
3113 3348 3370 3403 Ecclesia
3403 3346 3599 3401 venire
3659 3345 3846 3408 debet,

2154 3451 2210 3500 et
2239 3441 2543 3498 duodecim
2576 3439 2897 3510 presbyteri
2928 3454 3057 3492 cum
3101 3454 3188 3504 eo,
3223 3437 3322 3507 qui
3382 3451 3515 3489 eum
3543 3433 3681 3488 hinc
3726 3433 3850 3487 inde

2153 3534 2523 3589 circumstare
2565 3529 2792 3584 debent.
2846 3527 2951 3583 Ubi
3009 3525 3182 3580 etiam
3231 3526 3426 3579 adesse
3485 3523 3700 3578 debent
3753 3520 3852 3575 illli

2154 3622 2362 3695 quibus
2416 3617 2630 3689 injuria
2658 3619 2747 3671 vel
2797 3617 3072 3670 damnum
3105 3614 3331 3668 illatum
3362 3618 3467 3668 est.
3503 3614 3570 3667 Et
3632 3611 3714 3665 ibi
3765 3627 3849 3664 se-

2153 3712 2406 3766 cundum
2437 3709 2590 3778 leges
2617 3706 2838 3761 divinas
2865 3709 3095 3775 oportet
3149 3703 3426 3758 damnum
3484 3700 3851 3755 commissum

2154 3797 2470 3862 emendari,
2504 3801 2603 3851 aut
2632 3796 2678 3849 si
2704 3795 2825 3866 jam
2872 3794 3242 3848 emendatum
3297 3797 3400 3860 est,
3435 3805 3640 3846 eorum
3687 3788 3849 3844 testi-

2154 3888 2348 3944 monio
2373 3884 2756 3956 comprobari.
2790 3882 3004 3938 Deinde
3058 3882 3378 3951 interroget
3434 3879 3760 3950 episcopus,
3807 3875 3847 3930 si

2151 3975 2549 4050 panitentiam
2593 3974 2759 4044 juxta
2816 3971 2970 4042 quod
3025 3986 3276 4024 canones
3327 3967 3670 4039 pracipiunt
3753 3979 3847 4036 pro

2152 4063 2492 4138 perpetratis
2539 4061 2814 4116 seleribus
2861 4058 3148 4128 suscipere
3194 4057 3347 4112 velit.
3413 4058 3478 4112 Et
3521 4055 3570 4110 si
3601 4055 3698 4109 ille
3738 4059 3846 4109 ter-

351 4176 484 4214 cum
521 4176 587 4215 eo
624 4161 910 4214 celebrare
965 4162 1191 4230 audeat,
1244 4164 1330 4217 vel
1363 4170 1786 4220 sacrosanctum
1837 4183 2042 4239 corpus

2225 4155 2589 4224 :prostratus
2647 4149 2874 4204 veniam
2912 4148 3181 4219 postulat,
3241 4145 3468 4216 culpam
3521 4143 3842 4200 conﬁtetur.

351 4255 408 4302 et
435 4248 774 4319 sanguinem
804 4249 1034 4303 Domini
1064 4250 1306 4304 tradere.
1346 4252 1522 4305 Nemo
1555 4253 1607 4307 ei
1649 4253 1929 4324 jungatur
1985 4257 2044 4312 in

287 4334 302 4351 ‘
352 4335 659 4404 consortio,
688 4351 874 4406 neque
903 4335 964 4389 in
995 4336 1189 4407 aliquo
1229 4339 1487 4407 negocio.
1525 4341 1587 4393 Et
1613 4341 1659 4393 si
1720 4342 1850 4413 quis
1902 4344 1954 4396 ei
1987 4361 2046 4398 se

354 4423 651 4478 sociaverit
671 4429 726 4478 et
753 4425 1258 4480 communicaverit
1286 4427 1407 4497 ejus
1438 4429 1706 4500 operibus
1755 4432 2046 4503 malignis,

355 4511 576 4566 noverit
605 4529 663 4566 se
693 4512 869 4566 simili
890 4529 1224 4583 percussum
1259 4516 1647 4586 anathemate,
1680 4518 1768 4572 his
1799 4521 2046 4590 exceptis

355 4602 456 4674 qui
484 4602 554 4656 ob
585 4603 733 4657 hanc
775 4619 1007 4659 causam
1042 4604 1093 4658 ei
1117 4605 1444 4676 junguntur
1493 4611 1557 4661 ut
1586 4623 1718 4662 eum
1778 4615 2049 4666 revocent

353 4692 425 4746 ab
454 4708 646 4746 errore
676 4696 732 4746 et
763 4699 1076 4764 provocent
1119 4694 1190 4748 ad
1251 4695 1715 4765 satisfactionem,
1756 4698 1866 4752 nisi
1903 4701 2048 4754 forte

351 4780 674 4852 resipuerit,
718 4787 777 4836 et
829 4781 928 4836 Dei
958 4783 1142 4852 gratia
1187 4782 1507 4854 inspirante
1569 4785 1641 4838 ad
1695 4787 2047 4855 panitentia

352 4869 672 4924 remedium
705 4885 1015 4924 conversus
1070 4871 1262 4937 fuerit,
1305 4877 1362 4926 et
1419 4872 1597 4942 digna
1647 4874 2047 4930 emendatione

354 4958 611 5014 Ecclesia
645 4958 748 5014 Dei
776 4973 950 5028 quam
979 4958 1127 5014 lasit
1152 4960 1448 5016 humiliter
1477 4961 1830 5018 satisfecerit.

581 5047 708 5102 CAP.
743 5046 830 5101 VI.
856 5076 917 5086 -
952 5048 1093 5103 Item
1121 5051 1282 5103 tertia
1309 5053 1804 5105 excommunicatio.

426 5135 544 5206 (Ea
589 5136 812 5191 concilio
875 5138 1138 5191 Turonen.
1201 5142 1378 5208 capite
1415 5139 1488 5208 2.)
1538 5139 1821 5194 Canonica
1884 5137 2046 5194 insti-

351 5228 496 5290 tuta,
550 5229 606 5278 et
663 5229 994 5279 sanctorum
1070 5226 1304 5280 Patrum
1387 5227 1650 5298 exempla
1723 5230 2044 5297 sequentes,

356 5311 725 5366 ecclesiarum
763 5312 864 5367 Dei
913 5312 1238 5380 violatores,
1292 5313 1574 5380 videlicet,
1634 5319 1913 5385 raptores,
1948 5315 2046 5369 de-

355 5400 724 5471 pradatores,
762 5405 817 5454 et
854 5401 1190 5457 homicidas.
1240 5403 1311 5457 N.
1368 5402 1429 5456 in
1463 5405 1698 5458 nomine
1757 5403 1958 5471 Patris,
1991 5408 2049 5459 et

356 5487 485 5546 Filii
528 5493 585 5544 et
642 5488 848 5545 virtute
907 5489 1152 5561 Spiritus
1207 5491 1410 5560 sancti,
1459 5507 1687 5547 necnon
1709 5491 2048 5548 auctoritate

2155 4241 2554 4315 panitentiam
2591 4238 2879 4308 implorat,
2913 4237 2983 4290 de
3011 4234 3218 4290 futuris
3255 4233 3538 4288 cautelam
3588 4229 3840 4302 spondet,

2154 4336 2292 4386 tunc
2320 4329 2622 4400 episcopus
2670 4330 2887 4397 septem
2928 4325 3178 4380 Psalmos
3237 4323 3518 4389 decantet,
3540 4335 3674 4376 cum
3731 4317 3842 4372 istis

2154 4419 2442 4492 precibus.
2477 4415 2630 4470 Kirie
2657 4414 2894 4469 eleison.
2941 4415 3109 4468 Pater
3141 4416 3352 4467 noster.

2297 4526 2528 4582 Salvum
2558 4523 2644 4577 fac
2671 4537 2899 4576 servum
2931 4525 3118 4584 tuum,

2440 4613 2586 4666 Deus
2615 4626 2797 4674 meus,
2824 4613 3152 4679 sperantem
3185 4606 3245 4660 in
3278 4611 3354 4661 te.

2293 4699 2446 4755 Mitte
2472 4699 2545 4766 ei,
2575 4697 2835 4764 Domine,
2869 4695 3150 4750 auxilium
3181 4695 3250 4750 de
3277 4698 3498 4759 sancto,

2447 4788 2510 4840 Et
2538 4786 2608 4840 de
2635 4784 2773 4840 Sion
2795 4789 2957 4838 tuere
2988 4799 3142 4838 eum.

2299 4874 2450 4930 Nihil
2484 4873 2748 4944 proficiet
2775 4872 3043 4927 inimicus
3064 4872 3127 4926 in
3155 4888 3246 4938 eo,

2439 4964 2508 5018 Et
2528 4962 2703 5018 Filius
2732 4961 3056 5033 iniquitatis
3083 4977 3201 5015 non
3237 4976 3330 5031 ap.
3364 4963 3470 5014 etc.

2296 5053 2428 5106 Esto
2460 5051 2533 5116 ei,
2568 5051 2831 5114 Domine,
2862 5050 3036 5105 turris
3065 5047 3440 5116 fortitudinis,

2439 5143 2488 5194 A
2515 5139 2666 5194 facie
2683 5139 2920 5195 inimici.

2299 5228 2559 5295 Domine,
2591 5228 2798 5282 exaudi
2838 5227 3157 5282 orationem
3189 5241 3400 5291 meam,

2440 5318 2508 5370 Et
2527 5317 2744 5371 clamor
2771 5333 2932 5371 meus
2953 5316 3022 5372 ad
3061 5319 3116 5370 te
3143 5315 3353 5370 veniat.

2301 5404 2578 5460 Dominus
2606 5405 2922 5471 vobiscum,

2442 5494 2510 5548 Et
2527 5508 2659 5548 cum
2679 5492 2887 5565 spiritu
2915 5496 3038 5548 tuo.
