3972 6192
128 243 235 295 861

885 368 1091 425 Oratio.

208 472 471 527 Oremus.
506 475 719 527 Prasta
746 490 1099 545 quasumus,
1154 478 1414 546 Domine,
1457 479 1591 533 huic
1620 480 1837 536 famulo

132 566 239 615 tuo
283 562 521 632 dignum
576 563 929 632 panitentia
987 564 1257 633 fructum,
1301 572 1365 621 ut
1413 568 1670 623 Ecclesia
1726 578 1838 625 tua

134 656 412 704 sanctaa
458 651 618 721 cujus
672 651 1001 722 integritate
1059 654 1317 710 deviarat
1372 657 1679 726 peccando,
1740 659 1838 713 ad-

138 740 450 793 missorum
489 740 713 795 veniam
772 744 1175 814 consequendo
1223 746 1501 801 reddatur
1547 746 1836 803 innoxius.

137 830 250 883 Per
280 828 611 883 Dominum.

844 922 977 974 Item
998 922 1131 975 alia.

210 1025 563 1095 Majestatem
587 1029 746 1079 tuam
778 1042 1129 1096 quasumus,
1165 1028 1425 1097 Domine,
1459 1035 1649 1085 sancte
1676 1034 1841 1086 Pater

136 1114 503 1183 omnipotens
530 1118 742 1168 aterne
778 1116 946 1181 Deus,
997 1116 1096 1187 qui
1128 1133 1245 1171 non
1276 1125 1517 1173 mortem
1550 1120 1643 1174 sed
1707 1136 1840 1190 pec-

134 1207 398 1255 catorum
462 1202 635 1256 vitam
692 1219 919 1274 semper
986 1205 1244 1275 inquiris,
1307 1208 1523 1279 respice
1608 1209 1840 1263 ﬂentem

135 1290 425 1344 famulum
455 1296 642 1355 tuum,
691 1292 920 1346 attende
969 1299 1344 1363 prostratum,
1390 1298 1514 1366 ejus
1546 1298 1838 1367 planctum

136 1378 196 1431 in
240 1378 520 1448 gaudium
564 1385 679 1432 tua
741 1380 1128 1435 miserationis
1163 1390 1446 1447 converte,
1502 1386 1695 1439 scinde
1740 1387 1840 1447 de-

136 1467 408 1520 lictorum
448 1483 695 1535 saccum,
728 1474 785 1522 et
816 1470 987 1523 indue
1019 1488 1151 1524 eum
1203 1472 1462 1526 latitiam
1508 1475 1838 1539 salutarem,

136 1561 199 1609 ut
232 1560 363 1625 post
401 1556 631 1625 longam
663 1558 1145 1627 peregrinationis
1175 1560 1383 1614 famem
1431 1562 1497 1615 de
1530 1563 1736 1616 sanctis
1766 1564 1843 1616 al-

136 1644 362 1697 tatibus
410 1644 671 1712 satietur,
728 1644 1134 1718 ingressusque
1203 1649 1529 1704 cubiculum
1576 1652 1745 1722 regis,
1782 1652 1841 1706 in
1874 1661 1913 1714 Β

138 1733 322 1801 ipsius
355 1732 483 1785 aula
516 1732 814 1787 benedicat
838 1751 1053 1790 nomen
1084 1737 1283 1807 gloria
1314 1742 1426 1792 tua
1457 1756 1701 1811 semper.
1739 1742 1843 1794 Per

139 1820 472 1874 Dominum.

144 1929 643 2001 Tuncepiscopus,
702 1929 1041 2001 apprehensa
1097 1946 1263 1984 manu
1303 1934 1420 2001 ejus
1478 1933 1725 2001 dextera,
1788 1939 1846 1990 in

209 1999 492 2051 ecclesiam
548 2014 665 2051 eum
726 2000 1055 2067 introducat,
1108 2007 1157 2054 et
1204 2004 1255 2056 ei
1328 1999 1745 2059 communionem
1797 2012 1848 2059 et

206 2071 522 2193 gqcietatem
579 2068 931 2125 Christianan
985 2072 1203 2137 reddat,
1260 2079 1309 2128 et
1359 2077 1496 2130 hanc
1552 2080 1847 2131 orationem

248 2148 367 2193 icat
401 2156 417 2193 :

248 2148 367 2193 icat
401 2156 417 2193 ζ

210 2229 365 2281 Deus
424 2227 763 2295 misericors,
830 2230 977 2282 Deus
1024 2230 1295 2298 clemens,
1373 2233 1473 2303 qui
1535 2236 1848 2289 secundum

140 2316 581 2370 multitudinem
632 2316 1065 2373 miserationum
1123 2326 1353 2374 tuarum
1408 2328 1636 2391 peccata
1665 2324 1848 2393 pani-

138 2405 391 2458 tentium
432 2405 607 2470 deles,
667 2410 722 2459 et
776 2408 1203 2476 prateritorum
1262 2410 1569 2465 criminum
1632 2414 1847 2483 culpas,

138 2494 370 2546 veniam
400 2493 749 2546 remissionis
798 2511 1054 2561 evacuas,
1115 2498 1333 2567 respice
1368 2516 1539 2569 super
1570 2500 1723 2553 hunc
1777 2502 1853 2555 fa-

137 2584 371 2635 mulum
404 2583 466 2636 Ν.
505 2587 561 2635 et
587 2582 984 2637 remissionem
1022 2584 1130 2638 sibi
1170 2587 1430 2641 omnium
1490 2595 1852 2658 peccatorum

136 2673 256 2723 toto
287 2670 478 2724 cordis
499 2670 857 2725 confessione
887 2679 1219 2742 poscentem
1253 2676 1587 2744 deprecatus
1628 2679 1852 2743 exaudi,

136 2759 351 2812 innova
367 2759 426 2811 in
450 2775 536 2824 eo,
567 2759 823 2830 piissime
839 2762 1025 2828 Pater,
1046 2764 1325 2833 quidquid
1345 2764 1625 2819 diabolica
1654 2766 1855 2820 fraude

139 2847 424 2900 violatum
453 2852 554 2913 est,
591 2847 651 2900 in
693 2848 911 2901 unitate
952 2852 1207 2919 corporis
1243 2853 1501 2907 Ecclesia
1532 2860 1664 2921 tua,
1692 2855 1857 2907 mise-

1062 246 1538 304 nacanronuu
1578 249 1765 307 LIBRI
1799 252 1908 307 xx.
1937 280 2007 292 -
2047 252 2259 309 LIBER
2300 234 2721 311 uNnacmus.

3548 266 3652 318 862

1864 378 1911 431 A
1948 375 2224 430 canonica
2280 377 2443 432 docet
2501 379 2810 433 auctoritas
2844 380 3020 451 :quia
3070 383 3378 439 anathema
3435 391 3652 444 aterna

1948 470 2033 520 est
2062 465 2260 519 mortis
2290 467 2606 533 damnatio,
2639 473 2696 522 et
2744 485 2860 523 non
2898 470 3010 523 nisi
3057 488 3162 541 pro
3191 474 3419 528 mortali
3480 477 3651 530 debet

1948 554 2173 624 imponi
2202 554 2463 620 crimine,
2497 561 2555 609 et
2596 556 2681 610 illi
2710 558 2808 627 qui
2840 558 3008 613 aliter
3062 576 3177 614 non
3220 563 3476 631 potuerit
3524 580 3651 618 cor-

1950 643 2076 713 rigi.

2410 732 2538 786 CAP.
2566 733 2653 786 XI.
2685 762 2753 773 —
2784 736 2859 787 De
2887 736 3072 790 eadem
3099 752 3175 791 re.

2020 820 2139 889 (Ea:
2168 822 2390 875 concilio
2436 824 2733 889 Agathen.,
2775 827 2950 893 capite
2979 825 3052 894 4.)
3087 826 3345 897 Episcopi
3399 844 3533 882 vero
3583 828 3651 894 si,

1950 908 2285 962 sacerdotali
2337 910 2729 964 moderatione
2762 913 3106 982 posthabita,
3168 915 3501 970 innocentes
3553 922 3652 971 aut

1949 997 2009 1051 in
2064 998 2317 1052 minimis
2374 999 2556 1053 causis
2603 1001 2913 1071 culpabiles
2963 1005 3459 1060 excommunicare
3498 1023 3651 1077 pra-

1949 1087 2319 1157 sumpserint,
2352 1092 2408 1142 et
2435 1088 2501 1142 ad
2540 1089 2782 1159 gratiam
2828 1090 3160 1145 festinantes
3212 1094 3463 1163 recipere
3526 1096 3649 1148 for-

1948 1180 2095 1229 tasse
2133 1176 2446 1244 noluerint,
2481 1194 2513 1229 a
2559 1177 2758 1231 vicinis
2814 1179 3095 1249 episcopis
3160 1182 3466 1252 cujuslibet
3520 1199 3651 1251 pro-

1949 1264 2150 1318 vincia
2181 1264 2382 1318 litteris
2426 1271 2787 1332 moneantur,
2823 1273 2877 1320 et
2907 1268 2950 1320 si
2983 1284 3215 1337 parcere
3262 1271 3571 1336 noluerint,
3619 1288 3653 1325 a

1951 1354 2355 1407 communione
2386 1355 2735 1408 confratrum
2769 1372 2949 1426 usque
2994 1358 3064 1411 ad
3096 1358 3419 1427 proximam
3489 1376 3653 1430 syno-

1951 1442 2089 1497 dum
2126 1443 2571 1512 suspendantur,
2620 1450 2677 1497 et
2723 1444 2804 1497 ibi
2855 1446 3140 1499 rationem
3198 1448 3454 1517 profecto
3488 1448 3646 1515 dent,

1950 1548 2022 1585 ue
2052 1531 2287 1584 fortasse
2319 1532 2379 1584 in
2409 1533 3015 1600 excommunicatores,
3066 1540 3364 1605 peccatum
3414 1552 3650 1591 excom-

1953 1620 2226 1674 municati
2259 1621 2430 1691 longo
2468 1626 2727 1690 tempore
2760 1628 2946 1677 morte
2976 1625 3379 1693 praveniatur.

1954 1710 2081 1766 CAP.
2115 1711 2226 1764 XII.
2268 1739 2337 1749 —
2374 1712 2439 1764 Ut
2490 1712 2671 1765 nullus
2708 1716 2949 1777 graviter
2998 1715 3145 1777 [erat
3172 1714 3328 1781 cujus
3364 1714 3654 1781 parochia-

2023 1796 2125 1834 nus
2183 1781 2250 1833 ab
2304 1784 2411 1835 alio
2476 1784 2721 1852 episcopo
2772 1799 2875 1851 pro
2934 1790 3081 1837 certa
3139 1785 3301 1853 culpa
3350 1800 3653 1839 excommu-

2023 1855 2237 1905 nicatus
2265 1854 2453 1917 fuerit.

2026 1940 2147 2007 (Ex
2186 1941 2408 1993 concilio
2450 1940 2601 2009 apud
2626 1941 3029 2010 Compendium,
3065 1945 3243 2012 capite
3287 1944 3363 2013 5.)
3430 1943 3648 1998 Placuit

1955 2029 2127 2082 etiam
2160 2045 2260 2097 pro
2290 2029 2581 2082 communi
2620 2030 2887 2096 utilitate,
2924 2036 2980 2084 et
3008 2031 3244 2085 instanti
3290 2033 3646 2099 necessitate,

1954 2117 2018 2165 ut
2056 2114 2247 2165 nullus
2281 2113 2685 2182 episcoporum
2738 2115 2985 2185 graviter
3012 2116 3179 2184 ferat,
3211 2116 3257 2169 si
3298 2116 3421 2186 ejus
3483 2133 3649 2186 paro-

1955 2202 2247 2267 cbianum,
2280 2218 2384 2271 pro
2432 2202 2874 2273 depraedationis
2920 2220 3108 2269 causa,
3163 2205 3307 2259 alter
3354 2205 3653 2275 episcopus

1957 2288 2554 2343 excommunicaverit.

1958 2378 2086 2432 CAP.
2121 2378 2261 2432 XIII.
2293 2405 2366 2417 —
2399 2380 2468 2431 De
2512 2378 2624 2430 illis
2648 2380 2746 2446 qui
2788 2380 2846 2431 in
2872 2380 3135 2447 parochia
3165 2382 3507 2433 consistentes
3532 2381 3646 2433 ali-

2030 2450 2167 2516 quid
2232 2453 2417 2500 contra
2466 2451 2637 2502 Deum
2683 2451 2929 2514 fecerint,
2967 2454 3172 2517 quoties
3206 2450 3273 2503 ab
3302 2453 3544 2519 episcopo
3576 2449 3651 2504 ad

2030 2519 2449 2572 emendationem
2482 2522 2663 2572 vocari
2684 2520 2891 2573 debent.

2031 2608 2149 2677 (Ea:
2179 2608 2400 2660 concilio
2432 2608 2717 2668 Meldensi,
2758 2612 2933 2677 capite
2963 2611 3041 2676 3.)
3062 2606 3382 2679 Episcopus
3404 2609 3463 2661 in
3493 2608 3657 2677 cujus

1960 2694 2235 2764 parocbia
2266 2694 2472 2764 aliquis
2529 2695 2863 2765 consistens,
2924 2697 3142 2767 aliquid
3178 2697 3389 2766 injuste
3437 2695 3656 2763 fecerit,

1962 2784 2136 2835 semel
2172 2788 2228 2835 et
2273 2782 2381 2846 bis,
2411 2787 2583 2853 atque
2616 2784 2803 2846 tertio,
2860 2785 2907 2837 si
2952 2801 3180 2839 necesse
3210 2785 3404 2851 fuerit,
3436 2784 3659 2838 vocabit

1962 2870 2124 2924 illum
2158 2887 2259 2924 sua
2291 2871 2679 2926 admonitione
2713 2890 2815 2943 per
2868 2890 3036 2927 suum
3074 2876 3349 2928 nuncium
3383 2874 3656 2927 canonice

137 2951 288 2999 rere,
338 2936 595 3002 Domine,
632 2937 953 3005 gemituum
994 2938 1134 3007 ejus,
1160 2938 1430 2994 miserere
1464 2942 1841 3013 lacrymarum

2062 2959 2523 3013 emendationem
2554 2960 2671 3014 sive
2726 2963 3224 3031 compositionem,
3268 2968 3324 3017 et
3368 2962 3437 3016 ad
3466 2961 3657 3032 pani-

138 3024 284 3092 ejus,
322 3028 517 3077 etnon
550 3025 857 3079 habentem
917 3026 1187 3081 ﬁduciam
1223 3029 1333 3082 nisi
1364 3029 1421 3082 in
1465 3034 1562 3084 tua
1618 3032 1841 3085 miseri-

50 3152 61 3157 -
140 3112 355 3179 cordia,
411 3113 479 3165 ad
539 3119 962 3168 sacramentum
1039 3116 1519 3172 reconciliationis
1578 3120 1837 3174 admitte.

142 3202 249 3254 Per
286 3200 597 3255 Dominum
625 3207 903 3257 nostrum.

212 3289 506 3343 Posthac
559 3292 875 3345 secundum
928 3292 1162 3347 modum
1212 3294 1395 3363 culpa
1441 3296 1842 3365 panitentiam

142 3377 194 3430 ei
250 3378 539 3447 injuugat,
602 3387 657 3431 et
698 3379 915 3433 litteras
962 3398 1065 3451 per
1120 3383 1449 3452 parochiam
1496 3385 1727 3453 dirigat,
1782 3391 1845 3439 ut

143 3482 347 3519 omnes
404 3467 669 3521 noverint
720 3484 853 3522 eum
929 3469 991 3522 in
1046 3471 1312 3524 societate
1370 3472 1692 3527 Christiana
1756 3490 1844 3527 re-

141 3561 395 3623 ceptum.
444 3555 583 3609 Aliis
636 3556 810 3610 etiam
874 3557 1156 3628 episcopis
1218 3559 1326 3613 hoc
1382 3564 1582 3614 notum
1653 3561 1842 3615 faciat.

144 3644 350 3696 Nullus
406 3649 595 3698 autem
650 3645 949 3716 episcopus
993 3647 1230 3701 alterius
1284 3648 1692 3718 parochianum
1748 3666 1844 3703 ex-

142 3732 572 3786 communicare
622 3734 710 3787 vel
766 3735 1130 3789 reconciliare
1181 3741 1490 3805 prasumat
1538 3737 1660 3791 sine
1718 3754 1848 3792 con-

142 3820 383 3874 scientia
403 3821 489 3874 vel
518 3837 797 3875 consensu
826 3824 1043 3894 proprii
1076 3824 1344 3894 episcopi.

144 3928 270 3982 Car.
329 3927 395 3981 1X
450 3958 515 3968 —
576 3930 655 3985 Ne
725 3931 963 3997 episcopi
1038 3932 1345 4013 praecipites
1419 3932 1530 3985 sint
1610 3933 1847 4001 aliquem

749 4015 1230 4054 excommumcare.

216 4086 332 4155 (Ea:
368 4088 527 4155 epist.
579 4089 817 4141 Evarist.
848 4104 1028 4157 papa,
1090 4092 1267 4159 capite
1297 4090 1373 4159 3.)
1405 4092 1553 4145 Deus
1585 4093 1845 4163 omnipo-

146 4179 295 4239 tens,
352 4179 415 4227 ut
466 4190 572 4228 nos
612 4190 645 4228 a
696 4176 1109 4246 pracipitantis
1168 4178 1489 4248 prolatione
1548 4181 1844 4235 sententia

146 4266 555 4329 compesceret,
584 4278 715 4317 cum
747 4264 942 4317 omnia
980 4265 1135 4319 nuda
1186 4273 1242 4320 et
1299 4271 1496 4337 aperta
1526 4268 1639 4321 sint
1668 4270 1847 4323 oculis

147 4352 268 4419 ejus
312 4350 463 4403 mala
515 4355 709 4405 tamen
749 4352 1013 4407 Sodoma
1070 4354 1253 4408 noluit
1312 4355 1507 4410 audita
1564 4357 1845 4426 judicare,

145 4440 487 4509 priusquam
547 4441 852 4496 manifesta
902 4449 1257 4513 agnosceret,
1312 4461 1440 4515 qua
1488 4446 1843 4501 dicebantur.

150 4528 311 4582 Unde
356 4530 482 4583 ait:
530 4530 879 4585 Descendam
934 4538 990 4586 et
1035 4533 1240 4586 videbo
1285 4518 1847 4590 utrum.clamorem

147 4618 242 4686 qui
270 4618 432 4670 venit
458 4618 525 4672 ad
560 4634 651 4673 me
692 4636 864 4689 opere
912 4622 1345 4692 compleverint,
1388 4639 1461 4676 an
1488 4640 1601 4677 non
1634 4630 1717 4678 est
1746 4624 1844 4687 ita,

147 4710 207 4757 ut
244 4705 447 4759 sciam.
491 4707 662 4777 Cujus
688 4710 954 4779 exemplo
982 4725 1305 4777 monemur,
1337 4728 1410 4766 ne
1440 4714 1513 4767 ad
1542 4714 1848 4783 proferen-

145 4793 272 4847 dam
296 4796 642 4850 sententiam
668 4813 922 4868 unquam
943 4800 1269 4869 pracipites
1290 4801 1488 4867 simus,
1511 4807 1611 4855 aut
1633 4808 1847 4856 temere

148 4880 637 4953 indiligenterque
694 4884 1011 4941 indiscussa
1077 4903 1321 4958 quaque
1390 4904 1625 4960 quoquo
1674 4891 1845 4945 modo

144 4970 491 5039 judicemas.

648 5060 774 5114 CAP.
799 5062 858 5115 X.
882 5092 950 5101 -—-
972 5064 1046 5117 De
1065 5064 1249 5119 eadem
1270 5081 1345 5119 re.

216 5146 333 5217 (Ea:
386 5147 592 5215 synodo
645 5150 926 5217 Meldensi,
968 5154 1145 5220 capite
1193 5154 1272 5221 3.)
1306 5155 1374 5208 Ut
1406 5170 1573 5208 nemo
1626 5154 1847 5224 episco-

149 5250 360 5303 porum
404 5237 725 5305 quemlibet
768 5239 893 5291 sine
949 5244 1104 5294 certa
1154 5246 1211 5294 et
1267 5243 1571 5297 manifesta
1633 5243 1848 5312 peccati

149 5338 339 5385 causa,
391 5326 800 5380 communione
852 5327 1040 5398 privet
1096 5330 1492 5385 ecclesiastica.
1545 5332 1663 5386 Sub
1716 5348 1850 5385 ana-

148 5411 345 5466 thema
404 5420 599 5468 autem
652 5416 775 5469 siue
850 5418 1194 5472 conscientia
1256 5419 1693 5489 archiepiscopi,
1752 5426 1850 5474 aut

148 5500 645 5572 coepiscoporum,
686 5504 987 5576 episcopus
1017 5506 1242 5561 nullum
1288 5513 1485 5578 ponat,
1537 5508 1645 5562 nisi
1694 5508 1849 5563 unde

1950 3050 2298 3117 tentiam,ut
2342 3051 2457 3104 Deo
2507 3060 2561 3103 et
2594 3050 2852 3104 Ecclesia
2883 3051 3190 3105 satisfaciat
3243 3067 3417 3122 quam
3489 3051 3652 3105 lasit.

1951 3139 2007 3193 Si
2031 3145 2218 3192 autem
2252 3138 2573 3209 despexerit
2592 3144 2763 3209 atque
2789 3140 3202 3210 contempserit
3232 3141 3355 3210 ejus
3394 3139 3654 3193 admoni-

1948 3227 2168 3282 tionem
2200 3233 2256 3281 et
2298 3227 2736 3282 saluberrimam
2785 3227 3200 3293 invitationem,
3271 3228 3438 3282 feriat
3491 3228 3656 3281 illum

1952 3316 2222 3387 pastorali
2279 3316 2457 3385 virga,
2517 3316 2622 3369 hoc
2680 3321 2787 3383 est,
2844 3318 3127 3370 sententia
3199 3317 3655 3371 excommunica-

1950 3406 2142 3471 tionis,
2167 3408 2292 3458 uta
2345 3405 2745 3458 communione
2776 3410 2982 3458 sancta
3041 3406 3297 3459 Ecclesia
3360 3405 3658 3458 omnium—

1952 3510 2062 3563 que
2094 3493 2546 3546 Cbristianorum
2598 3492 2669 3545 sit
2733 3499 3046 3562 separatus,
3110 3510 3288 3564 usque
3355 3495 3426 3547 ad
3520 3510 3656 3546 con-

1952 3596 2155 3650 gruam
2226 3580 2672 3634 satisfactionem
2740 3586 2797 3633 et
2870 3581 3105 3650 dignam
3168 3581 3656 3649 emendationem,

1953 3670 2135 3733 Quam
2193 3669 2846 3722 excommunicationem
2914 3670 3079 3723 debet
3144 3670 3298 3723 idem
3354 3670 3655 3739 episcopus

1952 3757 2163 3809 seniori
2188 3756 2344 3809 illius
2380 3762 2571 3809 notam
2622 3756 2827 3821 facere,
2878 3761 2935 3810 et
2982 3756 3251 3809 omnibus
3307 3756 3424 3809 suis
3457 3756 3654 3824 coepi-

1953 3844 2157 3915 scopis,
2209 3848 2266 3897 et
2319 3843 2583 3897 omnibus
2636 3844 2752 3897 suis
2804 3844 3165 3913 parochianis
3224 3861 3295 3898 ne
3346 3861 3479 3898 eum
3513 3844 3655 3898 reci-

1953 3933 2118 4005 piant
2144 3948 2324 4003 usque
2355 3932 2423 3986 ad
2461 3932 2694 4001 dignam
2729 3932 3199 3987 satisfactionem.

2382 4022 2508 4075 CAP.
2552 4022 2683 4074 XIV.
2736 4051 2786 4060 —
2825 4022 2903 4074 De
2925 4022 3111 4075 eadem
3148 4038 3225 4075 re.

2030 4110 2137 4181 (Ea:
2175 4109 2355 4164 eodem
2407 4112 2583 4178 capite
2640 4110 2715 4177 6.)
2756 4109 3061 4180 Episcopus
3099 4110 3197 4182 qui
3246 4126 3345 4164 eos
3394 4110 3655 4181 quolibet

1958 4214 2195 4253 munere
2222 4198 2309 4251 vel
2342 4199 2530 4251 favore
2562 4203 2659 4252 aut
2715 4199 3066 4268 negligentia
3116 4216 3353 4253 monere
3405 4204 3505 4253 aut
3559 4215 3656 4252 ex-

1959 4288 2383 4343 communicare
2434 4286 2742 4353 distulerit,
2803 4287 2902 4357 qui
2950 4294 3149 4341 contro
3204 4289 3383 4342 Deum
3452 4293 3510 4342 et
3559 4288 3657 4341 Ec-

1959 4378 2145 4430 clesia
2202 4391 2400 4445 pacem
2472 4375 2709 4439 faciunt,
2770 4381 2871 4430 aut
2951 4382 3300 4431 revertentes
3366 4376 3655 4446 suscipiat,

1961 4470 2060 4518 aut
2103 4469 2538 4517 contemnentes
2578 4465 2647 4517 de
2688 4465 2931 4518 Ecclesia
2980 4466 3187 4535 ejiciat,
3265 4465 3655 4519 excommuni-

1960 4557 2121 4607 catus
2149 4552 2428 4606 habeatur
2456 4570 2489 4606 a
2517 4551 2756 4622 collegio
2784 4560 3150 4619 caterorum,
3219 4571 3523 4624 quousque
3574 4554 3663 4608 vel

1961 4641 2398 4707 emendationis,
2433 4643 2519 4695 vel
2552 4641 2938 4695 damnationis
2971 4657 3169 4696 eorum
3191 4642 3263 4696 ab
3285 4659 3353 4696 eo
3376 4642 3662 4696 sententia

1960 4730 2379 4799 promulgetur.

1963 4818 2091 4873 CAP.
2122 4820 2226 4873 XV.
2255 4848 2323 4857 —
2356 4818 2525 4884 'Quod
2553 4817 2710 4872 aliud
2750 4820 2823 4871 sit
2872 4834 3096 4887 peccare
3144 4816 3206 4872 in
3258 4819 3450 4885 Deum,
3505 4816 3662 4871 aliud

2616 4891 2675 4942 in
2720 4889 3001 4942 hominem.

2033 4978 2145 5047 (Ea:
2183 4976 2346 5031 dictis
2379 4978 2663 5047 Augusti.)
2691 4977 3120 5032 Attendendum
3149 4982 3235 5031 est
3266 4978 3421 5048 quod
3462 4975 3659 5031 Domi-

1961 5081 2071 5119 nus
2099 5065 2275 5119 dicit:
2303 5065 2361 5119 Si
2408 5064 2727 5133 peccaverit
2756 5064 2818 5119 in
2848 5069 2901 5119 te
2947 5066 3123 5119 frater
3155 5071 3305 5120 tuus.
3358 5065 3528 5120 Aliud
3577 5069 3663 5118 est

1962 5170 2195 5225 peccare
2226 5153 2287 5206 in
2316 5169 2439 5215 nos,
2483 5153 2637 5207 aliud
2692 5170 2927 5225 peccare
2961 5156 3020 5208 in
3068 5155 3269 5208 Deum.
3328 5154 3384 5210 Si
3438 5155 3496 5207 in
3554 5170 3661 5207 nos

1963 5242 2171 5311 aliquis
2209 5242 2546 5313 peccaverit,
2599 5258 2713 5296 non
2744 5248 2829 5296 est
2853 5243 3033 5296 nostri
3091 5242 3331 5296 arbitrii.
3374 5242 3660 5312 Scriptum

1962 5330 2175 5402 quippe
2197 5335 2280 5384 est
2312 5346 2325 5384 :
2354 5330 2409 5385 Si
2440 5331 2759 5401 peccaverit
2787 5330 2873 5384 vir
2902 5332 2963 5385 in
2992 5331 3201 5397 virum,
3232 5332 3442 5402 placari
3473 5338 3659 5400 potest

1963 5420 2016 5473 ei
2050 5420 2217 5473 Deus.
2250 5418 2306 5474 Si
2339 5423 2531 5473 autem
2588 5419 2649 5473 in
2682 5420 2859 5473 Deum
2916 5419 3249 5489 peccaverit,
3284 5420 3415 5491 quis
3476 5420 3663 5475 orabit

1962 5524 2067 5580 pro
2097 5508 2203 5562 eo?
2250 5508 2361 5562 Nos
2411 5508 2730 5562 econtrario
2782 5507 2843 5562 in
2899 5507 3000 5562 Dei
3056 5508 3268 5579 injuria
3326 5509 3565 5581 benigni
3606 5515 3663 5563 et
