3972 6192
375 248 477 299 863

1466 237 1874 294 BURCIIARDI
1915 234 2444 292 WOBMACIENSIS
2484 233 2798 291 EPISCOPI
3715 245 3800 296 864

376 366 769 422 misericordes
797 382 1016 432 sumus,
1041 370 1097 420 et
1143 364 1244 419 Dei
1273 364 1571 429 offensam,
1605 362 1767 434 quasi
1798 362 1857 416 in
1888 367 2081 417 nostra
2111 365 2157 417 A
2196 362 2463 432 pellimus
2490 366 2546 415 et
2595 362 2952 429 damnamus,
3011 366 3185 432 atque
3242 363 3526 435 sacrilegos
3551 382 3656 422 esse
3693 369 3805 440 judi-

372 461 651 528 potestate
683 456 756 510 sit
781 455 902 526 ejus
931 455 1075 509 velle
1106 459 1161 508 et
1188 454 1312 525 ejus
1347 453 1520 518 nolle,
1569 452 1806 522 impune
1865 451 2077 522 absque

372 545 709 615 congruenti
731 544 1084 616 panitentia
1106 543 1356 597 vindicta
1377 542 1660 596 donamus
1689 555 1701 596 :
1725 557 1853 594 cum
1881 545 2076 594 tamen

373 633 522 704 quod
555 633 618 687 in
648 633 814 688 nobis
845 632 1216 687 commissum
1275 635 1380 695 est,
1448 645 1553 684 nec
1608 630 1808 683 saltem
1838 629 2073 683 verbum

371 721 853 775 contumeliosum
919 721 1236 789 leviterque
1293 717 1580 788 prolatum
1639 716 1760 769 sine
1829 716 2077 770 vindicta

372 809 721 881 pertransire
745 809 1015 879 patimur.
1066 807 1432 861 Dimittamus
1461 821 1596 875 ergo
1627 809 1863 875 propter
1895 806 2075 859 Deum

373 899 529 969 quod
559 897 618 952 in
649 897 810 950 nobis
844 901 1235 966 perpetratum
1269 899 1374 962 est,
1405 898 1462 948 et
1489 893 1643 965 quod
1671 894 1730 947 in
1759 895 1872 948 Deo
1920 909 2076 948 com-

374 986 610 1040 missum
660 990 762 1052 est,
824 985 960 1055 quia
1016 984 1306 1039 dimittere
1355 999 1473 1037 non
1532 997 1862 1053 possumus,
1913 982 2077 1053 juxta

370 1074 836 1128 constitutionem
870 1077 1202 1126 sanctorum
1233 1074 1487 1138 Patrum,
1541 1071 1856 1125 secundum
1897 1086 2076 1125 cano-

372 1165 560 1218 nicam
583 1163 951 1218 autoritatem
986 1162 1362 1216 vindicemus.

796 1253 922 1307 Car.
965 1253 1097 1305 XVI.
1145 1282 1214 1290 ο-
1247 1251 1327 1303 De
1356 1248 1538 1303 eadem
1567 1263 1645 1302 re.

439 1343 545 1409 (Ea:
583 1341 804 1394 concilio
830 1338 1110 1404 Metdcnsi,
1170 1339 1347 1405 capite
1392 1336 1466 1406 5.)
1503 1336 1571 1390 Ut
1601 1351 1935 1406 pervaseres
1974 1350 2071 1389 re-

372 1445 500 1483 rum
559 1427 1088 1493 ecclesiasticarum,
1137 1425 1236 1496 qui
1267 1425 1497 1478 easdem
1529 1440 1617 1478 res
1651 1428 1847 1478 contra
1884 1428 2076 1478 aucto-

372 1517 599 1571 ritatem
633 1532 748 1569 non
778 1516 960 1568 solum
995 1514 1265 1579 retinere,
1310 1529 1507 1567 verum
1552 1518 1608 1565 et
1637 1513 1945 1566 crudeliter
1981 1512 2073 1566 de-

372 1605 635 1675 populari
665 1608 999 1670 noscuntur,
1057 1602 1292 1673 quidam
1348 1601 1505 1656 enim
1550 1601 1843 1655 facultates
1901 1600 2072 1655 etiam

373 1690 634 1745 Ecclesia
664 1689 723 1762 in
765 1689 986 1742 diversa
1033 1689 1480 1743 collaboratione
1524 1692 1581 1742 et
1615 1687 1932 1742 redditibus
1981 1703 2074 1742 eas

374 1777 682 1848 expoliant,
739 1777 837 1830 sed
870 1781 926 1830 et
968 1791 1250 1848 pauperes
1308 1781 1362 1831 et
1391 1776 1604 1830 vicinos
1635 1780 1691 1829 et
1741 1774 2077 1829 circumme-

376 1870 577 1920 nentes
609 1865 1142 1920 immisericorditer
1164 1865 1448 1936 afﬂigunt,
1482 1865 1778 1919 devastant
1801 1869 1857 1918 et
1878 1863 2074 1934 oppri-

377 1959 562 2012 munt.
593 1958 657 2008 ut
703 1971 935 2025 rapaces
967 1955 1064 2024 qui
1107 1954 1420 2008 secundum
1470 1954 1806 2024 Apostolum
1835 1969 1866 2006 a
1897 1967 2076 2022 regno

377 2042 477 2096 Dei
533 2043 935 2108 excluduntur,
996 2059 1062 2096 ex
1114 2041 1402 2096 criminali
1461 2047 1516 2096 et
1560 2041 1790 2112 publico
1844 2044 2075 2112 peccato

377 2131 604 2202 publica
659 2131 996 2201 panitentia
1031 2131 1384 2187 multentur.
1428 2131 1591 2196 Quod
1647 2131 1694 2184 si
1748 2131 1856 2184 hoc
1905 2145 2076 2200 agere

377 2221 686 2283 noluerint,
735 2220 1056 2290 proferatur
1093 2225 1294 2274 contra
1344 2237 1439 2274 eos
1489 2219 1809 2288 apostolica
1852 2217 2074 2273 terribi-

375 2307 560 2379 lisque
612 2308 896 2362 sententia
943 2325 1054 2378 qua
1078 2309 1321 2362 dicitur:
1375 2308 1434 2362 Si
1481 2308 1609 2379 quis
1661 2308 1837 2362 frater
1887 2306 2076 2360 nomi-

378 2403 566 2463 natur,
605 2402 663 2450 et
693 2402 777 2450 est
806 2413 1001 2467 rapax,
1061 2413 1189 2450 cum
1218 2396 1549 2467 hujusmodi
1570 2412 1676 2450 nec
1704 2396 1895 2450 cibum
1927 2395 2074 2466 quis-

378 2501 552 2555 quam
583 2500 807 2537 sumere
829 2484 1346 2556 prasumatzquia
1401 2484 1668 2555 iniquum
1729 2489 1787 2538 et
1850 2485 2078 2538 sacrile-

379 2589 515 2643 gum
543 2577 648 2639 est,
704 2577 766 2626 ut
812 2573 1186 2642 Symmachus
1227 2589 1398 2643 papa,
1429 2577 1485 2626 et
1518 2577 1643 2643 post
1706 2587 1840 2626 eum
1877 2573 2078 2626 beatus

381 2661 708 2731 Gregorius,
767 2661 978 2716 Sabino
1009 2661 1356 2716 subdiacono
1389 2661 1582 2716 scribit
1614 2677 1626 2715 :
1661 2661 1720 2716 Si
1747 2661 1877 2732 quis
1925 2661 2077 2732 quod

380 2749 958 2821 venerabilibusglocis
988 2751 1358 2822 relinquitur,
1387 2767 1577 2821 prava
1611 2750 1925 2804 voluntatis
1956 2755 2077 2804 stu-

380 2838 507 2907 diis,
553 2839 669 2893 suis
699 2840 1058 2909 compendiis
1096 2839 1398 2894 tentaverit
1436 2839 1704 2908 retinere,
1758 2839 2074 2893 secundum

380 2931 588 2981 statuta
617 2942 900 2981 canonum
938 2927 1006 2981 ab
1047 2928 1206 2982 omni
1239 2927 1616 2982 ecclesiastica
1670 2927 2074 2982 communione
2107 2930 2147 2985 C

380 3019 444 3069 ut
499 3015 808 3086 sacrilegus
865 3017 1034 3071 debet
1078 3016 1281 3084 arceri,
1306 3017 1490 3071 donec
1521 3017 1744 3071 studeat
1771 3017 1945 3087 digna
1991 3033 2075 3070 sa-

381 3104 698 3158 tisfactione
729 3105 886 3175 quod
913 3105 1143 3159 admisit
1180 3105 1488 3175 corrigere.

382 3211 510 3266 CAP.
543 3211 697 3266 XVII.
731 3241 799 3251 ——
831 3212 988 3277 Quod
1036 3217 1286 3267 sanctum
1323 3216 1632 3265 sanctorum
1661 3213 1752 3279 sit,
1804 3210 2076 3280 quidquid

960 3285 1184 3336 Domino
1212 3282 1495 3350 offeratur.

454 3371 560 3441 (Ea:
585 3371 727 3426 decr.
779 3373 1056 3438 Boni/acii
1087 3387 1267 3440 papae,
1316 3373 1494 3440 capite
1544 3371 1622 3441 5.)
1666 3369 1867 3425 Nullus
1909 3369 2078 3424 liceat

381 3457 666 3529 ignorare,
702 3475 871 3514 omne
899 3460 1052 3530 quod
1103 3460 1347 3514 Domino
1391 3463 1774 3524 consecratur,
1806 3460 1921 3513 sive
1952 3457 2075 3513 fue-

381 3547 459 3601 rit
486 3547 677 3616 homo,
707 3547 821 3602 sive
851 3549 1088 3615 animal,
1119 3547 1236 3602 sive
1276 3564 1433 3619 ager,
1467 3548 1555 3603 vel
1587 3547 1868 3619 quidquid
1901 3549 2078 3603 semel

379 3636 553 3691 fuerit
580 3641 989 3699 consecratum,
1018 3641 1278 3692 sanctum
1304 3641 1630 3691 sanctorum
1669 3638 1778 3692 erit
1811 3638 2074 3705 Domino,

382 3730 440 3779 et
469 3725 538 3780 ad
573 3727 667 3796 jus
709 3725 959 3797 pertinet
987 3726 1367 3781 sacerdotum.
1407 3727 1646 3797 Propter
1702 3727 1896 3797 quod:
1942 3727 2079 3798 quia

381 3814 783 3869 inexcusabilis
829 3815 938 3869 erit
964 3815 1151 3869 omnis
1195 3815 1295 3886 qui
1343 3831 1376 3868 a
1410 3815 1650 3869 Domino
1698 3819 1754 3868 et
1810 3815 2072 3883 Ecclesia,

382 3905 474 3958 cui
531 3908 883 3974 competunt,
939 3904 1142 3970 aufert,
1197 3908 1396 3967 vastat,
1461 3902 1700 3970 invadit,
1754 3904 1842 3956 vel
1889 3904 2076 3974 eripit,

381 4007 563 4063 usque
595 3992 666 4046 ad
691 3991 1156 4046 emendationem
1203 3991 1583 4062 Ecclesiaque
1613 3990 2075 4060 satisfactionem,

383 4087 446 4135 ut
491 4081 800 4151 sacrilegus
844 4079 1213 4150 dijudicetur,
1260 4085 1316 4134 et
1362 4079 1409 4133 si
1448 4079 1754 4134 emendare
1805 4081 2075 4149 noluerit,

382 4171 926 4224 excommunicetur.

385 4277 512 4331 CAP.
545 4275 726 4330 XVIII.
751 4305 819 4314 -—-
851 4277 923 4328 De
939 4275 1051 4329 illis
1073 4276 1170 4344 qui
1191 4275 1395 4400 Cirritsti
1423 4277 1678 4346 pecunias
1703 4279 1962 4345 auferunt
1997 4280 2080 4334 vel

1106 4362 1308 4400 ramun
1339 4387 1352 4400 .

1106 4362 1352 4415 rapiunt.

455 4437 563 4503 (Ea:
592 4436 750 4502 epist.
820 4433 1072 4488 Anacleti
1123 4452 1285 4505 papae
1324 4440 1529 4492 cunctis
1568 4437 1818 4506 ﬁdelibus
1863 4440 2074 4509 missa.)

382 4523 489 4586 Qui
511 4521 766 4585 abstulit,
799 4522 1006 4593 inquit,
1036 4523 1250 4596 aliquid
1272 4525 1442 4596 patri,
1467 4526 1766 4581 homicida
1796 4528 2079 4599 particeps

383 4617 486 4666 est.
545 4614 712 4666 Pater
764 4617 978 4679 noster,
1042 4614 1164 4667 sine
1196 4614 1395 4683 dubio,
1459 4616 1607 4669 Deus
1662 4620 1767 4682 est,
1823 4614 1922 4685 qui
1973 4629 2078 4667 nos

383 4701 611 4756 creavit.
646 4702 822 4756 Mater
849 4718 984 4757 vero
1039 4703 1300 4770 Ecclesia,
1349 4720 1478 4775 qua
1524 4720 1628 4757 nos
1679 4703 1740 4757 in
1793 4703 2078 4773 baptismo

381 4790 712 4862 spiritaliter
771 4791 1146 4863 regeneravit.
1195 4794 1340 4862 Ergo
1383 4792 1483 4864 qui
1540 4792 1748 4847 Christi
1809 4791 2079 4862 pecunias

381 4885 437 4934 et
459 4880 723 4935 Ecclesia
750 4881 975 4947 auﬂ'ert,
1031 4881 1201 4952 rapit,
1249 4886 1348 4936 aut
1385 4882 1627 4948 fraudat,
1659 4880 1945 4936 homicida
1973 4884 2078 4948 est,

383 4973 555 5040 atque
584 4974 716 5024 ante
751 4971 926 5025 Deum
968 4970 1257 5024 homicida
1304 4971 1632 5042 deputatur.
1667 4970 1776 5035 Qui
1807 4970 1962 5023 enim
1993 4985 2082 5023 res

384 5059 646 5112 Ecclesia
697 5058 1017 5127 abstulerit,
1065 5058 1430 5130 sacrilegium
1479 5059 1632 5120 facit,
1670 5063 1726 5114 et
1771 5063 1833 5113 ut
1853 5059 2079 5114 sacrile-

384 5162 490 5217 gus
514 5147 864 5217 judicandus
891 5152 994 5201 est.

811 5238 938 5292 CAP.
974 5237 1100 5290 XIX.
1142 5267 1212 5276 -—-
1250 5239 1316 5292 De
1360 5236 1544 5290 eadem
1581 5253 1656 5291 re.

457 5323 569 5394 (Ea:
607 5323 748 5378 decr.
801 5327 960 5379 Lucii
987 5341 1169 5395 papa,
1210 5327 1388 5395 capite
1432 5326 1540 5395 10.)
1573 5327 1788 5380 Rerum
1821 5324 2086 5379 ecclesia-

389 5409 656 5464 sticarum
686 5415 743 5466 et
790 5411 1126 5467 facultatum
1158 5419 1414 5483 raptores
1456 5428 1490 5466 a
1529 5412 1825 5467 liminibus
1879 5416 2084 5466 sancta

389 5498 649 5554 Ecclesia
733 5501 1282 5558 anathematizantes
1357 5501 1666 5576 apostolica
1748 5501 2082 5557 auctoritate

2189 467 2404 516 camus,
2437 455 2492 504 et
2519 467 2638 504 non
2682 451 2868 504 solum
2900 467 3013 511 eos,
3064 451 3164 504 sed
3195 450 3363 505 etiam
3408 469 3589 507 omnes
3613 472 3803 512 consen-

2187 540 2392 594 tientes
2420 539 2503 594 eis
2545 555 2557 593 :
2590 539 2726 610 quia
2758 555 2873 602 non
2929 540 3116 592 solum
3171 540 3267 610 qui
3300 540 3520 606 faciunt,
3563 545 3648 598 sed
3674 546 3805 601 etiam

2187 629 2288 700 qui
2347 628 2714 683 consentiunt
2768 627 2853 682 rei
2916 627 3222 698 iudicatur.
3287 631 3615 699 Augustinus
3663 632 3803 687 dicit:

2187 718 2297 782 Qui
2326 717 2543 788 aliquid
2569 717 2638 771 de
2664 716 2908 770 Ecclesia
2948 716 3174 771 furatur
3213 722 3268 771 et
3296 719 3457 787 rapit,
3483 719 3627 773 Juda
3661 723 3808 790 prodi—
3899 709 3901 776 ἶ

2185 806 2300 860 tori
2333 810 2714 876 comparatur.

2632 894 2760 948 CAP.
2794 893 2894 947 XX.
2932 921 3006 935 —-
3039 893 3119 947 De
3147 893 3330 947 eadem
3360 909 3430 948 re.

2257 984 2366 1054 (Ea:
2407 985 2632 1039 concilio
2683 983 2953 1049 Gangren.
3015 984 3192 1052 capite
3245 983 3320 1053 8.)
3371 983 3465 1038 Hic
3506 982 3596 1054 qui
3641 984 3810 1039 dederit

2183 1073 2273 1127 vel
2317 1073 2597 1143 acceperit
2652 1071 2969 1126 oblationes
3016 1071 3231 1138 altaris,
3285 1079 3486 1142 prater
3541 1073 3810 1144 episcopum

2184 1161 2272 1215 vel
2329 1161 2453 1231 ejus
2509 1159 2768 1226 missum,
2829 1167 2886 1213 et
2916 1146 3014 1232 qui
3072 1160 3170 1214 dat
3201 1165 3259 1215 et
3289 1160 3388 1232 qui
3443 1161 3656 1232 accepit,
3714 1178 3812 1216 ana-
3900 1179 3901 1224 j

2184 1249 2380 1304 thema
2409 1248 2504 1302 sit.

2618 1319 2746 1374 CAP.
2781 1319 2913 1374 XXI.
2948 1349 3014 1359 -—
3047 1322 3121 1374 De
3149 1318 3334 1373 eadem
3370 1335 3447 1373 re.

2256 1407 2367 1477 (Ea:
2398 1409 2619 1462 concilio
2649 1408 2799 1477 apud
2843 1409 2898 1464 S.
2942 1407 3284 1474 Medardum,
3335 1411 3506 1478 capite
3549 1409 3613 1479 ί.)
3633 1408 3681 1464 Si
3717 1409 3810 1480 quis
3900 1411 3901 1480 ᾗ

2183 1496 2500 1551 oblationes
2549 1495 2808 1550 Ecclesia
2856 1500 3011 1550 extra
3045 1497 3351 1550 Ecclesiam
3391 1513 3579 1567 rapere
3606 1498 3681 1552 vel
3712 1499 3812 1552 dare

2181 1586 2430 1640 voluerit
2484 1590 2693 1655 prater
2724 1585 3129 1638 conscientiam
3171 1586 3442 1657 episcopi,
3475 1587 3555 1640 vel
3609 1589 3710 1656 ejus
3745 1587 3810 1640 cui

2183 1674 2516 1746 hujusmodi
2541 1673 2728 1728 ofﬁcia
2757 1673 3060 1727 commissa
3089 1679 3240 1742 sunt,
3274 1674 3571 1729 anathema
3597 1675 3676 1728 sit.

2605 1763 2734 1818 CAP.
2769 1764 2932 1818 XXII.
2971 1793 3039 1802 —
3066 1766 3144 1818 De
3173 1763 3360 1817 eadem
3379 1779 3454 1817 re.

2254 1855 2363 1917 (Ea:
2394 1851 2535 1906 decr.
2568 1853 2791 1906 Joannis
2820 1867 2999 1921 papae,
3025 1853 3204 1920 capite
3238 1853 3345 1921 lO.)
3401 1853 3467 1906 Ut
3521 1849 3575 1905 hi
3613 1849 3696 1921 qui
3721 1866 3811 1904 mo-

2184 1939 2435 1994 nasteria
2467 1945 2523 1993 et
2552 1940 2676 1993 loca
2723 1941 2837 1994 Deo
2895 1945 3110 1993 sacrata
3142 1944 3198 1993 et
3229 1940 3491 1994 ecclesias
3530 1939 3808 2009 infringunt,

2183 2033 2242 2085 et
2269 2029 2528 2100 deposita
2583 2030 2670 2083 vel
2725 2028 2838 2082 alia
2893 2029 3213 2100 quemlibet
3266 2029 3468 2084 exinde
3517 2029 3808 2091 abstrahunt,

2183 2120 2458 2175 damnum
2517 2118 2711 2172 novies
2739 2123 3114 2188 componant,
3148 2123 3205 2172 et
3238 2117 3603 2172 emunitatem
3625 2115 3811 2186 triplici-

2181 2211 2289 2273 ter,
2349 2213 2406 2262 et
2460 2207 2616 2261 velut
2675 2205 2938 2276 sacrilegi
2997 2205 3287 2259 canonica
3370 2204 3646 2259 sententia
3690 2202 3812 2256 subi-

2184 2301 2420 2367 gantur.

2186 2389 2312 2442 Car.
2343 2387 2528 2441 XXIII.
2559 2415 2627 2425 ——
2671 2387 2746 2439 De
2783 2384 2867 2438 his
2914 2384 3257 2509 ggpzum
3300 2387 3398 2440 Dei
3437 2381 3816 2452 contemptibilem

2259 2546 2361 2614 (Eae
2392 2545 2615 2599 concilio
2659 2545 2948 2612 Mogunti.,
2981 2546 3158 2613 capite
3184 2543 3266 2613 7.)
3309 2542 3567 2614 Quisquis
3602 2541 3724 2594 fastu
3749 2555 3817 2592 su-

2187 2633 2400 2705 perbia
2431 2634 2612 2688 elatus
2643 2633 2881 2687 domum
2926 2631 3027 2687 Dei
3059 2632 3219 2686 ducit
3267 2631 3749 2703 contemptibilem,
3780 2633 3820 2680 et

2187 2721 2574 2793 possessiones
2605 2723 2720 2777 Deo
2749 2726 3016 2787 sacratas,
3035 2726 3208 2792 atque
3239 2723 3315 2776 ad
3349 2723 3606 2776 honorem
3644 2719 3725 2772 Dei
3743 2716 3818 2769 sub

2185 2809 2363 2880 regia
2419 2810 2752 2864 emunitatis
2807 2810 3140 2865 defensione
3172 2811 3527 2878 constitutas,
3578 2808 3819 2862 inhoneste

2186 2898 2535 2964 tractaverit,
2587 2899 2675 2952 vel
2723 2899 3034 2970 infringere
3063 2899 3510 2971 prasumpserit,
3550 2896 3819 2952 autiacea—

2185 2987 2280 3042 dia
2326 2989 2413 3042 vel
2463 2987 2808 3042 vastationes
2885 3004 3026 3042 ausu
3083 2989 3392 3043 temerario
3447 2982 3818 3058 perpetraverit,

2184 3075 2347 3147 quasi
2376 3076 2605 3130 invasor
2633 3081 2690 3131 et
2725 3076 2969 3131 violator
3024 3077 3292 3131 Ecclesia
3342 3077 3460 3144 Dei,
3491 3092 3610 3146 qua
3637 3078 3710 3128 est
3745 3071 3820 3125 do-

2184 3180 2312 3218 mus
2341 3164 2441 3218 Dei
2466 3165 2598 3230 vivi,
2627 3182 2660 3218 a
2710 3165 3116 3220 communione
3167 3166 3433 3220 omnium
3487 3162 3719 3219 fidelium
3742 3158 3822 3213 ab-

2183 3253 2490 3307 scindatur.

2597 3324 2724 3379 Car.
2754 3326 2929 3380 XXIV.
2964 3355 3031 3363 —-
3059 3328 3133 3380 De
3163 3325 3352 3379 eadem
3389 3341 3464 3378 re.

2259 3411 2366 3481 (Em
2385 3411 2584 3479 eodem,
2619 3429 2739 3483 cap.
2766 3414 2845 3483 6.)
2877 3413 2936 3468 Si
2962 3413 3091 3484 quis
3117 3413 3512 3484 cujuscunque
3545 3407 3825 3465 munuscula

2187 3501 2446 3556 Ecclesia
2477 3502 2683 3555 sanctis
2725 3502 3140 3571 scripturarum
3185 3502 3372 3557 titulis
3425 3501 3663 3563 collecta,
3711 3495 3826 3551 nefa-

2186 3591 2271 3644 ria
2300 3590 2611 3645 calliditate
2658 3590 2979 3656 abstulerit,
3034 3590 3408 3656 fraudaverit,
3463 3588 3726 3651 invaserit,
3755 3601 3826 3638 re-

2186 3678 2511 3747 tentaverit,
2549 3683 2718 3749 atque
2763 3678 3132 3750 subripuerit,‘
3184 3684 3242 3733 et
3273 3695 3395 3733 non
3425 3677 3607 3732 statim
3627 3692 3657 3729 a
3682 3687 3826 3728 sacer-

2188 3769 2320 3822 dote
2351 3768 2735 3822 commonitus
2763 3769 2876 3821 Deo
2904 3768 3107 3822 collata
3155 3767 3494 3834 reddiderit,
3525 3765 3589 3820 ab
3622 3760 3827 3819 Ecclesia

2187 3856 2479 3910 catholica
2510 3856 2916 3909 communione
2951 3857 3213 3926 pellatur.

2188 3943 2317 3999 CAP.
2351 3945 2497 3998 XXV.
2526 3972 2599 3985 —
2633 3947 2698 3999 Ut
2726 3960 2811 3999 res
2843 3945 3187 4068 abtlatatcum
3225 3944 3668 4015 multiplicatione
3711 3937 3829 3993 restio

2932 4031 3154 4068 uanur.

2932 4031 3154 4070 uaniur.

2259 4104 2378 4174 (Ea:
2409 4102 2551 4156 decr.
2585 4103 2819 4158 Eusebii
2847 4119 3027 4172 papa,
3053 4106 3230 4172 capite
3257 4104 3341 4175 4.)
3384 4105 3477 4159 Est
3495 4102 3658 4158 etiam
3678 4099 3730 4154 in
3754 4109 3828 4150 an-

2112 4211 2151 4264 ι)
2193 4191 2368 4264 tiquis
2399 4192 2658 4245 Ecclesia
2707 4192 2931 4246 statutis
2978 4192 3294 4261 decretum,
3347 4199 3412 4247 ut
3440 4192 3533 4264 qui
3568 4189 3733 4244 aliena
3765 4185 3830 4236 in-

2187 4281 2363 4346 vadit,
2392 4297 2506 4334 non
2539 4284 2700 4335 exeat
2735 4281 3075 4352 impunitus,
3113 4281 3210 4336 sed
3242 4297 3375 4336 cum
3410 4275 3829 4351 multiplicatione

2188 4369 2382 4424 omnia
2414 4369 2694 4423 restituat.
2733 4370 2892 4424 Unde
2924 4375 2980 4424 et
3020 4369 3082 4424 in
3112 4371 3426 4440 Evangelia
3456 4369 3712 4440 scriptum
3748 4364 3826 4416 est.

2187 4458 2339 4530 quod
2362 4457 2411 4512 si
2439 4456 2659 4530 aliquid
2690 4457 2947 4530 aliquem
2989 4459 3342 4527 defraudavi,
3404 4458 3582 4513 reddo
3631 4451 3830 4526 quadru-

2189 4548 2370 4618 plum.

2189 4637 2315 4691 CAP.
2349 4635 2531 4690 XXVI.
2562 4666 2633 4675 ——
2663 4635 2816 4704 Quod
2837 4637 3320 4691 ecclesiasticarum
3360 4651 3541 4690 rerum
3560 4629 3774 4704 incendia
3795 4629 3832 4679 et

2293 4702 2721 4775 depradationes
2769 4723 2870 4776 pro
2917 4710 3211 4762 emunitate
3247 4710 3362 4761 sint
3419 4702 3752 4761 emendanda.

2260 4795 2380 4862 (Εω
2409 4797 2566 4864 epist.
2603 4796 2824 4864 Gregor.
2856 4811 3016 4865 papa
3057 4796 3132 4849 ad
3160 4797 3568 4852 Constantinam
3595 4807 3696 4858 reg.
3732 4783 3834 4839 Gal-

2189 4881 2319 4953 liae.)
2351 4882 2490 4936 Cum
2526 4883 2956 4937 devotissimam
3002 4883 3294 4938 dominam
3347 4883 3523 4938 sciam
3569 4883 3635 4936 de
3668 4871 3838 4932 caelesti

2190 4971 2303 5025 vita
2333 4975 2508 5042 atque
2530 4973 2784 5027 remedio
2824 4973 3030 5026 anima
3058 4989 3177 5027 sua
3210 4972 3410 5027 sedulo
3467 4970 3716 5041 cogitare,
3752 4961 3839 5017 cul-

2190 5075 2324 5131 pam
2355 5076 2446 5114 me
2476 5061 2837 5115 committere
2869 5062 3241 5116 vehementer
3265 5061 3553 5127 existimo,
3587 5058 3631 5112 si
3659 5073 3718 5110 ea
3742 5065 3840 5123 qum

2190 5165 2295 5220 pro
2316 5149 2523 5202 timore
2545 5149 2956 5220 omnipotentis
2985 5150 3088 5204 Dei
3108 5154 3240 5204 sunt
3265 5147 3624 5221 suggerenda
3649 5144 3835 5201 siluero,

2193 5241 2249 5292 et
2276 5241 2332 5291 te
2387 5237 2806 5293 sanctissimam
2853 5239 2920 5293 de
2950 5238 3337 5293 Ecclesiastica
3369 5253 3508 5309 pace
3557 5234 3733 5289 sedule
3756 5240 3840 5283 non

2192 5341 2620 5380 commonuero.
2667 5327 2847 5381 Nimis
2881 5344 2972 5382 me
3009 5327 3220 5382 Juliaui
3257 5326 3454 5381 fratris
3483 5329 3540 5379 et
3568 5313 3840 5392 coepiscopi

2193 5414 2374 5469 nostri
2398 5416 2771 5486 proclamatio
2821 5432 3008 5486 nuper
3054 5415 3432 5481 contristavit,
3464 5411 3716 5479 {maxime
3743 5418 3842 5461 cum

2192 5503 2344 5558 villa
2390 5520 2509 5558 sua
2537 5503 2803 5560 videlicet
2834 5504 3096 5560 Ecclesia
3121 5521 3154 5559 a
3201 5501 3569 5575 aequissimis
3596 5491 3842 5571 pradoni-
