4028 6190
184 322 295 373 865

1123 318 1606 375 DECRETORUM
1648 318 1841 376 LIBRI
1882 323 1987 379 XX.
2023 355 2093 363 —
2125 325 2332 380 LIBER
2372 326 2792 385 UNDEClMUS.

3620 344 3724 399 866

185 440 300 535 bus
330 441 442 494 sint
476 439 849 535 depraedataa,
882 442 1375 535 atquenocturnis
1424 441 1707 535 incendiis
1746 458 1906 535 more
1935 449 1984 502 Α
2021 446 2127 502 bus
2159 451 2214 501 et
2245 448 2489 503 Domino
2537 451 2651 506 Deo
2683 453 2773 507 cui
2825 455 3037 510 tradita
3078 464 3213 512 sunt
3264 476 3331 515 ea
3368 464 3729 535 subtrahant,

184 530 381 583 furum
414 530 731 582 combustae
764 546 776 582 :
812 534 867 583 et
891 530 1028 583 dum
1060 531 1208 585 idem
1241 530 1505 600 maligni,
1528 531 1691 600 juxta
1722 532 1909 586 nostri

184 618 627 689 praedecessoris
678 619 953 672 Bonifacii
990 620 1235 686 decreta,
1270 636 1377 689 pro
1408 619 1727 673 emunitate
1760 620 1905 676 illud

188 710 497 769 emendare
533 708 851 773 noluerint,
886 708 1023 763 dum
1058 715 1115 763 et
1145 709 1335 763 saeculi
1362 710 1519 778 leges
1552 708 1673 762 huic
1704 709 1905 763 eadem

188 797 271 850 ita
320 796 529 850 habere
579 795 895 862 voluerint,
948 798 1072 868 lege
1104 798 1324 869 vulgari
1377 802 1544 864 teste,
1577 796 1637 849 in
1664 812 1779 866 qua
1824 798 1906 852 sic

190 885 456 938 scribitur
490 884 587 938 :Si
640 885 775 955 quis
820 901 997 939 manu
1046 892 1267 939 armata
1314 901 1499 956 usque
1542 884 1609 937 ad
1654 890 1908 954 quatuor

189 974 452 1027 homines
482 973 542 1027 in
569 972 760 1027 vicum
790 974 1024 1027 alterius
1046 975 1114 1028 ad
1146 973 1622 1028 malefaciendum
1656 974 1901 1043 venerit,

188 1062 287 1116 ille
316 1063 410 1134 qui
439 1064 600 1132 prior
626 1067 711 1116 est
738 1062 939 1117 illicita
967 1063 1419 1134 praesumptione
1439 1067 1750 1133 componat
1771 1064 1905 1118 soli-

186 1150 291 1204 dos
325 1150 557 1217 DCCCC,
601 1166 879 1220 sequaces
922 1167 1057 1204 vero
1103 1150 1226 1220 ejus
1257 1150 1656 1221 unusquisque
1689 1150 1903 1205 solidos

186 1239 396 1305 LXXX;
442 1238 487 1291 si
537 1254 669 1291 vero
703 1238 785 1291 ibi
844 1238 1174 1292 incendium
1226 1238 1485 1305 fecerint,
1544 1237 1654 1291 sibi
1683 1254 1900 1294 nonam

184 1332 554 1398 componant,
578 1328 836 1398 praedam
868 1344 1003 1380 vero
1037 1328 1094 1380 in
1129 1328 1519 1399 quadruplum
1571 1327 1897 1382 restituant.

185 1417 248 1472 Si
282 1417 471 1471 seaculi
502 1419 652 1488 leges
686 1418 859 1471 talem
900 1406 1187 1486 justitiam
1220 1417 1431 1471 habere
1468 1416 1777 1484 voluerint,
1810 1419 1901 1473 lex

184 1507 389 1561 divina
418 1524 515 1560 cur
542 1506 785 1560 inferior
825 1523 947 1560 esse
978 1506 1226 1572 debebit,
1262 1523 1391 1560 cum
1425 1505 1482 1560 in
1516 1504 1699 1576 ipsius
1742 1507 1901 1560 veri-

180 1594 320 1647 tatis
376 1596 681 1664 prazscntia
727 1611 758 1647 a
806 1594 1038 1648 Zachzno
1092 1594 1486 1648 collaudatum
1540 1594 1632 1661 sit,
1691 1594 1737 1647 si
1793 1594 1898 1648 ali-

181 1699 364 1753 quem
413 1684 797 1752 defraudaret,
844 1688 909 1736 ut
971 1683 1029 1736 in
1086 1684 1478 1754 quadruplum
1522 1683 1898 1738 restitueret?

183 1774 252 1827 Et
308 1772 445 1843 quia
492 1788 782 1826 summum
830 1771 891 1825 in
943 1772 1175 1841 regibus
1221 1771 1439 1825 bonum
1484 1777 1570 1825 est
1612 1773 1899 1842 justitiam

183 1861 398 1924 colere,
454 1876 517 1914 ac
577 1878 677 1914 sua
735 1860 952 1931 quique
999 1862 1129 1929 jura
1179 1877 1426 1928 servare,
1482 1864 1537 1913 et
1589 1861 1649 1913 in
1708 1861 1899 1931 subje-

183 1955 311 2004 ctos
339 1966 459 2003 non
514 1950 696 2003 sinere
745 1950 897 2020 quod
952 1950 1244 2020 potestatis
1286 1954 1371 2003 est
1425 1950 1575 2018 fieri,
1619 1950 1713 2003 sed
1744 1951 1898 2021 quod

182 2056 426 2109 aequum
458 2045 541 2093 est
571 2038 863 2105 custodiri,
897 2055 1041 2109 quos
1077 2055 1172 2091 vos
1199 2044 1255 2092 et
1281 2038 1539 2109 diligere,
1574 2044 1631 2092 et
1660 2039 1898 2093 omnino

182 2127 540 2181 contidimus
597 2128 822 2181 studere
885 2142 899 2181 :
962 2131 1312 2197 quapropter
1367 2128 1719 2182 excellentia:
1782 2132 1897 2181 tua:

183 2232 393 2271 mense
426 2216 715 2270 novembri
754 2215 1057 2285 prmsentis
1086 2216 1245 2282 anni,
1286 2216 1535 2270 secunda
1563 2216 1897 2281 indictione,

182 2307 426 2359 Petrum
451 2315 505 2358 et
532 2305 930 2375 coepiscopum
956 2321 989 2358 a
1016 2305 1238 2374 gremio
1266 2310 1477 2359 sanctae
1510 2306 1785 2359 Romanae
1803 2306 1897 2358 Ec-

180 2394 381 2447 clesiae
413 2394 868 2460 transmittimus,
902 2398 966 2448 ut
990 2393 1264 2447 fratribus
1295 2394 1553 2465 ejusdem
1588 2394 1897 2461 provincia:

180 2483 244 2537 in
296 2498 484 2536 unum
536 2484 915 2553 congregatis,
963 2483 1247 2536 emunitas
1303 2490 1360 2536 et
1412 2483 1790 2554 praesumptio
1841 2488 1898 2537 et

180 2570 557 2641 sacrilegium
621 2570 894 2624 canonica
960 2572 1284 2637 autoritate,
1363 2576 1419 2624 et
1486 2577 1673 2625 vestra
1738 2572 1897 2641 regia

179 2660 473 2729 dignitate
530 2659 697 2712 talem
761 2660 1079 2713 terminum
1143 2659 1450 2729 accipiant,
1530 2676 1601 2714 ne
1657 2662 1896 2730 posthac

180 2748 456 2803 membra
497 2746 725 2813 diaboli,
776 2748 880 2802 ﬁlii
913 2764 1185 2818 nequam,
1231 2748 1291 2801 in
1336 2753 1529 2802 sancta
1560 2748 1809 2803 Ecclesia
1838 2753 1893 2803 te

180 2839 369 2893 etiam
401 2836 480 2891 ibi
507 2842 779 2907 regnante
807 2837 943 2891 talia
972 2842 1342 2907 prmsumant.

181 2944 317 2999 CAP.
356 2943 556 2998 XXVII.
590 2972 657 2981 —
685 2944 759 2996 De
779 2942 936 2997 rebus
966 2944 1339 2996 ecclesiasticis
1384 2943 1895 3013 quomodo.restitui

918 3013 1165 3068 debeant.

257 3102 385 3172 (Ea:
439 3101 581 3156 decr.
612 3103 854 3168 Eusebii,
888 3105 1064 3171 capite
1109 3102 1185 3173 8.)
1236 3104 1300 3157 Et
1330 3102 1389 3156 in
1435 3102 1657 3173 legibus
1700 3104 1895 3157 seaculi

177 3195 428 3245 cautum
470 3190 731 3245 habetur.
779 3191 887 3255 Qui
924 3207 1043 3246 rem
1076 3191 1314 3262 surripit
1362 3191 1628 3253 alienam,
1680 3191 1763 3245 illi
1794 3208 1890 3245 cu-

169 3280 277 3350 jus
312 3294 405 3332 res
457 3279 741 3350 dirempta
790 3285 891 3345 est,
954 3281 1010 3333 in
1044 3280 1435 3350 undecuplum
1487 3296 1616 3351 quae
1670 3280 1894 3335 sublata

176 3373 323 3422 sunt
374 3369 648 3423 restituat.
687 3370 753 3423 Et
783 3369 843 3423 in
875 3370 1001 3439 lege
1045 3369 1237 3423 divina
1275 3370 1508 3438 legitur.
1561 3369 1891 3424 Maledictus

175 3456 379 3511 omnis
410 3456 505 3526 qui
558 3458 828 3511 transfert
877 3458 1153 3511 terminos
1193 3457 1445 3527 proximi
1490 3457 1579 3510 sui
1611 3473 1624 3511 :
1660 3462 1715 3511 et
1753 3457 1893 3513 dicit

176 3544 380 3599 omnis
411 3546 675 3616 populus,
720 3548 922 3601 Amen.
956 3546 1111 3601 Talia
1146 3562 1284 3615 ergo
1315 3561 1434 3599 non
1462 3552 1892 3615 praesumantur

176 3634 407 3703 absque
450 3634 687 3701 ultione,
742 3651 847 3689 nec
873 3641 1247 3690 exerceantur
1293 3635 1508 3705 absque
1558 3634 1888 3687 damnatio-

176 3739 279 3777 ne.
319 3724 543 3788 Pacem,
576 3727 633 3777 et
663 3739 776 3777 non
821 3724 1096 3777 damnum
1143 3728 1243 3777 aut
1272 3723 1615 3793 injustitiam
1647 3722 1890 3793 alicujus

173 3808 485 3864 sectamini
536 3811 596 3864 in
627 3811 896 3881 invicem,
945 3818 1001 3866 et
1040 3813 1099 3866 in
1132 3827 1351 3866 omnes.
1405 3811 1651 3865 Proinde
1682 3810 1728 3864 si
1760 3811 1890 3882 quis

176 3899 591 3954 ecclesiasticas
638 3900 974 3966 oblationes,
1028 3906 1085 3955 et
1134 3902 1285 3971 quod
1333 3901 1446 3955 Deo
1494 3904 1887 3955 consecratum

175 3986 383 4052 fuerit,
469 3988 763 4057 rapuerit,
832 3990 921 4043 vel
988 3988 1339 4043 consenserit
1399 3988 1761 4055 facientibus,
1824 3993 1889 4043 ut

179 4077 500 4147 sacrilegus
551 4078 918 4149 dijudicetur,
962 4085 1020 4133 et
1063 4079 1341 4134 damnum
1385 4079 1447 4132 in
1495 4078 1885 4149 quadruplum

176 4167 469 4232 restituat,
504 4171 559 4220 et
589 4166 854 4220 canonice
885 4168 1178 4237 paeniteat.

176 4274 318 4328 CAP.
354 4274 581 4327 XXVIII.
602 4304 673 4313 —
704 4274 859 4339 Quod
882 4274 1138 4340 sacrilegi
1159 4274 1269 4326 sint
1291 4274 1651 4327 Ecclesiarum
1674 4272 1885 4339 prado-
1913 4288 1957 4342 ι)

977 4360 1069 4398 nes
1078 4386 1089 4397 .

257 4433 617 4503 (Erconcitio
664 4436 931 4503 Mogunti;
977 4436 1155 4503 capite
1184 4434 1256 4502 3.)
1291 4432 1562 4502 Sacrilegi
1607 4437 1739 4486 sunt
1786 4433 1883 4486 Ec-

171 4521 489 4576 clesiarum
531 4523 853 4593 prtedones.
906 4524 1063 4578 Unde
1095 4527 1151 4577 et
1187 4524 1248 4577 in
1285 4521 1523 4576 concilio
1571 4523 1884 4592 Agathensi

172 4610 291 4664 sub
341 4615 543 4679 quarto
592 4612 843 4681 capitulo
894 4611 1186 4665 decretum
1232 4610 1476 4664 habetur
1521 4609 1599 4662 ita
1635 4626 1649 4662 :
1684 4610 1882 4664 Amico

170 4698 479 4768 quippiam
510 4715 712 4770 rapere
749 4700 969 4754 furtum
999 4704 1085 4753 est
1116 4716 1128 4753 :
1168 4700 1428 4753 Ecclesia:
1461 4714 1592 4751 vero
1626 4698 1881 4752 fraudari

167 4788 267 4840 vel
328 4786 578 4840 abstrahi
634 4788 962 4859 surripique
1016 4788 1399 4857 sacrilegium.
1459 4788 1670 4841 Omnes
1725 4787 1879 4842 enim

168 4879 379 4929 contra
433 4875 617 4945 legem
650 4877 941 4944 facientes,
990 4891 1197 4946 resque
1232 4874 1490 4929 Ecclesia:
1520 4874 1874 4945 diripientes,

166 4964 262 5015 vel
316 4964 591 5017 Ecclesias
641 4965 1078 5035 sacerdotesque
1127 4969 1325 5018 contra
1372 4964 1592 5018 divinas
1630 4964 1877 5017 sanctio-

168 5067 279 5106 nes
329 5057 597 5106 vexantes
646 5053 907 5123 sacrilegi
936 5058 1235 5119 vocantur,
1280 5059 1454 5124 atque
1485 5052 1879 5107 indubitanter

165 5140 439 5208 infames,
475 5142 851 5214 sacrilegique
880 5141 1124 5196 habendi
1155 5146 1306 5196 sunt.

605 5232 733 5284 CAP.
761 5231 934 5285 XXIX.
970 5258 1037 5271 —
1062 5232 1134 5284 De
1158 5231 1341 5283 eadem
1369 5245 1445 5284 re.

246 5318 359 5383 (Ea:
383 5321 542 5386 epist.
574 5319 674 5371 Pii
702 5335 859 5388 papa:
888 5320 1105 5373 Italicis
1134 5318 1407 5384 fratribus
1437 5317 1651 5387 missa.)
1684 5317 1762 5372 Ad
1790 5332 1876 5371 se-

162 5406 303 5460 dem
336 5411 528 5460 autem
580 5409 953 5477 apostolicam
988 5409 1271 5477 perlatum
1304 5412 1408 5473 est,
1456 5406 1607 5476 quod
1642 5406 1753 5460 sint
1785 5407 1873 5460 in-

164 5498 263 5547 ter
294 5511 393 5547 vos
435 5496 831 5549 contentiones
884 5502 941 5549 et
993 5496 1393 5561 emulationes,
1436 5500 1491 5549 et
1536 5494 1755 5565 praedia
1782 5494 1872 5548 di-

163 5582 324 5634 vinis
357 5583 553 5637 usibus
586 5584 811 5650 tradita,
856 5584 1088 5655 quidam
1140 5584 1407 5638 humanis
1436 5584 1725 5654 applicent
1755 5582 1872 5635 usi-

2021 544 2078 590 et
2108 536 2226 590 suis
2256 537 2457 590 usibus
2494 539 2830 597 inserviant.
2864 544 3224 616 Quapropter
3259 550 3331 603 ab
3363 554 3629 607 omnibus
3654 556 3732 608 il-

2019 626 2073 679 la
2122 625 2518 695 usurpationis
2568 632 2917 685 contumelia
2968 634 3304 703 depellenda
3345 645 3450 705 est,
3483 657 3555 693 ne
3588 659 3732 713 pra:-

2018 714 2114 768 dia
2160 713 2266 766 sub
2298 715 2532 769 secretis
2583 720 2903 773 coelestibus
2930 722 3185 790 judicata
3217 742 3248 777 a
3275 726 3620 795 quibusdam
3655 730 3731 782 ir-

2017 800 2324 856 ruentibus
2374 810 2667 861 vexentur.
2705 807 2863 871 Quod
2897 810 2942 862 si
2983 810 3113 880 quis
3143 817 3599 885 praesumpserit,
3639 835 3729 872 sa-

2018 891 2268 960 crilegus
2314 891 2616 961 habeatur,
2663 901 2720 948 et
2766 896 2912 951 sicut
2940 899 3254 970 sacrilegus
3297 902 3607 971 judicetur.
3644 906 3730 975 Ip-

2016 996 2111 1033 sos
2153 983 2349 1033 autem
2406 982 2505 1051 qui
2556 982 2660 1036 hoc
2692 991 2869 1054 agunt
2902 1001 2913 1039 :
2947 988 3183 1041 clericos
3232 1005 3295 1043 ac
3354 992 3580 1045 Domini
3630 1011 3725 1047 sa-

2016 1068 2278 1121 cerdotes
2332 1072 2601 1141 persequi
2658 1089 2869 1143 eosque
2922 1074 3201 1130 infamare
3254 1079 3600 1148 audivimus,
3660 1088 3725 1137 ut

2016 1157 2237 1210 malum
2272 1174 2443 1227 super
2473 1162 2685 1213 malum
2734 1162 3006 1216 addentes
3045 1165 3360 1221 deteriores
3409 1169 3572 1237 fiant,
3604 1187 3724 1224 non

2015 1243 2414 1313 intelligentes
2458 1248 2611 1317 quod
2644 1248 2889 1302 Ecclesia
2926 1251 3023 1304 Dei
3055 1251 3114 1304 in
3156 1255 3546 1310 sacerdotibus
3580 1274 3722 1311 con-

2016 1332 2203 1399 sistat,
2262 1339 2320 1386 et
2362 1342 2579 1391 crescat
2622 1337 2681 1391 in
2728 1339 3007 1408 templum
3043 1341 3142 1394 Dei
3177 1357 3189 1395 :
3219 1348 3277 1397 et
3322 1344 3466 1398 sicut
3495 1346 3586 1399 cui
3620 1348 3722 1400 Ec-

2013 1421 2248 1475 clesiam
2288 1422 2385 1475 Dei
2434 1429 2613 1478 vastat
2644 1426 2881 1496 ejusque
2930 1429 3146 1497 prandia
3179 1435 3237 1483 et
3274 1432 3514 1487 donaria
3547 1452 3724 1506 expo-

2014 1508 2118 1562 liat
2147 1514 2202 1563 et
2236 1510 2475 1580 invadit,
2522 1514 2583 1567 ﬁt
2615 1515 2946 1584 sacrilegus,
2982 1516 3062 1570 sic
3105 1522 3160 1571 et
3205 1519 3301 1573 ille
3335 1522 3435 1591 qui
3478 1524 3601 1593 ejus
3634 1541 3723 1578 sa-

2015 1599 2273 1652 cerdotes
2325 1599 2671 1671 insequitur,
2706 1603 2988 1674 sacrilegii
3034 1622 3163 1660 reus
3209 1608 3400 1664 existit
3446 1617 3499 1665 et
3547 1613 3721 1667 sacri-

2014 1684 2179 1755 legus
2204 1687 2515 1758 judicatur.

2015 1792 2144 1846 CAP.
2180 1795 2325 1847 XXX.
2353 1798 2531 1873 _—j_De
2570 1797 2653 1850 his
2688 1799 2785 1873 qui
2815 1802 3179 1855 truncationes
3211 1804 3589 1873 membrorum,
3635 1808 3722 1861 de-

2208 1866 2577 1932 prazdationes
2608 1873 2655 1921 et
2688 1870 2960 1923 domorum
2993 1873 3245 1927 incendia
3274 1877 3521 1940 fecerint.

2085 1951 2199 2021 (Ea
2240 1953 2385 2007 decr.
2420 1955 2760 2025 Eutychzan.
2793 1962 2997 2026 papae.)
3048 1960 3103 2014 Si
3152 1962 3281 2032 quis
3325 1966 3719 2020 membrorum

2010 2041 2427 2108 truncationes,
2474 2044 2778 2097 domorum
2810 2045 3076 2100 incendia
3109 2049 3329 2120 fecerit,
3386 2054 3503 2107 sive
3533 2055 3719 2109 facere

2003 2128 2264 2198 jusserit,
2307 2136 2407 2184 aut
2454 2131 2677 2185 facienti
2724 2136 3098 2205 consenserit,
3153 2156 3456 2211 quousque
3510 2143 3580 2197 de
3629 2144 3719 2197 his

2012 2217 2325 2287 unicuique
2372 2219 2636 2289 legaliter
2680 2222 2767 2274 vel
2798 2223 3175 2279 amicabiliter
3218 2244 3409 2281 coram
3450 2230 3717 2301 episcopo

2008 2304 2255 2358 civitatis
2301 2306 2545 2376 aliisque
2576 2307 2791 2362 civibus
2836 2325 2949 2363 non
2980 2314 3392 2382 emendaverit,
3426 2318 3498 2369 ab
3530 2319 3717 2372 Eccle-

2008 2393 2091 2446 sia
2144 2410 2203 2447 se
2237 2394 2526 2463 privatum
2584 2405 2901 2466 cognoscat.
2945 2398 3003 2453 Si
3053 2416 3187 2454 vero
3238 2408 3366 2472 post
3406 2404 3715 2458 secundam

2010 2486 2067 2535 et
2118 2483 2347 2536 tertiam
2379 2485 2841 2550 conventionem,
2891 2494 3093 2542 cuncta
3126 2489 3185 2543 in
3217 2492 3425 2561 quibus
3455 2493 3719 2562 arguitur

2008 2586 2125 2624 non
2174 2572 2589 2639 emendaverit,
2642 2578 2916 2645 tanquam
2966 2577 3225 2631 ethnicus
3269 2584 3325 2633 et
3374 2581 3716 2651 publicanus

2010 2659 2078 2713 ab
2108 2660 2265 2713 omni
2289 2660 2744 2718 Christianorum
2767 2666 3008 2736 collegio
3035 2673 3353 2738 separetur.

2008 2765 2137 2819 CAP.
2173 2766 2355 2819 XXXI.
2390 2796 2458 2807 —
2490 2768 2646 2832 Quod
2688 2786 2806 2822 cum
2832 2775 3288 2828 excommunicato
3321 2791 3477 2829 orare
3508 2792 3611 2832 non
3644 2780 3711 2831 Ii-

2792 2847 2926 2895 ceat.

2080 2924 2184 2991 (Ea:
2210 2924 2375 2979 dictis
2414 2927 2469 2981 S.
2506 2928 2747 2999 Isidori.)
2783 2930 2924 2984 Cum
2957 2934 3470 3002 excommunicato,
3523 2953 3709 3007 neque

1930 3010 1970 3064 C
2010 3027 2192 3079 orare,
2226 3029 2415 3084 neque
2447 3014 2627 3086 loqui,
2681 3016 2790 3070 nisi
2820 3034 2888 3071 ea
2916 3034 3045 3089 qua:
3076 3021 3145 3074 ad
3184 3022 3445 3076 eamdem
3478 3040 3706 3078 excom-

2007 3101 2463 3157 municationem
2521 3106 2834 3176 pertinent,
2911 3123 3100 3179 neque
3165 3110 3316 3164 vesci
3378 3112 3583 3184 cuique
3641 3114 3709 3168 li-

2005 3196 2145 3245 ceat.

2354 3322 2363 3331 .
2411 3281 2539 3335 CAP.
2568 3282 2775 3337 XXXII.
2811 3312 2877 3324 —
2912 3285 2993 3338 De
3014 3286 3198 3341 eadem
3227 3304 3303 3342 re.

2075 3369 2194 3434 (Ea:
2225 3368 2387 3423 dictis
2429 3371 2710 3439 ejusdem.)
2742 3372 2796 3425 Si
2842 3374 2972 3442 quis
3002 3374 3197 3442 frater,
3250 3380 3348 3429 aut
3386 3377 3575 3446 palam
3609 3382 3710 3433 aut

2004 3457 2273 3511 absconse
2320 3474 2449 3511 cum
2491 3460 2983 3516 excommunicato
3034 3464 3207 3519 fuerit
3248 3466 3491 3531 locutus,
3546 3483 3706 3521 com-

2004 3562 2239 3599 munem
2267 3546 2456 3600 statim
2502 3563 2633 3601 cum
2675 3564 2742 3602 eo
2771 3536 3377 3606 excommunicationis
3405 3556 3707 3610 contrahet

2000 3649 2251 3705 poenam.

2400 3723 2526 3777 CAP.
2561 3724 2786 3779 XXXIII.
2820 3754 2888 3763 —
2921 3729 2994 3780 De
3016 3727 3199 3782 eadem
3224 3744 3301 3783 re.

2072 3809 2180 3879 (Ea:
2209 3810 2372 3864 dictis
2418 3813 2700 3866 Fructuosi
2729 3814 3012 3884 episcopi.)
3062 3817 3202 3870 Cum
3233 3818 3700 3873 excommunica-

1999 3901 2059 3951 to
2113 3898 2304 3951 nullus
2358 3899 2644 3970 loquatur,
2705 3916 2894 3970 neque
2949 3904 3203 3974 qualibet
3254 3921 3385 3959 eum
3440 3923 3695 3978 compas-

1999 3986 2161 4042 sione
2208 3988 2293 4041 vel
2341 3988 2708 4042 miseratione
2756 3989 3028 4058 refoveat,
3070 4009 3257 4064 neque
3305 3994 3372 4048 ad
3406 3997 3697 4052 contradi-

1998 4077 2267 4144 ctionem,
2302 4077 2391 4130 vel
2421 4077 2749 4147 superbiam
2783 4081 3109 4135 confortare
3142 4089 3470 4155 prgsumat.

2390 4166 2517 4221 CAP.
2553 4167 2767 4221 XXXIV.
2800 4198 2868 4206 —
2902 4170 2983 4222 De
3010 4170 3192 4224 eadem
3222 4187 3298 4224 re.

2070 4253 2178 4323 (Ea:
2205 4255 2423 4308 concilio
2471 4255 2747 4321 Antioch.,
2781 4258 2959 4324 capite
3000 4259 3079 4327 2.)
3124 4258 3265 4312 Cum
3302 4262 3695 4316 excommuni-

1996 4343 2137 4398 catis
2184 4357 2302 4396 non
2334 4343 2465 4396 licet
2515 4343 2965 4413 communicare,
3014 4363 3114 4399 nec
3145 4363 3275 4401 cum
3323 4348 3413 4402 his
3458 4350 3557 4420 qui
3590 4367 3693 4421 per

1995 4430 2196 4484 domos
2253 4434 2619 4493 conveniunt,
2689 4430 3005 4485 devitantes
3072 4434 3359 4489 orationes
3417 4437 3693 4504 ecclesiae,

1994 4517 2091 4571 ubi
2125 4519 2298 4572 simul
2344 4519 2625 4572 orandum
2672 4524 2772 4573 est.
2821 4520 2877 4573 Si
2925 4521 3171 4590 quilibet
3221 4528 3411 4577 autem
3442 4541 3510 4578 ex
3540 4526 3691 4580 clero

1992 4608 2385 4678 deprehensus
2433 4608 2607 4663 fuerit
2643 4625 2773 4662 cum
2816 4612 3324 4667 excommunicatis
3373 4616 3691 4669 communi-

1989 4712 2137 4763 care,
2171 4697 2344 4751 etiam
2374 4698 2479 4751 iste
2512 4697 2765 4767 privetur
2794 4699 3221 4754 communione.

2397 4787 2525 4841 CAP.
2558 4786 2753 4840 XXXV.
2786 4816 2853 4825 ——
2885 4789 2957 4840 De
2988 4788 3172 4841 eadem
3200 4804 3277 4842 re.

2062 4875 2172 4943 (Ex
2202 4890 2400 4929 canone
2447 4874 2853 4942 apostolorum.)
2910 4874 2967 4929 Si
2997 4875 3127 4946 quis
3177 4893 3307 4931 cum
3356 4892 3683 4933 excommu-

1988 4963 2195 5028 nicato,
2249 4964 2451 5016 saltem
2484 4963 2542 5015 in
2571 4962 2763 5026 domo,
2824 4963 2993 5017 simul
3047 4965 3312 5033 oraverit,
3365 4967 3470 5020 iste
3519 4983 3680 5021 com-

1987 5053 2261 5106 munione
2294 5050 2569 5121 privetur.

2375 5140 2502 5194 CAP.
2533 5140 2749 5193 XXXVI.
2782 5170 2850 5178 —
2892 5141 2973 5193 De
3002 5140 3183 5195 eadem
3212 5157 3287 5195 re.

2054 5229 2165 5296 (Ea:
2202 5228 2423 5282 concilio
2454 5230 2688 5294 Nicaeno,
2722 5230 2898 5296 capite
2928 5227 3004 5297 5.)
3037 5229 3111 5281 De
3156 5228 3243 5281 his
3272 5228 3372 5299 qui
3418 5246 3679 5285 commu-

1983 5316 2154 5371 nione
2200 5316 2519 5386 privantur,
2571 5332 2669 5367 seu
2703 5330 2770 5367 ex
2798 5315 2967 5381 clero,
3013 5330 3114 5368 seu
3145 5314 3418 5370 exlaicali
3452 5319 3674 5384 ordine,

1983 5406 2053 5459 ab
2088 5405 2369 5475 episcopis
2419 5420 2520 5474 per
2551 5419 3019 5473 unamquamque
3061 5404 3417 5474 provinciam
3448 5411 3677 5460 senten-

1982 5494 2063 5548 tia
2109 5493 2389 5564 regularis
2435 5492 2782 5555 obtineatur,
2829 5496 2893 5546 ut
2941 5492 3002 5547 hi
3055 5492 3156 5564 qui
3187 5493 3557 5563 abjiciuntur,
3605 5496 3676 5550 ab

1983 5582 2109 5636 aliis
2140 5597 2257 5637 non
2308 5580 2678 5651 recipiantur.
2739 5580 3088 5652 Requiratur
3129 5587 3318 5638 autem
3370 5598 3440 5636 ne
3486 5582 3676 5652 pusil-
