4010 6192
377 329 480 382 867

1453 319 1859 379 BURCHARDI
1900 321 2431 378 WORMACIENSIS
2469 320 2805 377 EPISCOPI.
3757 331 3846 386 868

377 450 701 504 lanimitate
749 453 848 503 aut
899 447 1285 511 contentione,
1330 446 1419 499 vel
1472 445 1583 500 alio
1623 445 1883 516 quolibet
1934 445 2072 500 vitio
2103 447 2146 499 Α
2186 445 2422 499 ᾶίηἱιιῐη.
2456 445 2540 500 Ab
2567 444 2848 499 universis
2881 444 3166 516 episcopis
3197 445 3406 500 dictum
3439 450 3524 501 est
3557 463 3570 502 :
3601 448 3848 506 Omnibus

381 539 637 608 episcopi
670 536 931 590 videatur
960 550 993 588 a
1016 533 1419 587 communione
1443 533 1712 586 seclusus.

773 626 899 678 CAP.
932 622 1177 678 XXXVII.
1211 652 1278 660 —
1303 624 1374 674 De
1398 621 1580 673 eadem
1609 636 1686 673 re.

453 714 560 785 (Ea:
601 715 819 769 concilio
848 712 1130 776 Antioche,
1190 711 1368 777 capite
1397 708 1476 792 6)
1523 708 1578 763 Si
1610 709 1738 779 quis
1780 725 1812 762 a
1840 709 2077 779 proprio

382 806 652 875 episcopo
693 801 1101 858 communione
1153 799 1410 869 privatus
1450 803 1554 865 est,
1611 815 1730 852 non
1784 803 1914 852 ante
1961 814 2078 851 sus-

377 893 624 962 cipiatur
676 892 746 945 ab
778 889 905 944 aliis
949 887 1252 958 episcopis,
1301 903 1474 957 quam
1527 903 1628 941 suo
1679 887 2078 941 reconcilietur

376 981 662 1052 episcopo.

733 1065 858 1118 CAP.
892 1064 1172 1119 XXXVIII.
1208 1092 1277 1102 —
1315 1063 1396 1116 De
1425 1062 1611 1117 eadem
1639 1078 1717 1116 re.

446 1156 554 1226 (Ex
583 1154 726 1208 decr.
771 1154 960 1208 Calist.
993 1168 1173 1222 papae,
1219 1155 1396 1221 capite
1427 1156 1456 1206 3
1486 1151 1501 1222 )
1551 1150 2075 1205 Excommunicatos

375 1259 607 1315 quoque
634 1259 666 1295 a
699 1241 1089 1294 sacerdotibus
1120 1241 1310 1294 nullus
1343 1240 1582 1310 recipiat
1615 1246 1746 1293 ante
1779 1240 2074 1310 utriusque

372 1332 551 1403 partis
594 1330 1075 1384 examinationem
1119 1330 1358 1399 justam,
1414 1344 1517 1382 nec
1547 1344 1676 1382 cum
1720 1329 1800 1381 eis
1829 1328 1890 1381 in
1939 1345 2075 1382 ora-

373 1419 551 1487 tione,
599 1424 700 1472 aut
738 1417 885 1483 cibo,
943 1417 1029 1470 vel
1079 1422 1236 1486 potu,
1291 1419 1391 1469 aut
1443 1417 1637 1470 osculo
1667 1416 2071 1484 communicet,

372 1524 478 1562 nec
509 1510 622 1562 Ave
671 1508 753 1560 eis
799 1508 945 1560 dicat
979 1523 992 1560 :
1026 1506 1162 1576 quia
1210 1505 1540 1576 quicunque
1586 1506 1643 1558 in
1680 1506 1785 1571 his,
1818 1507 1901 1558 vel
1950 1506 2073 1558 aliis

373 1596 682 1665 prohibitis
731 1596 976 1648 scienter
1005 1594 1514 1647 excommunicatis
1541 1595 2069 1659 communicaverit,

368 1685 532 1755 juxta
579 1667 970 1752 apostolorum
1018 1683 1459 1747 institutionem,
1494 1687 1550 1735 et
1597 1682 1718 1752 ipse
1767 1682 1944 1736 simili
1975 1699 2069 1736 ex-

371 1772 881 1827 communicationi
911 1772 1217 1840 subjaceat.

777 1863 902 1916 CAP.
932 1861 1146 1914 XXXIX.
1181 1890 1249 1898 —
1281 1861 1351 1914 De
1377 1861 1560 1913 eadem
1586 1875 1662 1914 re.

445 1951 556 2019 (Ea:
587 1951 808 2003 concilio
858 1948 1165 2018 Antioche.)
1217 1950 1338 2002 Non
1377 1952 1565 2001 autem
1603 1948 1768 2001 liceat
1809 1963 2069 2000 commu-

371 2039 562 2093 nicare
611 2037 1130 2103 incommunicatis,
1187 2053 1375 2106 neque
1419 2053 1524 2106 per
1565 2037 1769 2090 domos
1824 2036 2066 2106 ingredi,

373 2132 429 2180 et
459 2142 586 2179 cum
621 2126 702 2179 eis
750 2141 934 2192 orare,
971 2125 1069 2194 qui
1103 2125 1364 2178 Ecclesia:
1394 2124 1452 2177 in
1501 2124 1758 2178 oratione
1789 2141 1905 2178 non
1939 2140 2069 2195 par-

372 2213 634 2284 ticipant,
681 2229 785 2266 nec
833 2213 891 2265 in
942 2213 1180 2266 alteram
1241 2213 1544 2266 Ecclesiam
1599 2213 1796 2282 recipi,
1851 2213 1951 2282 qui
1998 2213 2069 2266 ab

373 2303 485 2356 alia
534 2302 1120 2355 excominunicantur.
1155 2301 1312 2362 Quod
1349 2301 1394 2353 si
1425 2301 1576 2353 visus
1626 2300 1800 2354 fuerit
1828 2301 2072 2371 quilibet

373 2393 799 2460 episcoporum,
851 2390 938 2442 vel
989 2390 1478 2459 presbyterorum,
1531 2392 1628 2441 aut
1676 2389 2076 2457 diaconorum,

372 2479 461 2531 vel
495 2478 666 2530 etiam
705 2477 807 2547 qui
846 2476 904 2529 in
935 2493 1153 2531 canone
1186 2476 1536 2539 detinentur,
1571 2476 2070 2530 incommunicatis

374 2565 820 2631 communicare,
855 2570 913 2618 et
955 2565 1108 2618 hunc
1142 2569 1370 2634 oportet
1397 2566 1801 2617 communione
1830 2563 2066 2634 privari,

373 2658 646 2725 tanquam
679 2653 936 2707 Ecclesia:
973 2653 1198 2722 regulas
1231 2652 1697 2706 confundentem.

827 2741 954 2795 CAP.
990 2742 1092 2794 XL.
1127 2771 1193 2780 —
1230 2744 1302 2794 De
1330 2742 1514 2794 eadem
1537 2756 1613 2794 re.

446 2830 564 2902 (Ea:
602 2831 745 2884 decr.
799 2830 1041 2884 Fabiani
1081 2845 1244 2899 papae
1290 2831 1554 2898 episcopis
1602 2829 1800 2882 Gallia
1841 2831 2064 2894 missis.)

375 2920 431 2974 Si
495 2919 621 2989 quis
704 2923 906 2988 sponte
985 2918 1492 2971 communicaverit
1558 2917 2067 2987 excommunicato,

2186 533 2389 603 placet.
2882 562 2884 564 τ

2598 622 2728 676 CAP.
2762 622 2938 675 XLIV.
2972 652 3041 660 —
3075 625 3144 676 De
3173 623 3357 676 eadem
3386 638 3461 676 re.

2258 710 2378 779 (Ea:
2424 709 2623 775 eodem,
2682 713 2860 778 capite
2894 712 3007 779 73.)
3063 711 3167 774 Qui
3210 710 3732 779 communicaverit,
3781 717 3848 770 vel

2186 799 2436 851 oraverit
2463 813 2593 852 cum
2641 799 3133 852 excommunicato
3160 817 3176 852 :
3209 800 3256 853 si
3295 800 3476 854 laicus
3518 805 3623 864 est,
3655 817 3848 856 excom-

2189 885 2532 950 municetur,
2565 887 2611 939 si
2635 885 2897 952 clericus,
2926 887 3264 957 deponatur.

2185 991 2315 1045 CAP.
2348 992 2501 1047 XLV.
2550 1023 2620 1034 —
2673 993 2753 1065 De
2780 992 2893 1047 illis
2935 997 3032 1062 qui
3075 1010 3142 1048 ea:
3189 993 3304 1048 alia
3343 997 3615 1064 parochia
3658 1003 3790 1065 sunt,
3817 1006 3852 1053 et

2693 1064 3116 1134 depraedationes
3142 1068 3377 1132 faciunt.

2257 1150 2380 1218 (Ea:
2413 1152 2634 1206 concilio
2692 1153 2980 1214 Meldensi,
3039 1156 3214 1223 capite
3241 1156 3321 1220 2.)
3369 1155 3448 1208 De
3501 1154 3615 1209 illis
3670 1161 3848 1220 autem,

2184 1239 2284 1309 qui
2336 1238 2485 1292 infra
2541 1241 2871 1310 parochiam
2930 1243 3271 1296 beneficium
3328 1248 3431 1295 aut
3493 1243 3849 1300 haereditatem

2182 1327 2414 1394 habent,
2465 1332 2521 1382 et
2569 1329 2806 1383 alterius
2854 1330 3107 1401 episcopi
3157 1331 3502 1402 parochiaui
3537 1337 3683 1399 sunt,
3726 1337 3848 1389 etde

2183 1426 2304 1469 loco
2337 1416 2403 1470 ad
2443 1416 2632 1470 locum
2675 1417 2784 1471 iter
2812 1418 3048 1486 faciunt,
3078 1421 3308 1489 rapinas
3338 1425 3398 1474 et
3429 1421 3848 1491 deprmdationes

2182 1510 2484 1574 peragunt,
2523 1506 2739 1575 placuit
2768 1512 2833 1560 ut
2875 1509 3466 1573 excommunicentur,
3518 1526 3622 1563 nec
3663 1518 3776 1566 ante
3801 1528 3849 1566 ex

2182 1594 2454 1663 parochia
2515 1601 2742 1660 exeant,
2812 1612 2985 1666 quam
3053 1613 3176 1667 quae
3245 1605 3658 1669 perpetrarunt
3709 1601 3848 1669 digne

2183 1683 2508 1736 emendant.
2557 1683 2813 1746 Quorum
2865 1687 3385 1740 excommunicatio
3417 1686 3632 1740 seniori
3663 1703 3847 1754 eorum,

2182 1775 2238 1823 et
2292 1772 2528 1841 proprio
2575 1773 2842 1843 episcopo
2906 1773 3277 1842 signiﬁcanda
3326 1780 3441 1840 est,
3504 1792 3574 1830 ne
3621 1792 3708 1830 eos
3747 1779 3851 1830 reci-

2181 1859 2344 1928 piant
2377 1865 2688 1930 antequam
2722 1861 2856 1914 illuc
2885 1861 3142 1928 redeant,
3185 1863 3284 1916 ubi
3311 1865 3586 1933 rapinam
3612 1864 3847 1931 fecerunt,

2179 1952 2236 2001 et
2266 1949 2460 2001 omnia
2487 1948 2740 2017 pleniter
2765 1950 3091 2004 emendant.

2251 2035 2380 2089 CAP.
2408 2037 2584 2090 XLVI.
2618 2065 2680 2076 —
2717 2040 2790 2090 De
2814 2038 2926 2090 illis
2957 2040 3056 2108 qui
3083 2038 3387 2104 defendunt
3424 2039 3788 2109 delinquentes.

2251 2123 2364 2188 (Ea:
2391 2124 2552 2178 dictis
2596 2127 2795 2178 Basilii
2839 2126 3120 2196 episcopi.)
3167 2127 3273 2190 Qui
3322 2131 3613 2182 consentit
3643 2147 3842 2200 peccan-

2177 2211 2351 2276 tibus,
2399 2218 2454 2264 et
2503 2212 2761 2266 defendit
2813 2214 2993 2266 alium
3025 2215 3493 2285 delinquentem,
3552 2219 3844 2271 malediclus

2177 2301 2286 2352 erit
2313 2301 2463 2370 apud
2520 2301 2699 2354 Deum
2729 2306 2784 2354 et
2816 2302 3098 2367 homines,
3149 2308 3204 2356 et
3245 2305 3600 2374 corripietur
3626 2306 3844 2376 increpa-

2178 2389 2333 2442 tione
2377 2389 2758 2443 severissima.
2796 2391 2938 2444 Hinc
2981 2398 3038 2444 et
3078 2392 3314 2461 quidam
3360 2395 3743 2448 sanctissimus
3769 2396 3847 2448 Pa-

2178 2481 2264 2530 ter
2292 2476 2373 2530 ait
2406 2493 2418 2530 :
2459 2477 2518 2531 Si
2566 2478 2695 2548 quis
2725 2478 2909 2531 errori
2953 2479 3184 2532 alterius
3232 2482 3617 2548 consenserit,
3656 2483 3778 2536 sciat
3801 2499 3847 2535 se

2178 2581 2308 2618 cum
2369 2565 2469 2619 illo
2524 2566 2700 2618 simili
2749 2566 2923 2620 modo
2985 2567 3332 2638 culpabilem
3381 2569 3768 2639 judicandum,
3806 2577 3850 2623 et

2179 2654 2816 2708 excommunicandum.

2179 2759 2306 2815 CAP.
2339 2759 2544 2814 XLVII.
2579 2791 2646 2800 —
2675 2763 2751 2814 De
2788 2761 2900 2814 illis
2931 2763 3027 2829 qui
3065 2763 3214 2815 intra
3241 2778 3453 2817 annum
3485 2779 3696 2818 causam
3722 2781 3849 2819 suam

2713 2837 2950 2886 tractare
2988 2834 3347 2900 neglexerint.

2249 2917 2358 2989 (Ea;-
2388 2918 2531 2974 decr.
2579 2920 2801 2983 Gelasii,
2845 2935 2979 2989 pap.
3015 2923 3189 2990 capite
3213 2922 3293 2992 2.)
3328 2923 3668 2994 Quicunque
3703 2925 3851 2994 igitur

373 3007 570 3072 verbo,
621 3006 899 3070 oratione,
957 3006 1018 3058 in
1062 3006 1208 3072 cibo,
1258 3006 1345 3058 vel
1403 3010 1562 3075 potu,
1603 3007 1686 3060 XL
1717 3006 1838 3058 dies
1881 3007 2068 3076 paeni-
2103 3005 2144 3060 C
2182 3006 2333 3060 intra
2389 3007 2527 3061 anni
2572 3010 2826 3078 spacium
2875 3009 3136 3074 civiliter,
3186 3011 3305 3064 sive
3373 3013 3605 3081 publice
3655 3026 3848 3065 causam

374 3098 493 3148 teat
533 3095 591 3147 in
623 3109 793 3162 pane,
836 3093 972 3155 sale,
1008 3097 1065 3146 et
1109 3109 1275 3162 aqua.
1307 3093 1410 3155 Qui
1451 3108 1582 3146 vero
1631 3093 1714 3146 eis
1743 3093 2071 3146 communi-

374 3183 588 3234 caverit
631 3181 691 3233 in
722 3178 1065 3242 homicidiis,
1113 3181 1199 3232 vel
1230 3180 1486 3248 ﬂagitiis,
1537 3196 1667 3233 reus
1697 3181 1803 3233 erit
1849 3181 1972 3246 iraa,
2018 3186 2074 3234 et

372 3268 638 3321 vindictae
673 3266 772 3320 Dei
820 3266 1231 3336 omnipotentis
1263 3283 1434 3336 quem
1479 3269 1701 3336 spernit
1735 3283 1748 3321 :
1785 3269 1917 3338 quia
1951 3270 2072 3322 haec

373 3355 569 3410 omnia
598 3354 789 3408 divina
820 3355 872 3407 ei
921 3371 1056 3408 voce
1107 3354 1409 3408 interdicta
1445 3359 1601 3422 sunt,
1637 3360 1713 3424 et,
1755 3357 2068 3410 secundum

371 3444 730 3513 Apostolum,
759 3442 989 3496 obedire
1025 3443 1139 3496 Deo
1181 3448 1409 3512 oportet
1451 3443 1633 3512 magis
1684 3461 1858 3514 quam
1889 3446 2073 3500 homi-

370 3532 540 3586 nibus
567 3551 582 3598 ;
612 3536 668 3585 et
713 3532 1031 3586 secundum
1080 3532 1230 3602 quod
1264 3532 1524 3604 deliquit,
1558 3533 1730 3603 digne
1768 3534 1928 3604 juxta
1972 3535 2070 3589 de-

369 3625 522 3674 creta
564 3636 853 3674 canonum
905 3619 1222 3690 pceniteat:
1261 3628 1316 3676 et
1363 3621 1410 3674 si
1464 3621 1743 3692 paenitere
1796 3623 2067 3691 uoluerit,

370 3707 916 3762 excommunicetur.

813 3797 942 3852 CAP.
974 3797 1106 3852 XLI.
1136 3826 1205 3835 —
1237 3798 1309 3850 De
1337 3796 1522 3850 eadem
1549 3812 1626 3850 re.

440 3886 562 3954 (Ea:
612 3886 837 3940 concilio
888 3885 1171 3949 Meldensi,
1203 3887 1380 3954 capite
1434 3886 1540 3954 IO.)
1597 3886 1674 3939 De
1712 3885 1802 3939 his
1833 3885 1935 3956 qui
1962 3901 2068 3956 pro

367 3974 572 4028 delicto
620 3989 724 4027 suo
777 3990 807 4026 a
839 3973 1242 4027 communione
1290 3977 1650 4042 separantur,
1706 3973 1787 4027 ita
1831 3974 2066 4044 placuit,

367 4070 431 4120 ut
458 4065 514 4118 in
546 4064 982 4135 quibuscunque
1015 4063 1153 4117 locis
1183 4063 1400 4118 fuerint
1447 4063 1677 4132 exclusi,
1711 4063 1916 4118 eodem
1944 4065 2068 4118 loco

366 4161 793 4224 consequantur
817 4151 1310 4206 communionem.

794 4242 922 4295 CAP.
953 4241 1115 4296 XLII.
1149 4271 1217 4279 —
1246 4243 1319 4295 De
1349 4240 1533 4294 eadem
1557 4257 1635 4296 re.

438 4330 557 4400 (Em
605 4329 826 4383 concilio
886 4331 1150 4393 Rotoma.,
1186 4331 1364 4398 capite
1412 4329 1488 4400 3.)
1541 4330 1686 4384 Sunt
1733 4329 1912 4401 aliqui
1963 4329 2064 4401 qui

365 4419 549 4488 culpis
605 4417 962 4488 exigentibus
1010 4418 1081 4472 ab
1128 4419 1400 4488 episcopo
1449 4419 1685 4489 proprio
1734 4434 2062 4473 excommu-

367 4506 653 4571 nicantur,
706 4509 764 4559 et
803 4506 872 4560 ab
925 4506 1052 4560 aliis
1105 4505 1518 4573 ecclesiasticis,
1571 4506 1658 4560 vel
1715 4506 1871 4560 laicis
1914 4521 2062 4576 prai-

365 4594 708 4665 sumptione,
778 4594 837 4648 in
903 4596 1374 4648 communionem
1448 4594 1830 4664 accipiuntur,
1907 4595 2062 4666 quod

365 4683 600 4738 omnino
629 4687 887 4736 sanctum
921 4684 1218 4737 Nicmnum
1251 4682 1579 4750 concilium,
1606 4682 1779 4736 simul
1811 4688 1866 4738 et
1894 4683 2062 4738 Chal-

363 4773 702 4836 cedonense,
765 4786 990 4824 necnon
1048 4775 1104 4825 et
1162 4769 1586 4825 Antiochenum
1633 4775 1818 4841 atque
1875 4771 2063 4826 Sardi-

363 4876 527 4914 cense
561 4860 682 4912 fieri
713 4859 1043 4929 prohibent.

779 4947 912 5002 CAP.
945 4946 1128 5000 XLIII.
1157 4976 1226 4986 —
1259 4949 1332 5001 De
1357 4945 1542 5001 eadem
1569 4962 1648 5001 re.

434 5038 544 5102 (Ex
589 5036 812 5090 concilio
860 5035 1149 5102 Carthag.,
1199 5037 1377 5103 capite
1415 5033 1491 5104 9.)
1549 5033 1901 5105 Augustinus
1945 5033 2062 5104 epi-

362 5139 566 5193 scopus
617 5123 835 5192 legatus
888 5120 1174 5174 Numidiae
1218 5120 1523 5191 provincia:
1555 5122 1738 5175 dixit:
1774 5121 1896 5176 Hoc
1947 5128 2058 5177 sta-

361 5216 521 5264 tuere
567 5208 910 5280 dignemini,
957 5209 1095 5263 utsi
1153 5209 1253 5279 qui
1288 5209 1431 5264 forte
1485 5210 1692 5264 merito
1739 5210 2058 5265 facinorum

360 5313 598 5352 suorum
627 5297 697 5350 ab
743 5297 987 5352 Ecclesia
1019 5297 1168 5368 pulsi
1219 5302 1372 5364 sunt,
1413 5301 1469 5351 et
1519 5297 1636 5351 sive
1689 5298 1760 5352 ab
1792 5299 2060 5370 episcopo

359 5387 556 5456 aliquo
587 5386 675 5439 vel
722 5388 1056 5456 presbytero
1100 5386 1316 5441 fuerint
1343 5386 1405 5440 in
1435 5386 1902 5441 communionem
1933 5404 2056 5442 sus-

359 5473 529 5546 cepti,
592 5473 767 5527 etiam
824 5474 946 5544 ipse
1000 5473 1129 5544 pari
1181 5491 1312 5529 cum
1367 5474 1448 5529 eis
1503 5473 1743 5528 crimine
1796 5479 2059 5530 teneatur

361 5560 665 5628 obnoxius,
722 5561 1140 5631 refugientibus
1196 5562 1287 5616 sui
1341 5562 1598 5634 episcopi
1649 5562 1914 5632 regulare
1958 5563 2056 5632 ju-

943 5742 968 5756 .

2183 3111 2344 3148 suam
2379 3112 2567 3150 coram
2619 3097 2736 3150 suis
2783 3098 3442 3153 excommunicatoribus
3489 3117 3602 3154 non
3643 3116 3848 3170 perege-

2183 3184 2318 3251 rint,
2365 3185 2476 3254 ipsi
2514 3185 2620 3238 sibi
2653 3185 2960 3240 audientiae
2989 3187 3257 3240 clausisse
3288 3189 3525 3242 aditum
3562 3189 3845 3243 videantur.

2182 3272 2344 3336 Quod
2395 3275 2441 3326 si
2472 3274 2758 3328 obstinato
2793 3275 2988 3328 animo
3036 3275 3157 3330 sine
3185 3279 3605 3331 communione
3633 3277 3848 3331 defuncti

2183 3361 2413 3428 fuerint,
2462 3379 2564 3415 nos
2603 3363 2758 3416 illius
2786 3379 3037 3428 causam,
3081 3366 3242 3435 juxta
3279 3366 3434 3420 beati
3488 3368 3683 3421 Leonis
3727 3381 3846 3436 prae.-

2183 3450 2494 3504 decessoris
2546 3452 2726 3505 nostri
2774 3453 3140 3521 sententiam,
3186 3454 3384 3508 divino
3441 3456 3656 3526 judicio
3703 3469 3848 3508 reser-

2181 3543 2395 3605 vantes,
2446 3539 2654 3609 quibus
2685 3539 2824 3593 vivis
2853 3557 2971 3594 non
3017 3543 3600 3613 eommuuicavimus,
3640 3542 3848 3597 mortuis

2180 3640 2297 3679 non
2326 3627 2752 3680 communicare
2783 3643 2950 3698 pOSSl]
2961 3644 3106 3683 mus.

2568 3714 2697 3769 CAP.
2729 3716 2962 3770 XLVIII.
2995 3747 3064 3756 ——
3099 3720 3167 3771 De
3190 3719 3378 3773 eadem
3410 3736 3492 3774 re.

2251 3801 2361 3873 (Ea:
2389 3801 2532 3856 decr.
2593 3803 2854 3871 ejusdem,
2907 3809 3085 3874 capite
3132 3807 3234 3873 l3.)
3295 3808 3364 3861 Hi
3412 3824 3571 3871 sane,
3605 3808 3699 3880 qui
3740 3811 3847 3861 ante

2179 3891 2530 3945 audientiam
2599 3892 3028 3947 communicare
3092 3896 3462 3963 tentaverint,
3541 3899 3714 3952 donec
3769 3911 3848 3966 per

2179 3979 2574 4050 pmnitentiam
2623 3985 2846 4035 reatum
2893 3998 3061 4036 suum
3111 3983 3382 4048 deﬂeant,
3416 3986 3486 4040 ad
3537 3984 3848 4040 communio-

2179 4084 2310 4122 nem
2346 4069 2505 4122 nullo
2538 4069 2707 4122 modo
2740 4069 3107 4137 reducantur,
3140 4078 3382 4142 excepto
3414 4076 3618 4128 mortis
3643 4071 3846 4127 interitu

2178 4161 2439 4227 urgente.
2491 4156 2600 4221 Qui
2641 4173 2777 4211 vero
2808 4159 3304 4214 excommunicato
3345 4162 3594 4216 scienter
3623 4175 3842 4216 commu-

2179 4244 2471 4309 nicaverit,
2503 4249 2560 4298 et
2588 4245 2795 4299 amodo
2838 4246 3038 4300 saltem
3086 4246 3146 4300 in
3176 4247 3350 4301 domo
3382 4250 3557 4303 simul
3615 4247 3840 4310 oraverit,

2177 4337 2348 4402 atque
2393 4332 2638 4386 latebras
2689 4333 3055 4395 defensionis,
3110 4350 3182 4388 ne
3228 4336 3496 4390 cominus
3544 4339 3611 4391 ad
3658 4334 3841 4389 satisfa-

2173 4420 2421 4474 ctionem
2453 4421 2820 4491 perducatur,
2857 4421 3188 4492 prmbuerit,
3231 4423 3413 4478 donec
3443 4426 3516 4479 ab
3551 4438 3838 4479 excommu-

2172 4510 2424 4563 nicatore
2478 4510 2876 4579 paenitentiam
2943 4511 3235 4581 suscipiat,
3300 4515 3566 4584 corporis
3629 4517 3682 4566 et
3732 4525 3838 4564 san-

2173 4597 2366 4667 guinis
2395 4597 2623 4651 Domini
2665 4598 3074 4652 communionc
3105 4599 3396 4670 privatum
3429 4619 3492 4656 se
3523 4618 3643 4656 esse
3669 4614 3838 4669 cogno-

2172 4691 2309 4750 scat,
2342 4690 2400 4739 et
2424 4685 2697 4739 delictum
2726 4687 3041 4741 secundum
3069 4704 3314 4742 canones
3345 4691 3644 4760 paeniteat.

2172 4789 2299 4844 CAP.
2328 4790 2503 4846 XLIX.
2541 4820 2608 4831 —
2640 4793 2706 4846 Ut
2737 4796 2990 4846 notentur
3018 4796 3606 4849 excommunicatorum
3635 4795 3837 4856 nomine,

2497 4867 2548 4915 et
2576 4865 2636 4914 in
2664 4863 2878 4928 foribus
2907 4865 3137 4918 ecclesia:
3159 4868 3544 4933 praeﬁgantur.

2245 4949 2356 5017 (Ea:
2379 4948 2524 5004 decr.
2557 4949 2805 5004 Honorii
2832 4967 3010 5020 papa,
3043 4955 3219 5020 capite
3247 4953 3360 5022 Η.)
3396 4955 3561 5008 ϐαι-αδ
3589 4954 3660 5008 sit
3686 4948 3839 5006 omni-

2169 5037 2278 5091 bus
2326 5037 2633 5109 episcopis,
2679 5040 3305 5094 excommunicatorum
3354 5043 3594 5096 nomine
3635 5039 3837 5094 omnino

2171 5127 2290 5178 tam
2345 5124 2549 5178 vicinis
2597 5124 2881 5195 episcopis
2929 5142 3103 5196 quam
3142 5127 3260 5180 suis
3306 5127 3668 5198 parochianis
3708 5123 3834 5195 pari-

2169 5216 2257 5265 ter
2303 5211 2578 5279 indicare,
2630 5229 2812 5284 eaque
2843 5214 2903 5267 in
2949 5215 3158 5269 celebri
3201 5216 3325 5270 loco
3383 5217 3570 5287 posita
3603 5231 3715 5286 prae
3765 5211 3832 5264 to-

2168 5299 2328 5353 ribus
2389 5301 2662 5369 ecclesise,
2728 5302 2944 5356 cunctis
3008 5303 3504 5370 convenientibus,
3560 5303 3830 5362 inculcare.

2169 5393 2454 5459 quatenus
2503 5390 2565 5444 iu
2601 5396 2847 5462 utraque
2886 5391 3206 5462 diligentia,
3257 5399 3314 5447 et
3359 5389 3831 5448 excommunicatis

2169 5476 2384 5547 ubique
2445 5477 2856 5533 ecclesiasticus
2915 5480 3142 5534 auditus
3185 5481 3541 5549 excludatur,
3597 5484 3651 5534 et
3691 5491 3830 5532 excu-

2167 5563 2404 5620 sationis
2432 5581 2604 5621 causa
2633 5567 2902 5623 omnibus
2927 5567 3235 5622 auferatur.
