3972 6192
185 344 299 397 869

1107 342 1585 399 DECRETORUM
1627 345 1811 401 LIBRI
1851 346 1959 402 XX.
1999 376 2069 385 —
2110 347 2321 403 LIBER
2358 346 2783 404 UNDECIMUS.

3587 359 3697 412 870

183 467 319 522 CAP.
356 468 413 522 L.
457 498 520 506 —
558 469 634 522 De
674 468 937 536 episcopo,
995 468 1092 536 qui
1147 471 1270 521 ante
1316 468 1566 521 damnati
1612 468 1901 523 absolutio-
1927 470 1970 521 A
2013 470 2236 539 egerint
2284 469 2704 541 paenitentiam,
2742 485 2985 540 regnum
3022 472 3117 526 Dei
3150 489 3262 528 non
3304 478 3694 545 possidebunt.

864 571 982 609 nem
1012 557 1223 609 abierit.
1766 614 1778 626 ,

259 643 368 711 (Ea:
393 646 617 697 concilio
672 643 1008 714 Epaonensi,
1074 646 1249 713 capite
1310 644 1417 713 10.)
1471 644 1528 697 Si
1589 643 1888 715 episcopus

181 738 320 785 ante
366 731 620 789 damnati
679 732 1124 797 absolutionem,
1181 732 1339 786 obitu
1394 732 1695 802 rapiatur:
1760 749 1887 786 cor-

180 825 436 891 reptum,
476 826 578 874 aut
608 821 980 890 pmnitentem
1014 836 1391 875 successorem
1449 821 1643 875 licebit
1703 822 1888 875 absol-

178 924 339 962 vere.

181 998 310 1051 CAP.
369 996 453 1050 LI.
512 1026 581 1036 —
630 1000 702 1051 De
747 998 862 1051 illis
914 999 1012 1065 qui
1051 1000 1513 1052 lea-communicati
1556 1001 1881 1053 moriuntur.

253 1086 372 1152 (Ea:
400 1083 599 1152 eodem,
633 1089 809 1153 capite
863 1084 971 1149 it.)
1004 1084 1061 1139 Si
1102 1085 1307 1155 aliquis
1366 1087 1886 1140 excommunicatus

179 1170 362 1225 fuerit
407 1177 685 1239 mortuus,
746 1172 844 1242 qui
884 1174 1007 1241 jam
1063 1173 1135 1226 sit
1160 1174 1471 1238 confessus,
1527 1180 1584 1227 et
1624 1174 1883 1228 testimo-

181 1259 349 1313 nium
382 1259 553 1313 habet
578 1260 819 1326 bonum,
852 1265 906 1313 et
938 1276 1052 1313 non
1098 1265 1323 1330 poterat
1352 1262 1546 1315 venire
1586 1263 1653 1315 ad
1694 1278 1880 1316 sacer-

178 1347 399 1413 dotem,
432 1347 531 1401 sed
579 1349 999 1418 praeoccupavit
1027 1364 1157 1402 eum
1191 1365 1344 1402 mors
1378 1350 1435 1402 in
1467 1350 1658 1416 domo,
1696 1351 1881 1404 autin

176 1436 289 1501 via,
351 1436 561 1490 faciant
631 1452 737 1506 pro
796 1452 864 1489 eo
919 1440 1198 1506 parentes'
1239 1439 1362 1508 ejus
1410 1438 1759 1493 oblationem
1814 1440 1882 1494 ad

176 1525 379 1591 altare,
410 1530 469 1579 et
505 1525 644 1579 dent
667 1526 1125 1595 redemptionem
1158 1542 1262 1596 pro
1286 1527 1540 1596 captivis.

630 1614 757 1667 CAP.
797 1614 907 1667 [ιιι.
939 1643 1006 1653 -
1037 1618 1108 1668 De
1137 1615 1322 1668 eadem
1350 1630 1425 1668 re.

248 1702 365 1771 (Em
390 1704 547 1770 epist.
598 1704 787 1756 Leonis
816 1718 992 1770 papae,
1043 1705 1221 1771 capite
1274 1703 1649 1772 2t.)[Horum
1712 1721 1879 1759 causa
1914 1743 1952 1796 Β

176 1790 518 1859 Deijudicio
576 1791 912 1843 reservanda
944 1796 1046 1857 est,
1098 1791 1155 1844 in
1201 1791 1362 1860 cujus
1418 1808 1588 1846 manu
1640 1793 1765 1860 fuit,
1824 1799 1884 1848 ut

173 1878 380 1931 talium
438 1879 629 1932 obitus
682 1894 864 1948 usque
937 1879 1008 1932 ad
1067 1880 1487 1933 communionis
1561 1882 1881 1936 remedium

173 1981 291 2019 non
347 1965 692 2021 differretur.
739 1968 849 2021 Nos
898 1973 1089 2021 autem
1122 1969 1331 2038 quibus
1376 1970 1700 2024 viventibus
1765 1988 1880 2025 non

172 2055 747 2121 communicavimus,
807 2057 1047 2109 mortuis
1101 2057 1528 2112 communicare
1578 2056 1688 2112 non
1746 2075 1878 2130 pos-

172 2158 398 2196 sumus.

497 2232 625 2287 CAP.
662 2231 799 2285 LIII.
825 2262 893 2271 —-
936 2235 1007 2286 De
1039 2234 1257 2298 furibus
1288 2238 1337 2287 et
1365 2235 1555 2299 furtis.

243 2320 359 2389 (Em
406 2320 571 2374 dictis
632 2322 891 2391 August.)
952 2322 1103 2375 Dixit
1162 2322 1439 2376 Dominus
1492 2324 1560 2377 ad
1604 2324 1874 2394 Moysen:

170 2408 432 2478 Accipiat
462 2410 857 2479 unusquisque
906 2425 939 2462 a
986 2410 1267 2479 proximo,
1318 2416 1374 2463 et
1434 2416 1697 2480 proxima
1748 2430 1881 2466 vasa

173 2500 470 2566 argentea,
504 2502 560 2550 et
600 2514 793 2562 aurea,
827 2502 883 2551 et
925 2503 1125 2564 vestes,
1160 2504 1266 2551 etc.
1319 2500 1441 2552 Non
1474 2500 1605 2553 hinc
1637 2501 1878 2571 quisque

170 2587 507 2655 exemplum
540 2585 882 2639 sumendum
915 2591 1116 2655 putare
1165 2586 1333 2639 debet
1361 2588 1429 2640 ad
1472 2589 1876 2657 expoliendum

168 2674 525 2743 proximum,
567 2674 673 2726 hoc
717 2673 867 2727 enim
919 2675 1067 2727 Deus
1090 2674 1280 2743 jussit,
1334 2675 1433 2744 qui
1478 2682 1710 2730 noverat
1739 2678 1877 2747 quid

167 2777 463 2831 quemque
548 2762 671 2831 pati
736 2767 1047 2831 oporteret.
1130 2764 1240 2816 Nec
1287 2764 1557 2817 Israelitaa
1597 2765 1874 2832 fecerunt,

167 2850 262 2903 sed
318 2850 435 2902 Deo
476 2849 705 2918 jubenti
735 2850 1120 2904 ministerium
1168 2851 1560 2920 praebuerunt,
1598 2855 1876 2922 quemad-

166 2937 411 2991 modum
466 2953 597 2991 cum
671 2938 937 2992 minister
1007 2939 1212 2994 occidit
1282 2956 1414 2993 eum
1462 2957 1633 3011 quem
1699 2942 1875 3012 judex

160 3026 339 3095 jussit
367 3025 566 3079 occidi.

596 3114 725 3169 CAP.
760 3115 887 3169 LIV.
928 3146 999 3155 —
1032 3119 1106 3170 De
1136 3116 1321 3171 eadem
1358 3133 1434 3172 re.

236 3203 360 3273 (Ea:
407 3203 567 3257 dictis
623 3204 910 3273 ejusdem.)
962 3205 1187 3258 Pcenale
1240 3204 1324 3259 est
1370 3206 1585 3260 occulte
1625 3206 1869 3275 auferre,

165 3292 353 3345 multo
387 3291 617 3361 majoris
647 3308 831 3361 paene
878 3298 960 3346 est
998 3293 1303 3347 visibiliter
1342 3294 1581 3365 eripere.
1633 3297 1871 3350 Auferre

165 3394 305 3448 ergo
355 3378 595 3445 nolenti,
645 3379 758 3433 sive
806 3382 1047 3448 occulte,
1099 3397 1199 3434 seu
1256 3383 1464 3451 palam,
1515 3384 1687 3437 habet
1722 3400 1873 3455 pras-

164 3476 396 3537 ceptum
429 3484 615 3521 suum.
668 3468 822 3521 Furti
864 3469 1019 3522 enim
1061 3469 1293 3523 nomine
1354 3487 1501 3539 pene
1530 3471 1874 3542 intelligitur

166 3555 359 3609 omnis
389 3556 585 3609 illicita
615 3557 910 3627 usurpatio
932 3558 1015 3611 rei
1042 3558 1262 3612 alienae.
1317 3560 1439 3612 Non
1502 3560 1656 3613 enim
1717 3561 1871 3630 rapi-

166 3660 299 3697 nam
336 3643 613 3713 permisit,
656 3644 757 3715 qui
791 3645 1008 3698 furtum
1062 3646 1377 3715 prohibuit,
1431 3648 1525 3701 sed
1560 3647 1665 3701 sub
1736 3649 1873 3702 furti

164 3732 404 3785 nomine
431 3732 690 3801 rapinam
724 3732 971 3802 intelligi
1003 3733 1199 3787 voluit.
1233 3737 1278 3788 Α
1310 3739 1470 3804 parte
1500 3736 1652 3789 enim
1684 3740 1870 3790 totum

164 3819 509 3890 significavit
537 3820 817 3891 quidquid
848 3821 1124 3875 aufertur.

639 3909 765 3962 CAP.
793 3910 897 3963 LV.
928 3939 995 3949 —
1019 3913 1091 3964 De
1116 3910 1299 3964 eadem
1329 3926 1409 3964 ae.

234 3998 344 4063 (Ea:
363 3995 527 4049 dictis
552 3996 831 4064 Hierony.)
865 3998 977 4051 Fur
1006 4004 1196 4053 autem
1252 4016 1365 4053 non
1415 3999 1602 4053 solum
1652 3999 1712 4054 in
1744 4016 1874 4054 ma-

159 4082 403 4151 joribus,
448 4085 543 4138 sed
576 4086 635 4138 in
667 4086 982 4140 minoribus
1011 4087 1181 4141 etiam
1207 4088 1519 4158 judicatur.
1556 4090 1680 4143 Non
1715 4091 1871 4144 enim

165 4172 317 4241 quod
348 4172 500 4226 furto
530 4172 783 4227 ablatum
838 4180 939 4242 est,
974 4176 1072 4229 sed
1120 4192 1280 4229 mens
1328 4177 1569 4230 furentis
1625 4178 1870 4232 attendi-

162 4264 257 4312 tur
292 4276 306 4313 :
340 4262 628 4331 quomodo
668 4261 725 4315 in
779 4262 1177 4330 fornicatione,
1214 4280 1331 4317 non
1387 4265 1595 4319 idcirco
1648 4266 1869 4321 diversa

162 4347 224 4401 ﬁt
292 4347 615 4414 fornicatio,
650 4349 696 4402 si
732 4350 939 4404 mulier
988 4352 1228 4420 pulchra
1284 4357 1381 4406 aut
1435 4353 1726 4420 deformis,
1767 4371 1864 4408 an-

162 4436 293 4489 cilla
324 4446 424 4491 aut
450 4438 722 4509 ingenua,
772 4456 992 4510 pauper
1032 4446 1130 4494 aut
1159 4442 1431 4511 opulenta
1462 4459 1473 4496 :
1508 4443 1607 4496 sed
1646 4445 1865 4513 qualis-

160 4540 392 4594 cnnque
423 4527 520 4579 illa
546 4526 738 4593 fuerit,
791 4544 905 4581 una
944 4534 1028 4582 est
1075 4530 1395 4583 fornicatio.
1448 4532 1530 4584 Ita
1582 4531 1639 4583 in
1689 4531 1861 4599 furto,

160 4619 677 4685 quantumcunque
700 4617 826 4686 quis
853 4618 1171 4683 abstulerit,
1195 4618 1333 4672 furti
1354 4620 1570 4673 crimen
1600 4618 1859 4675 incurrit.

604 4704 731 4758 CAP.
768 4706 895 4758 LVI.
932 4734 1001 4746 —
1031 4706 1110 4759 De
1137 4707 1321 4760 eadem
1348 4723 1424 4761 re.

231 4788 357 4853 (Ea:
385 4793 752 4857 paenitentiali
788 4792 1089 4860 Theodori.)
1139 4793 1194 4847 Si
1247 4794 1376 4863 quis
1419 4810 1524 4864 per
1564 4796 1861 4849 necessita-

158 4880 277 4929 tem
328 4878 551 4931 furatus
610 4880 783 4933 fuerit
838 4880 1071 4946 cibaria,
1126 4882 1211 4934 vel
1268 4888 1501 4949 vestem,
1556 4883 1643 4937 vel
1690 4901 1865 4954 pecus

162 4970 405 5034 propter
434 4966 665 5033 famem,
694 4974 793 5021 aut
839 4985 942 5037 per
968 4970 1308 5035 nuditatem,
1342 4972 1617 5040 poeniteat
1646 4972 1865 5027 hebdo-

161 5053 361 5106 madas
383 5058 496 5107 tres
523 5071 535 5108 :
571 5055 616 5107 si
650 5056 981 5122 reddiderit,
1005 5074 1119 5110 non
1153 5064 1393 5127 cogatur
1416 5060 1703 5130 jejunare.

602 5145 729 5198 CAP.
757 5146 904 5199 LVII.
935 5175 1003 5185 —
1036 5151 1111 5200 De
1148 5148 1331 5201 eadem
1356 5164 1434 5203 re.

231 5229 347 5295 (Ex
371 5232 592 5285 concilio
627 5235 873 5295 Aurelia,
899 5237 1074 5302 capite
1099 5234 1168 5303 8.)
1199 5236 1335 5288 Nam
1361 5235 1405 5287 si
1426 5234 1557 5305 quis
1574 5234 1861 5304 publicam

158 5318 423 5386 rapinam
481 5335 576 5372 seu
634 5320 850 5374 furtum
912 5322 1130 5388 fecerit,
1194 5323 1481 5393 publicam
1550 5323 1683 5376 inde
1735 5329 1863 5392 agat

158 5406 580 5472 penitentiam,
614 5408 775 5477 juxta
805 5415 1132 5465 sanctorum
1185 5427 1470 5464 canonum
1512 5411 1857 5467 sanctiones.

156 5492 212 5544 Si
255 5509 389 5547 vero
420 5496 658 5562 occulte,
688 5497 1049 5553 sacerdotum
1091 5499 1333 5553 concilio
1366 5500 1640 5569 paeniteat
1672 5515 1861 5570 :quo-

156 5580 315 5635 niam
348 5588 627 5653 raptores,
687 5588 750 5639 ut
802 5587 1108 5658 Apostolus
1163 5587 1260 5655 ait,
1322 5587 1434 5642 nisi
1476 5586 1610 5642 inde
1666 5603 1859 5642 veram

2002 558 2109 622 Qui
2168 575 2302 612 vero
2359 559 2427 611 de
2491 560 2657 612 rebus
2720 560 3085 613 ecclesiarum
3131 563 3345 633 aliquid
3382 567 3697 635 abstulerit,

1999 647 2224 717 gravius
2253 648 2541 717 judicetur
2575 665 2587 702 :
2630 649 2763 718 quia
2796 650 3056 719 quamvis
3082 651 3221 704 ultio
3251 652 3439 706 furum
3483 660 3539 707 et
3569 672 3698 726 rap-

1997 738 2188 788 torum
2246 736 2317 789 ad
2375 737 2612 789 comites
2665 738 2947 808 respiciat,
3012 739 3352 807 paenitentia
3391 746 3580 794 tamen
3631 741 3700 795 ad

1998 823 2293 895 episcopos
2322 826 2591 895 pertinet.

2422 913 2552 967 cn.
2579 913 2761 967 Lvm.
2798 944 2861 953 —
2884 916 2956 967 De
2984 903 3167 969 eadem
3184 930 3260 971 re.

2068 1001 2174 1069 (Ea:
2197 1002 2564 1069 paenitentiali
2598 1002 2901 1072 Theodori.)
2924 1002 2981 1056 Si
3011 1004 3140 1072 quis
3185 1005 3405 1057 furtum
3456 1005 3697 1076 capitale

1995 1089 2362 1156 commiserit,
2398 1090 2451 1143 id
2494 1095 2600 1155 est,
2661 1090 3058 1160 quadrupi-dia
3111 1091 3327 1158 tulerit,
3381 1093 3468 1145 vel
3542 1108 3698 1147 casas

1994 1177 2301 1247 effregerit,
2333 1184 2546 1248 septem
2580 1195 2758 1231 annos
2790 1180 3063 1249 pmuiteat
3098 1196 3110 1232 :
3144 1185 3200 1233 et
3240 1180 3393 1250 quod
3442 1180 3696 1235 furatum

1995 1271 2097 1333 est,
2131 1266 2348 1320 reddat.
2385 1266 2443 1321 Si
2475 1267 2601 1338 quis
2625 1284 2758 1320 vero
2788 1268 2857 1320 de
2890 1268 3208 1321 minoribus
3259 1270 3433 1322 semel
3474 1274 3572 1322 aut
3609 1270 3697 1323 bis

1992 1354 2208 1407 furtum
2243 1355 2455 1421 fecerit,
2506 1356 2704 1409 reddat
2733 1356 2885 1426 quod
2939 1357 3091 1422 tulit,
3133 1362 3190 1409 et
3237 1372 3452 1410 annum
3516 1374 3695 1413 unum

1991 1442 2287 1511 paeniteat,
2330 1443 2417 1496 vel
2447 1442 2491 1495 si
2519 1444 2645 1513 quis
2689 1444 3054 1513 sepulchrum
3094 1444 3410 1511 violaverit,
3461 1447 3549 1499 Vll
3593 1463 3694 1499 an-

1992 1546 2097 1583 nos
2128 1530 2421 1600 pmniteat,
2463 1536 2576 1584 tres
2604 1547 2667 1584 ex
2695 1531 2784 1583 his
2812 1531 2869 1583 in
2901 1547 3047 1600 pane
3079 1536 3134 1584 et
3163 1548 3329 1602 aqua.

2428 1619 2553 1672 CAP.
2591 1619 2722 1673 LIX.
2760 1649 2829 1657 -—
2862 1620 2942 1673 De
2966 1619 3150 1673 eadem
3172 1636 3249 1672 re.

2062 1707 2173 1773 (Ea:
2192 1706 2421 1760 concilio
2456 1707 2721 1774 Triburi.,
2775 1711 2952 1776 capite
2984 1711 3013 1761 5
3040 1711 3060 1774 )
3085 1709 3256 1761 Fures
3314 1712 3371 1761 et
3419 1707 3689 1772 latrones,

1994 1793 2039 1847 si
2070 1793 2129 1847 in
2160 1795 2403 1849 furando
2434 1800 2489 1848 et
2519 1796 2829 1866 prazdando
2872 1796 3221 1863 occidentur,
3254 1794 3437 1848 visum
3476 1801 3561 1849 est
3588 1812 3694 1865 pro

1993 1881 2075 1934 eis
2131 1898 2246 1936 non
2294 1884 2597 1939 orandum.
2657 1883 2716 1937 Si
2767 1884 3182 1954 comprehensi,
3242 1888 3342 1937 aut
3387 1884 3693 1949 vulnerati,

1991 1971 2343 2041 presbytero,
2377 1973 2463 2025 vel
2503 1972 2741 2026 diacono
2771 1973 3012 2026 confessi
3060 1973 3295 2036 fuerint,
3338 1973 3695 2026 communio-

1989 2074 2121 2112 nem
2155 2059 2238 2112 eis
2269 2075 2387 2113 non
2419 2075 2716 2129 negamus.

2455 2149 2588 2201 CAP.
2627 2149 2810 2201 LX.-—-
2844 2150 2919 2203 De
2939 2148 3121 2201 eadem
3151 2165 3228 2202 re.

2061 2235 2170 2305 (Ea:
2221 2238 2444 2290 concilio
2497 2238 2803 2301 Aureliam,
2852 2239 3028 2304 capite
3060 2238 3133 2305 l.)
3179 2236 3237 2289 Si
3285 2236 3377 2289 fur
3406 2240 3505 2289 aut
3549 2237 3691 2289 latro

1988 2330 2187 2393 captus
2217 2324 2275 2377 in
2330 2324 2547 2395 praeda,
2596 2325 2811 2394 absque
2859 2323 3153 2377 occasione
3204 2329 3390 2393 potest
3439 2340 3693 2393 compre-

1990 2413 2186 2478 hendi,
2220 2417 2277 2466 et
2306 2418 2500 2467 tamen
2531 2413 2873 2466 interficitur
2906 2429 2918 2466 :
2952 2412 3089 2482 quia
3128 2413 3197 2465 ad
3229 2412 3539 2482 imaginem
3591 2413 3692 2467 Dei

1988 2502 2191 2569 creati,
2243 2507 2298 2554 et
2343 2502 2401 2554 in
2438 2502 2673 2555 nomine
2718 2504 2839 2570 ejus
2874 2501 3145 2570 baptizati
3176 2504 3329 2565 sunt,
3363 2500 3689 2553 interfecto-

1990 2604 2078 2642 res
2106 2606 2303 2643 eorum
2334 2591 2416 2643 XL
2450 2590 2649 2643 diebus
2683 2606 2798 2642 non
2852 2591 3069 2642 intrent
3128 2589 3469 2642 Ecclesiam:
3528 2590 3691 2643 lanea

1986 2682 2140 2730 veste
2166 2677 2371 2743 induti,
2405 2677 2472 2730 ab
2528 2678 2669 2731 escis
2714 2683 2769 2730 et
2798 2677 3048 2747 polibus,
3079 2677 3174 2747 qui
3208 2676 3496 2730 interdicti
3536 2680 3687 2738 sunt,

1988 2783 2020 2819 a
2049 2767 2235 2831 thoro,
2266 2783 2299 2819 a
2332 2766 2548 2835 gladio,
2600 2769 2655 2818 et
2683 2767 2938 2835 equitatu
2986 2782 3044 2818 se
3078 2766 3423 2819 abstineant.
3476 2766 3539 2818 In
3590 2766 3683 2818 Ill.

1988 2854 2048 2907 V.
2082 2854 2245 2919 feria,
2308 2860 2364 2907 et
2414 2854 2668 2920 sabbato,
2696 2855 2890 2924 aliquo
2924 2869 3134 2923 genere
3177 2854 3558 2923 leguminum,
3601 2854 3683 2906 vel

1986 2938 2264 3006 h'olerum,
2301 2948 2357 2995 et
2385 2941 2595 3012 pomis,
2628 2942 2929 3012 parvisque
2970 2941 3257 3012 pisciculis
3304 2956 3432 2994 cum
3480 2941 3688 2993 medio-

1906 3018 1946 3072 Ο
1985 3030 2066 3083 cri
2134 3030 2369 3083 cervisia
2432 3029 2680 3083 vicissim
2752 3035 2989 3083 utantur
3053 3033 3109 3082 et
3172 3034 3511 3098 temperate.
3589 3028 3687 3081 Sin

1981 3124 2174 3172 autem
2216 3136 2247 3172 a
2294 3118 2557 3172 veridicis
2603 3118 3013 3188 comprobatur
3058 3117 3324 3183 testibus,
3377 3117 3526 3187 quod
3564 3116 3687 3169 sine

1980 3207 2097 3260 odii
2124 3206 2496 3260 meditatione
2548 3223 2626 3271 se,
2655 3223 2870 3276 suaque
2924 3206 3221 3259 liberando
3257 3204 3468 3259 diaboli
3506 3220 3685 3257 mem-

1980 3295 2083 3350 bra
2112 3294 2485 3360 interficiunt,
2518 3300 2574 3348 et
2613 3296 2739 3365 capi
2782 3312 2894 3349 non
2936 3299 3223 3365 poterant,
3283 3293 3685 3364 paenitentiam

1981 3400 2084 3454 pro
2115 3384 2426 3437 homicidio
2459 3384 2539 3437 eis
2570 3383 2949 3453 injungimus,
2984 3382 3094 3435 nisi
3123 3381 3233 3451 ipsi
3272 3382 3560 3435 voluerint
3590 3381 3688 3434 ali-

1981 3472 2121 3541 quid
2170 3472 2321 3541 quod
2368 3472 2741 3524 humanitatis
2790 3478 2875 3525 est
2923 3471 3147 3524 facere:
3182 3476 3233 3523 et
3286 3470 3333 3521 si
3389 3470 3687 3539 presbyter

1981 3562 2083 3622 est,
2110 3574 2222 3610 non
2254 3558 2598 3626 deponatur,
2624 3559 2840 3612 cunctis
2891 3564 3084 3611 tamen
3122 3558 3257 3610 vitae
3301 3573 3418 3610 sua:
3484 3557 3685 3611 diebus

1982 3646 2378 3716 paenitentiam
2411 3650 2562 3715 agat.

2421 3734 2547 3791 CAP.
2586 3735 2711 3788 LXI.
2746 3764 2812 3772 —
2844 3736 2914 3787 De
2944 3732 3128 3787 eadem
3164 3748 3239 3786 re.

2054 3824 2129 3892 (In
2162 3822 2349 3877 Exodo
2388 3823 2637 3889 dicitur.)
2686 3822 2741 3876 Si
2774 3821 3095 3891 infringens
3124 3821 3218 3874 fur
3267 3819 3527 3885 domum,
3569 3819 3683 3871 sive

1981 3910 2256 3965 effodiens
2312 3911 2486 3965 fuerit
2514 3910 2809 3978 ;_inventus
2863 3914 2920 3963 et
2960 3913 3191 3980 accepto
3236 3910 3473 3961 vulnere
3528 3923 3681 3960 mor-

1981 4004 2114 4053 tuus
2142 4000 2337 4068 fuerit,
2376 4014 2677 4070 percussor
2712 4014 2828 4052 non
2860 3998 2969 4052 erit
3007 4014 3137 4051 reus
3163 3996 3480 4067 sanguinis.
3523 3996 3681 4060 Quod

1980 4088 2027 4141 si
2059 4092 2183 4141 orto
2218 4088 2337 4140 sole
2365 4086 2584 4150 fecerit,
2619 4085 2993 4139 homicidium
3036 4084 3409 4155 perpetravit,
3458 4089 3513 4137 et
3557 4084 3679 4153 ipse

1982 4176 2276 4231 morietur.
2313 4175 2371 4229 Si
2411 4192 2527 4229 non
2575 4174 2842 4229 habuerit
2897 4174 3047 4245 quod
3100 4189 3202 4244 pro
3249 4173 3403 4227 furto
3456 4172 3677 4238 reddat,

1979 4263 2419 4319 venundabitur.
2462 4263 2521 4317 Si
2568 4263 2861 4317 inventum
2920 4262 3093 4315 fuerit
3140 4262 3289 4331 apud
3340 4276 3471 4315 eum
3528 4260 3678 4330 quod

1977 4353 2197 4406 furatus
2231 4355 2333 4418 est,
2368 4352 2580 4418 vivens,
2615 4351 2729 4404 sive
2776 4350 2899 4417 bos,
2933 4350 3050 4404 sive
3103 4350 3315 4416 asinus,
3376 4348 3492 4403 sive
3537 4348 3676 4414 ovis,

1977 4441 2216 4510 duplum
2240 4441 2505 4494 restituet

2047 4530 2172 4584 CAP.
2208 4530 2357 4586 LXlI.
2390 4559 2457 4568 —
2486 4531 2558 4583 De
2578 4543 2727 4583 servo
2762 4531 2858 4597 qui
2875 4530 3083 4597 fugerit
3102 4528 3385 4583 dominum
3427 4542 3603 4582 suum.

2048 4621 2155 4683 (Ea:
2210 4619 2368 4687 epist.
2425 4617 2700 4685 Hierony.)
2762 4618 2833 4670 Ex
2884 4617 3123 4686 epistola
3188 4615 3539 4685 Hieronymi,
3605 4615 3676 4669 ad

1977 4705 2272 4760 Pacasium
2312 4706 2780 4759 Alexandrinum.
2818 4706 2893 4757 De
2941 4720 3103 4757 servo
3151 4704 3250 4774 qui
3297 4704 3510 4771 fugerit
3571 4704 3674 4756 do-

1974 4794 2195 4848 minum
2231 4810 2401 4847 suum
2432 4792 2842 4861 interrogabas,
2878 4791 2924 4844 si
2966 4792 3061 4845 ille
3092 4791 3151 4844 in
3196 4792 3291 4844 illa
3347 4791 3485 4860 fuga
3518 4806 3673 4843 mor-

1973 4887 2106 4935 tuus
2131 4880 2322 4945 fuerit,
2374 4884 2567 4933 utrum
2609 4878 2739 4931 licet
2786 4894 2892 4947 pro
2933 4894 3000 4931 eo
3050 4894 3233 4944 orare,
3267 4894 3339 4930 an
3388 4892 3522 4929 non.
3560 4878 3673 4929 Hoc

1971 4970 2033 5025 in
2085 4970 2289 5024 divinis
2346 4967 2505 5022 libris
2563 4983 2675 5019 non
2736 4966 3061 5021 invenimus
3136 4965 3515 5037 prohibitum,
3574 4965 3671 5018 sed

1972 5063 2167 5113 tamen
2198 5058 2409 5111 scimus
2454 5056 2526 5109 ab
2585 5055 2856 5125 apostolis
2905 5055 3149 5109 ﬁrmiter
3201 5058 3577 5124 praeceptum,
3612 5058 3672 5106 ut

1973 5146 2119 5200 servi
2177 5144 2389 5199 subditi
2445 5143 2558 5196 sint
2614 5144 2671 5197 in
2721 5143 2881 5197 omni
2934 5144 3143 5196 timore
3199 5141 3492 5196 dominis:
3552 5156 3670 5194 non

1971 5238 2195 5288 tantum
2229 5233 2393 5287 bonis
2436 5238 2492 5286 et
2540 5232 2829 5297 modestis,
2861 5231 2956 5285 sed
2988 5232 3161 5284 etiam
3214 5229 3475 5283 discedis.
3513 5230 3579 5283 Et
3608 5229 3671 5282 in

1972 5321 2289 5391 Gangrensi
2327 5321 2570 5374 concilio
2604 5322 2681 5373 ita
2713 5320 2987 5389 scriptum
3016 5323 3102 5372 est
3130 5333 3142 5371 :
3179 5318 3236 5372 Si
3270 5317 3399 5387 quis
3439 5332 3670 5371 servum

1970 5413 2076 5465 sub
2119 5415 2397 5480 praetextu
2446 5409 2624 5463 divini
2683 5409 2868 5462 cultus
2915 5408 3116 5461 doceat
3172 5406 3470 5461 dominum
3526 5422 3668 5476 pro-

1969 5500 2164 5569 prium
2230 5504 2620 5565 contemnere,
2655 5502 2718 5551 ut
2747 5494 3001 5550 discedat
3058 5495 3129 5549 ab
3183 5495 3308 5566 ejus
3361 5495 3664 5565 obsequio,

1970 5587 2274 5641 anathema
2304 5587 2395 5640 sit.
2430 5585 2586 5640 Unde
2613 5584 2783 5639 datur
2828 5582 3078 5653 intelligi
3115 5584 3269 5653 quod
3300 5582 3350 5638 si
3399 5583 3497 5638 ille
3528 5597 3669 5637 ana-
