3972 6192
390 311 486 362 871
1481 302 1882 358 BURCIIARDI
1923 301 2452 360 WORMACIENSIS
2491 303 2824 360 EPISCOPI.
3746 315 3827 366 δη

387 430 581 484 thema
609 426 842 491 meruit,
875 425 974 497 qui
1004 426 1169 481 docet
1193 440 1420 480 servum
1459 423 1757 495 proprium
1783 423 2078 478 dominum
2113 427 2158 479 A
2200 426 2458 481 Ecclesiae
2510 427 2677 480 Petro
2721 425 3036 481 venerabili
3085 425 3368 497 episcopo.
3427 429 3534 482 Hoc
3597 438 3829 502 quatenus

387 523 753 571 contemnere
796 520 852 570 et
909 515 980 569 ab
1034 516 1156 585 ejus
1211 513 1484 584 obsequio
1533 513 1816 578 recedere,
1867 517 2082 584 quanto

385 606 568 676 magis
599 605 693 658 ille
753 604 854 674 qui
913 603 1218 658 Dominum
1277 601 1495 672 spernit
1542 605 1598 655 et
1665 601 1788 672 ejus
1855 601 2085 656 servitio

387 695 553 749 subdi
581 692 876 748 noluerit?
901 692 1012 746 Sed
1067 696 1263 746 tamen
1313 689 1580 744 distantia
1609 695 1692 744 est
1729 690 1882 744 inter
1920 690 2082 744 illum

389 784 488 856 qui
516 799 619 854 per
651 781 982 852 superbiam
1025 779 1241 846 fecerit,
1280 783 1336 833 et
1361 779 1522 833 illum
1556 778 1657 850 qui
1706 795 1810 850 per
1837 778 2083 833 necessi-

385 879 562 928 tatem
595 876 822 926 coactus
851 869 1186 924 crudelitate
1215 867 1435 923 domini
1455 868 1567 922 sui.

387 965 514 1019 CAP.
542 962 718 1016 LXIII.
759 990 828 1000 —-
861 960 940 1013 De
984 960 1210 1023 clericis,
1255 960 1305 1012 si
1343 960 1399 1011 in
1431 956 1781 1011 demoliendis
1822 957 2085 1026 sepulcris

916 1048 1283 1116 comprehensi
1311 1049 1538 1114 fuerint.

456 1140 564 1210 (Ea:
589 1139 808 1192 concilio
843 1138 1104 1200 Toletan.,
1179 1139 1355 1206 capite
1410 1135 1524 1206 45.)
1571 1135 1783 1206 Siquis
1846 1133 2086 1188 clericus

383 1228 445 1283 in
470 1227 850 1282 demoliendis
901 1225 1216 1295 sepulchris
1263 1224 1435 1278 fuerit
1478 1225 1908 1294 deprehensus:
1951 1223 2087 1291 quia

382 1313 604 1368 facinus
634 1315 738 1369 hoc
785 1331 888 1384 pro
918 1315 1212 1384 sacrilegio
1248 1313 1468 1383 legibus
1511 1312 1756 1382 publicis
1804 1312 2084 1380 sanguine

383 1403 724 1470 vindicatur,
763 1403 1070 1474 oportetin
1100 1403 1198 1456 tali
1245 1403 1455 1456 scelere
1513 1401 1804 1472 proditum
1837 1418 1868 1454 a
1923 1400 2085 1454 cleri-

383 1495 540 1544 catus
580 1491 778 1545 ordine
821 1491 1166 1560 submoveri,
1202 1495 1258 1546 et
1288 1490 1641 1562 poenitentiae
1690 1489 1938 1544 triennio
1984 1490 2084 1544 de-

383 1579 596 1648 putari.

2200 515 2391 586 aliquo
2447 513 2620 569 modo
2653 513 2930 570 diabolica
2977 515 3197 569 semina
3251 515 3312 568 in
3366 517 3560 570 nostris
3618 522 3830 590 partibus

2195 609 2392 658 exorta
2449 604 2782 675 exstirpare,
2833 609 2892 658 et
2951 604 3387 659 nefandissimas
3440 607 3829 665 machinationes

2195 693 2579 764 quorumdam
2641 708 3040 764 perversorum
3089 694 3390 747 hominum
3442 695 3643 762 sedare,
3681 701 3730 750 et
3753 700 3830 753 eli-

2193 781 2470 834 minando
2502 797 2750 852 purgare
2780 781 3032 835 deberet.
3074 782 3377 835 Transacto
3407 781 3574 851 igitur
3609 783 3830 840 triduano

2189 869 2434 940 jejunio,
2491 873 2547 924 et
2595 869 2766 923 sacris
2821 869 3075 923 lithaniis
3122 886 3280 924 more
3333 870 3520 923 debito
3565 872 3830 940 celebratis,

2193 959 2566 1014 convenimus
2591 958 2653 1012 in
2679 958 2926 1013 Ecclesia
2977 959 3157 1012 sancti
3203 959 3435 1013 Joannis
3493 961 3748 1030 Baptistae,
3794 971 3834 1016 et

2196 1047 2381 1101 mresti
2412 1047 2799 1102 consedimus.
2841 1047 2982 1100 Tum
3023 1047 3257 1101 demum
3305 1046 3569 1116 praefatus
3600 1047 3649 1102 S.
3698 1049 3832 1116 Petri,

2195 1141 2251 1190 et
2280 1136 2500 1190 domini
2536 1135 2770 1190 Joannis
2811 1151 2976 1206 papae
3018 1135 3244 1200 missus,
3301 1135 3591 1205 proferens
3632 1137 3831 1191 chartam

2197 1225 2522 1295 apostolicis
2555 1225 2759 1280 litteris
2816 1223 3150 1294 inscriptam
3205 1241 3317 1295 qua
3364 1224 3729 1291 monebamur,
3761 1242 3832 1278 ar-

2196 1314 2537 1384 guebamur,
2571 1319 2626 1368 et
2676 1313 3125 1382 instruebamur,
3183 1312 3253 1367 de
3287 1312 3548 1366 omnibus
3574 1313 3639 1367 ad
3685 1330 3830 1368 veram

2196 1403 2536 1474 religionem
2564 1403 2901 1458 Christiana».
2954 1402 3092 1457 ﬁdei
3136 1401 3570 1472 pertinentibus.
3602 1402 3720 1466 Quae
3743 1419 3828 1455 om.

2197 1491 2291 1545 nia
2323 1493 2620 1562 utjustum
2655 1497 2711 1546 et
2757 1492 2995 1560 dignum
3029 1497 3170 1556 erat,
3204 1491 3500 1545 humiliter
3547 1490 3828 1561 accepimus,

2196 1580 2504 1650 diligenter
2534 1580 2915 1643 tractavimus,
2961 1584 3017 1632 et
3068 1580 3272 1633 devoto
3317 1580 3518 1634 affectu
3565 1579 3831 1632 omnimodo

384 1668 510 1723 CAP.
545 1669 718 1722 LXIV.
739 1697 805 1708 ——
836 1673 908 1724 De
931 1670 1159 1734 clericis,
1183 1673 1278 1722 aut
1305 1669 1599 1734 monachis,
1624 1669 1674 1722 si
1693 1669 1904 1734 furtum
1942 1667 2082 1734 fece-
2121 1709 2160 1764 Β
2203 1671 2709 1738 amplectebamur.
2744 1670 2888 1738 Ergo
2920 1667 3308 1739 evangelicam
3356 1667 3759 1739 praeceptionem
3792 1672 3833 1720 et

1165 1760 1297 1811 rint.

458 1848 566 1912 (Ea:
597 1847 818 1899 concilio
849 1846 1144 1914 Agathen.,
1179 1848 1354 1916 capite
1375 1845 1448 1913 2.)
1474 1846 1532 1900 Si
1566 1845 1694 1916 quis
1724 1844 1962 1899 clericus
1988 1857 2092 1907 aut

385 1934 698 1988 monachus
729 1934 945 1988 furtum
989 1935 1202 2001 fecerit,
1263 1935 1414 2005 quod
1470 1935 1662 2004 potius
1719 1933 2085 2004 sacrilegium

385 2023 495 2076 dici
527 2026 732 2093 potest,
757 2022 811 2076 id
836 2023 1165 2076 censuimus
1195 2023 1602 2091 ordinandum,
1634 2028 1699 2077 ut
1721 2023 1919 2092 junior
1973 2021 2082 2075 vir-

386 2113 470 2181 gis
503 2128 700 2177 czesus,
757 2111 903 2164 tanti
945 2111 1203 2165 criminis
1259 2128 1411 2177 rcus,
1464 2127 1762 2182 nunquam
1833 2109 2086 2164 officium

386 2200 827 2254 ecclesiasticum
887 2201 1147 2271 excipiat.
1195 2200 1255 2255 Si
1311 2217 1446 2254 vero
1495 2201 1616 2270 jam
1664 2199 1961 2253 ordinatus
2028 2197 2086 2251 in

385 2289 494 2345 hoc
541 2289 788 2343 facinore
847 2289 1020 2344 fuerit
1089 2290 1499 2360 deprehensus,
1584 2288 1834 2342 nominis
1908 2287 2088 2358 ipsius

387 2378 665 2448 dignitate
696 2377 952 2448 privetur
979 2395 991 2432 :
1026 2378 1117 2430 cui
1157 2378 1415 2432 sufficere
1444 2381 1634 2447 potest
1663 2393 1768 2447 pro
1804 2380 1959 2430 actus
1999 2375 2086 2429 sui

386 2467 636 2535 levitate,
711 2467 948 2538 impleta
1029 2466 1386 2537 paenitentiae
1473 2464 1880 2532 satisfactione,
1969 2462 2088 2516 sola

389 2556 743 2610 communio.

389 2646 515 2700 CAP.
545 2645 683 2700 LXV.
715 2675 783 2684 —-
813 2647 885 2699 De
911 2645 1024 2698 illis
1057 2645 1154 2712 qui
1174 2643 1240 2697 de
1264 2645 1564 2698 ministerio
1595 2643 1846 2698 Ecclesiae
1870 2641 2088 2711 aliquid

1034 2718 1216 2781 furati
1238 2717 1467 2782 fuerint.

457 2804 565 2875 (Ea:
611 2805 976 2875 paznitentiali
1018 2804 1295 2872 Romano.)
1327 2803 1383 2857 Si
1432 2802 1640 2873 aliquis
1672 2803 1740 2856 de
1771 2800 2087 2855 ministerio

386 2893 644 2947 Ecclesize
675 2893 933 2964 quolibet
978 2891 1151 2946 modo
1197 2891 1416 2962 aliquid
1457 2891 1677 2945 furatus
1732 2889 1928 2958 fuerit,
1993 2891 2086 2944 VII

384 2997 565 3037 annos
602 2982 894 3052 poeniteat.

385 3071 512 3126 CAP.
547 3072 718 3127 LXVI.
750 3101 819 3109 —
850 3073 924 3124 De
939 3069 1210 3123 monachis
1241 3072 1288 3122 si
1312 3068 1376 3122 de
1395 3069 1546 3130 furto
1566 3069 1829 3134 infamati
1847 3068 2078 3136 fuerint,

755 3141 1015 3209 quomodo
1049 3154 1102 3192 se
1132 3155 1439 3207 ccc-purgare
1470 3139 1715 3192 debeant.

459 3230 566 3300 (Ea:
593 3230 813 3284 concilio
879 3229 1283 3292 Wormaticnsi,
1328 3229 1505 3296 capite
1571 3226 1674 3294 I0.)
1725 3225 1886 3296 Saepe
1944 3241 2079 3278 cnn-

382 3318 573 3388 tingit,
604 3322 667 3371 ut
697 3317 754 3370 in
809 3315 1172 3370 monasteriis
1208 3315 1623 3369 monachorum
1675 3314 1827 3368 furta
1880 3328 2083 3384 perpe-

384 3411 626 3461 trentur.
679 3406 892 3460 Idcirco
944 3405 1266 3472 statuimus,
1302 3409 1364 3458 ut
1425 3403 1653 3474 quando
1716 3401 1827 3474 ipsi
1879 3404 2082 3456 fratres

382 3497 452 3552 de
484 3495 691 3550 talibus
721 3511 780 3550 se
811 3511 1127 3566 expurgare
1157 3493 1480 3557 debuerint,
1537 3492 1708 3546 missa
1760 3491 1830 3546 ab
1879 3491 2082 3546 abbate

380 3585 718 3650 celebretur,
746 3584 833 3638 vel
866 3582 936 3637 ab
989 3583 1181 3653 aliquo
1237 3581 1613 3652 praesentibus
1671 3579 1965 3648 fratribus,
2027 3585 2084 3634 et

378 3675 456 3728 sic
541 3675 767 3744 expleta
823 3673 1018 3740 missa,
1074 3687 1273 3724 omnes
1329 3669 1758 3724 communicent
1836 3669 1898 3722 in
1961 3669 2082 3722 haec

379 3761 598 3818 verba:
657 3763 872 3832 Corpus
931 3759 1160 3815 Domini
1222 3760 1296 3814 sit
1342 3759 1486 3814 mihi
1542 3758 1614 3812 ad
1679 3757 2080 3829 probationem

378 3853 570 3908 hodie.

451 3941 582 3997 CAP.
617 3939 846 3996 LXVIII.
880 3968 950 3979 —
978 3941 1050 3993 De
1081 3938 1337 4074 itflisdquit
1363 3937 1666 3991 colonorum
1713 3935 1933 4004 ﬂagella
1982 3934 2082 3990 de-

1134 4025 1196 4062 en
1241 4024 1312 4061 un
1345 4048 1357 4061 .

1134 4024 1357 4062 enaunt.

451 4103 558 4168 (Em
606 4101 828 4154 concilio
851 4097 1176 4164 Elii-ortam,
1211 4098 1390 4166 capite
1445 4094 1522 4166 9.)
1577 4094 1835 4148 Decrevit
1889 4098 2082 4148 sancta

379 4189 626 4260 synodus
681 4192 746 4240 ut
781 4186 1080 4256 episcopus
1114 4202 1178 4238 ac
1216 4185 1465 4239 ministri
1523 4184 1924 4255 episcoporum
1975 4199 2080 4254 pro

2197 1757 2612 1812 institutionem
2675 1757 3111 1812 saluberrimam
3160 1757 3514 1828 Iacrymabili
3577 1773 3691 1810 voce
3736 1772 3833 1826 pro-

2197 1846 2455 1912 tulimus,
2535 1862 2648 1918 qua
2705 1846 3098 1916 arguebantur
3182 1844 3452 1900 Pharisaei
3535 1849 3584 1898 et
3637 1843 3832 1898 Scriba:

2195 1936 2482 2002 Mundate,‘
2532 1935 2740 2007 inquit,
2795 1934 2954 2006 prius
3013 1951 3142 2006 qum
3194 1934 3351 1988 intus
3399 1938 3547 1987 sunt.
3600 1933 3654 1986 Et
3685 1933 3827 1986 item:

2199 2025 2345 2092 Ejice
2376 2024 2629 2095 primum
2659 2023 2880 2078 trabem
2913 2023 2981 2077 de
3014 2024 3181 2077 oculo
3224 2027 3344 2076 tuo.
3385 2024 3460 2076 Ac
3505 2022 3831 2092 propheticum

2195 2113 2339 2167 illud
2375 2129 2386 2166 :
2415 2113 2601 2167 Ruina
2650 2113 2877 2182 populi,
2909 2111 3231 2166 sacerdotes
3262 2111 3418 2164 mali.
3455 2109 3828 2181 Perpendentes,

2196 2207 2252 2256 et
2284 2201 2687 2256 discuntiendo
2717 2201 3102 2272 nosmetipsos
3129 2200 3514 2270 inspicientes,
3564 2204 3616 2253 et
3639 2199 3689 2252 in
3742 2213 3830 2251 me-

2194 2291 2353 2345 dium
2418 2289 2775 2360 poenitentiae
2829 2295 3032 2344 sanctae
3077 2289 3252 2360 digno
3316 2289 3506 2344 fructu
3557 2288 3621 2342 ad
3669 2292 3831 2342 terram

2195 2396 2300 2434 nos
2328 2379 2718 2450 projicientes,
2755 2378 3090 2432 deﬂevimus
3118 2377 3502 2448 negligentias
3563 2377 3831 2430 innumera-

2191 2469 2335 2524 biles
2362 2473 2416 2522 et
2446 2472 2674 2539 peccata
2727 2472 2924 2522 nostra
2981 2466 3340 2537 gravissima.
3400 2466 3603 2520 Deinde
3652 2465 3833 2518 hortatu

2195 2556 2414 2612 domini
2438 2556 2587 2611 Petri
2618 2560 2819 2610 contra
2866 2555 3266 2626 nosmetipsos,
3320 2559 3380 2608 ct
3425 2554 3556 2608 vitia
3604 2553 3734 2620 irati,
3757 2551 3833 2604 ad-

2189 2647 2422 2716 jnvante
2450 2643 2636 2716 primo
2670 2649 2864 2698 sancto
2896 2642 3135 2714 Spiritu,
3182 2650 3239 2698 et
3277 2643 3598 2704 miserante,
3633 2639 3834 2711 capitula
3918 2646 3919 2652 ‘

2195 2728 2344 2790 infra
2399 2738 2596 2788 notata
2642 2733 2715 2787 ad
2761 2733 3177 2786 correctionem
3229 2737 3351 2786 tam
3414 2737 3647 2786 nostram
3699 2742 3833 2800 quam

2195 2823 2502 2880 Christiani
2535 2821 2735 2892 populi
2773 2820 3076 2875 statuendo
3117 2820 3475 2890 collegimus.

2197 2931 2326 2984 CAP.
2359 2929 2542 2984 LXIX.
2581 2931 2653 2982 De
2698 2926 2963 2996 episcopis
2994 2929 3090 2996 qui
3139 2927 3410 2995 subjectos
3446 2925 3685 2980 seducunt
3725 2937 3833 2977 com-

2550 3001 2888 3053 municantes
2909 3014 3028 3052 cum
3045 3000 3540 3052 excommunicatis.

2262 3089 2369 3160 (E1:
2395 3088 2575 3142 eodem
2622 3088 2866 3155 concilio,
2911 3089 3090 3156 capite
3127 3088 3200 3155 6.)
3232 3087 3457 3141 Scimus
3506 3099 3650 3139 sacra
3704 3085 3835 3134 aulo-

2189 3177 2356 3230 ritate
2423 3177 2721 3247 scriptum,
2777 3175 2880 3245 qui
2950 3175 3446 3229 excommunicato
3513 3169 3836 3228 communica-

2188 3263 2354 3332 verit,
2379 3264 2928 3319 excommunicetur.
2964 3265 3026 3318 In
3052 3263 3159 3318 hoc
3187 3280 3292 3317 nos
3321 3262 3566 3317 fatemur
3610 3254 3834 3328 episcopi,

2189 3357 2245 3405 et
2303 3351 2644 3422 presbyteri,
2706 3355 2764 3406 et
2819 3351 3010 3405 clerici
3068 3349 3372 3420 poenaliter
3420 3362 3681 3419 peccasse,
3715 3340 3831 3414 quod

2189 3439 2246 3492 in
2278 3444 2572 3509 posterum
2608 3442 2743 3507 Deo,
2772 3439 3103 3500 auxiliante,
3154 3443 3212 3493 et
3240 3437 3545 3493 emendare
3586 3439 3637 3488 et
3668 3432 3836 3486 evitare

2187 3526 2550 3598 cupimus,_et
2569 3528 2960 3598 praecipimus.

2616 3617 2756 3672 Cn.
2782 3617 2927 3672 LXX.
2968 3646 3037 3656 —
3068 3617 3150 3670 De
3177 3615 3366 3670 eadem
3385 3631 3460 3669 re.

2261 3705 2379 3775 (Ea:
2407 3705 2608 3774 eodem,
2665 3707 2843 3775 capite
2872 3706 2944 3774 7.)
2986 3703 3205 3759 Placuit
3247 3707 3460 3758 sanctae
3489 3699 3686 3773 synodo
3718 3697 3835 3751 hunc

2189 3809 2443 3848 errorem
2493 3794 2660 3864 quasi
2702 3793 2950 3864 impium
3007 3793 3077 3847 ab
3123 3792 3375 3846 Ecclesia
3417 3802 3701 3846 amovere:
3731 3783 3834 3854 quia

2187 3882 2513 3936 animarum
2543 3897 2738 3936 curam
2773 3898 2804 3935 a
2862 3882 3108 3936 Domino
3167 3881 3517 3951 accepimus,
3563 3891 3667 3931 non
3700 3886 3834 3944 peoo-

2187 3971 2436 4027 niarum.
2468 3971 2605 4026 Inde
2636 3975 2692 4025 et
2720 3971 3000 4026 reddituri
3055 3985 3253 4025 sumus
3305 3971 3424 4024 Deo
3476 3967 3755 4028 rationem,
3795 3961 3836 4011 et

2187 4060 2476 4132 accepturi
2516 4064 2755 4131 propter
2784 4075 2946 4114 suam
2995 4059 3451 4114 misericordiam
3489 4060 3732 4111 aeternam
3773 4063 3836 4101 re-

2188 4148 2584 4212 tributionem,
2617 4150 2704 4203 vel
2723 4149 2940 4219 justam
2968 4147 3422 4202 damnationem.

379 4234 626 4260 Ἴων--
687 4234 745 4240 _-
784 4234 1076 4256 ,τη-,πρ
1117 4234 1175 4238 _-
1218 4234 1465 4239 _--__---__
1975 4234 2071 4254 Γ,

378 4277 716 4330 criminibus
745 4275 978 4328 colonos
1027 4273 1320 4343 flagellare
1351 4289 1483 4327 cum
1525 4272 1701 4344 virgis
1731 4277 2073 4344 potestatem

2196 4255 2318 4310 CAP.
2347 4256 2517 4311 LXXI.
2548 4286 2615 4294 —
2641 4259 2714 4311 De
2735 4257 2999 4326 episcopis
3025 4234 3219 4344 ut'non
3238 4257 3350 4309 sint
3369 4253 3566 4308 malum
3587 4243 3833 4314 exemplum

378 4365 646 4430 habeant,
689 4367 925 4432 propter
954 4367 1170 4416 metum
1220 4361 1485 4429 aliorum,
1534 4365 1599 4414 ut
1626 4359 1737 4431 ipsi
1786 4357 2078 4413 criminosi

379 4451 762 4520 corrigantur,
821 4455 884 4503 ut
935 4450 1021 4504 vel
1080 4449 1245 4505 inviti
1293 4449 1694 4521 paenitentiam
1749 4451 1942 4518 agant,
2005 4461 2078 4500 ne

378 4539 724 4594 {eternaliter
751 4543 1006 4610 pereant.
1042 4539 1099 4594 Si
1125 4556 1258 4593 vero
1291 4539 1544 4592 seniores
1570 4537 1828 4608 ipsorum
1853 4536 2082 4589 colono-

380 4645 506 4683 rum
539 4628 774 4699 indigne
815 4627 1072 4693 tulerint,
1121 4633 1178 4681 et
1219 4627 1471 4698 aliquam
1515 4625 1823 4679 vindictam
1877 4624 2078 4678 exinde

377 4734 638 4772 exercere
678 4717 985 4783 voluerint,
1020 4721 1119 4770 aut
1175 4716 1404 4770 eosdem
1447 4714 1682 4768 colonos
1721 4729 1793 4767 ne
1846 4712 2076 4766 distrin-

376 4811 585 4877 gantur
615 4805 922 4861 defendere
979 4804 1472 4876 praesumpserint,
1508 4802 1690 4856 sciant
1740 4818 1798 4856 se
1843 4817 2075 4856 excom-

378 4894 787 4949 municationis
814 4892 1209 4948 ecclesiasticae
1242 4891 1526 4946 sententia
1556 4891 1864 4945 feriendos.

377 4984 503 5038 Car.
533 4983 760 5038 LXVIII.
787 5013 854 5022 —-
878 4985 949 5037 De
980 4984 1242 5051 episcopis
1278 4984 1375 5051 qui
1397 4980 1548 5051 apud
1579 4983 1882 5035 Romanam
1903 4977 2079 5032 sedem

445 5058 688 5108 accusati
740 5057 984 5121 fuerant,
1027 5053 1171 5122 quod
1237 5069 1358 5107 cum
1413 5051 1893 5106 excommunicatis
1935 5064 2075 5104 com-

445 5129 740 5180 municatis
764 5127 1233 5179 communicarent.

449 5215 553 5280 (Ere
578 5216 800 5269 concilio
840 5213 990 5283 apud
1021 5213 1259 5266 Altheim
1287 5210 1488 5273 habito,
1521 5212 1608 5264 cui
1651 5210 1902 5276 interfuit
1942 5209 2076 5265 Con-

377 5302 547 5356 radus
567 5303 714 5372 rem.)
748 5304 948 5372 Regno
976 5301 1216 5356 Conradi
1252 5298 1492 5370 piissimi
1523 5304 1579 5352 et
1605 5295 2074 5352 Christianissimi

374 5390 528 5460 regis
592 5391 814 5461 quinto,
867 5394 1178 5461 congregat
1227 5393 1314 5444 est
1372 5392 1566 5442 sancta
1621 5385 1908 5457 generalis
1953 5401 2080 5456 syn-

374 5482 519 5534 odus
549 5480 701 5551 apud
733 5480 984 5534 Altheim
1009 5480 1064 5533 in
1089 5495 1239 5550 pago
1255 5479 1476 5547 Rethia,
1505 5482 1787 5549 praesente
1817 5476 2080 5530 videlicet

376 5568 600 5624 domini
653 5568 888 5623 Joannis
935 5584 1098 5639 papa:
1151 5567 1520 5639 apocrisiario
1572 5569 1780 5620 sanctae
1823 5563 2076 5620 Orteusis

2260 4416 2368 4480 (Em
2389 4415 2587 4483 eodem,
2628 4416 2806 4484 capite
2833 4414 2910 4485 8.)
2940 4327 3194 4468 Ρὲῗῖιῗίη
3255 4412 3577 4482 exemplum
3631 4399 3826 4476 populis.

2188 4503 2406 4574 seipsos
2446 4503 2702 4574 episcopi
2749 4503 2838 4557 vel
2889 4503 3212 4558 sacerdotes
3259 4502 3470 4556 debent
3513 4496 3759 4570 praebere,
3789 4489 3828 4539 el

2189 4593 2489 4646 ostendere
2515 4608 2631 4646 non
2663 4591 2849 4645 solum
2878 4591 3064 4656 dictis,
3089 4606 3286 4644 verum
3327 4594 3383 4642 et
3421 4587 3594 4642 factis.
3639 4581 3829 4647 Propter

2189 4680 2296 4733 hoc
2323 4679 2476 4734 enim
2520 4679 2850 4745 statuimus,
2883 4678 3124 4733 minime
3177 4692 3435 4748 unquam
3477 4675 3534 4730 in
3589 4673 3827 4744 posterum

2187 4772 2386 4822 contra
2430 4783 2587 4822 sacra
2641 4770 2856 4822 statuta
2921 4767 3115 4838 aliquo
3167 4766 3338 4820 modo
3397 4758 3829 4818 communicemns

2187 4857 2719 4923 excommunicatis,
2752 4861 2810 4910 et
2863 4854 3236 4926 dijudicimus
3285 4850 3674 4921 nosmetipsos,
3720 4855 3830 4913 (11η-

2186 4950 2352 5000 tenus
2384 4946 2442 4999 in
2467 4945 2659 4999 futuro
2691 4960 2806 4999 non
2831 4944 3163 5015 judicemur
3195 4959 3227 4996 a
3260 4941 3526 4996 Domino.
3560 4933 3713 5005 Sequi
3755 4942 3830 4981 cu-

2187 5035 2409 5105 primus
2438 5034 2589 5088 dicta
2615 5039 2672 5088 et
2695 5038 2907 5088 statuta
2935 5032 3117 5086 sancti
3164 5029 3424 5101 Gregorii
3457 5043 3628 5100 papas,
3664 5024 3714 5075 εί
3744 5031 3832 5088 ΡΨ

2187 5123 2489 5177 nitentiam
2521 5122 2756 5193 dignam
2788 5137 2957 5192 agere
2979 5124 3242 5175 volumus
3262 5122 3474 5173 secrete
3504 5117 3558 5170 in
3591 5111 3832 5166 monaste-

2186 5210 2272 5265 rio
2305 5227 2318 5264 :
2352 5209 2488 5281 quia
2513 5209 2740 5280 publice
2771 5209 3078 5281 nequimus
3109 5224 3124 5262 :
3176 5208 3237 5262 in
3270 5207 3574 5275 futuroque
3604 5193 3832 5271 praedicta

2186 5298 2454 5353 omnibus
2479 5297 2666 5352 modis
2700 5299 2814 5352 Deo
2845 5297 3093 5368 propitio
3151 5296 3329 5350 vitare
3387 5292 3656 5346 volumus.
3705 5285 3831 5337 Eam-

2186 5385 2436 5458 demque
2482 5387 2672 5457 legem
2716 5391 3028 5441 statuentes
3095 5382 3462 5456 presbyteris,
3518 5370 3826 5458 diaconibils.

2185 5479 2244 5529 et
2271 5455 2430 5529 omni
2460 5455 2635 5542 clero,
2667 5473 2716 5528 si
2745 5474 2814 5529 de
2854 5473 3038 5543 gradu
3067 5455 3278 5545 deponi
3306 5467 3608 5531 noluerint,
3637 5466 3695 5516 ut
3717 5455 3827 5511 fide

2186 5564 2316 5618 liter
2345 5561 2669 5632 observent,
2693 5567 2752 5618 et
2780 5561 2905 5617 aliis
2942 5577 3167 5618 servare
3194 5559 3515 5632 praedicent.
