3972 6192
167 262 241 310 73
553 221 556 224 ﬁ
1071 260 1546 317 DECRETORUM
1593 261 1774 315 LIBRI
1813 261 1919 316 xx.
1955 290 2021 298 —
2057 261 2260 316 LIBER
2307 262 2726 317 UNDECIMUS.

3548 273 3650 323 874

127 383 272 433 CAP.
305 380 500 434 LXXII.
529 411 598 418 —
624 383 702 434 De
728 381 1050 460 correctione
1073 385 1442 460 episcoporum
1473 387 1569 452 qui
1596 399 1714 437 cum
1745 399 1848 436 card
1871 385 1914 434 Α
1957 383 2355 438 Ecclesiarum.
2391 385 2468 438 De
2513 385 2722 438 talibus
2753 387 3054 454 Apostolus
3085 387 3150 439 ad
3203 389 3596 460 Philippensrs
3631 409 3643 445 :

501 454 908 505 communicatis
939 457 1484 510 communicaverunt.

201 559 322 622 (1-3.1:
351 559 550 624 eodem,
583 561 761 626 capite
807 559 886 626 9.)
919 559 1269 613 Auctoritate
1302 561 1612 629 apostolica
1643 561 1837 614 ﬁrma—

125 661 266 698 mus
314 647 463 700 dicta
495 651 552 700 et
587 651 874 717 princepta
924 652 1252 701 sanctorum
1299 665 1606 712 canonum,
1655 655 1712 702 et
1751 650 1838 702 in-

125 733 490 800 terdicimus,
542 750 716 804 quam
749 735 846 788 diu
888 734 1016 804 quis
1066 736 1608 800 excommunicatus,
1653 737 1743 800 sit,
1778 743 1840 790 ut

127 823 330 874 nullus
375 829 706 876 nostrorum
755 823 1152 893 episcoporum
1187 825 1238 877 ei
1269 825 1478 878 audeat
1524 827 1841 879 communi-

125 926 288 976 care,
320 911 410 964 vel
464 927 596 964 cum
631 927 697 964 eo
731 911 789 964 in
839 912 1076 965 ecclesia
1120 929 1306 968 orare.
1342 916 1406 967 Et
1455 913 1582 967 laici
1614 914 1714 984 qui
1755 932 1841 968 se-

126 1001 250 1052 cuti
309 1005 444 1052 sunt
473 1017 596 1066 nos,
632 1005 692 1052 ut
740 1001 956 1066 dicunt,
999 1002 1242 1055 errando
1291 1008 1348 1055 et
1397 1005 1690 1073 sequendo
1735 1021 1838 1057 nos

129 1089 333 1152 modo,
371 1105 472 1140 nos
498 1094 598 1141 aut
641 1089 1026 1158 nosmetipsos
1056 1105 1160 1160 per
1203 1092 1600 1159 paenitentiam
1651 1109 1837 1144 mace-

129 1181 326 1228 rantes
359 1177 720 1246 corrigendo,
773 1181 828 1230 et
859 1178 1010 1230 viam
1039 1178 1122 1230 eis
1165 1179 1295 1232 vitae
1345 1180 1743 1248 praedicantes,
1782 1187 1837 1235 et

129 1266 460 1334 aperientes
494 1281 508 1317 :
543 1270 604 1318 ut
660 1264 996 1334 resipiscant
1035 1282 1066 1318 a
1093 1265 1306 1319 diaboli
1351 1267 1588 1337 laqueis,
1625 1285 1658 1320 a
1705 1269 1834 1338 qui-

127 1353 236 1406 bus
269 1370 374 1424 per
419 1357 614 1406 nostra
657 1355 809 1406 mala
847 1355 1104 1423 exempla
1144 1355 1294 1423 capti
1323 1359 1610 1423 tenentur,
1662 1363 1719 1410 et
1763 1358 1832 1410 ad

129 1458 326 1494 veram
385 1447 630 1496 matrem
689 1442 996 1496 Ecclesiam
1049 1458 1152 1511 per
1199 1443 1596 1512 paenitentiam
1653 1461 1834 1498 rever-

131 1535 348 1584 tantur.

1955 471 2152 526 Videte
2203 489 2393 539 canes,
2443 473 2628 527 videte
2681 475 2858 527 malos
2906 475 3216 544 operarios.
3251 477 3430 530 Canes
3487 496 3648 534 voca-

1953 560 2050 626 vit,
2085 561 2186 630 qui
2231 578 2348 615 non
2381 562 2595 615 habent
2631 563 3054 616 verecundiam.
3102 565 3275 617 Malos
3304 567 3594 634 operarios
3627 585 3642 622 :

1953 649 2088 718 quia
2133 651 2294 703 nulla
2339 651 2554 704 faciunt
2601 667 2730 722 qua:
2776 651 2976 721 pietati
3029 653 3386 708 conveniant.
3445 656 3513 708 Et
3546 657 3648 708 Do-

1951 738 2142 791 minus
2191 755 2293 808 per
2343 741 2678 810 prophetam
2725 741 2970 794 Isaiam:
3007 742 3150 810 Ergo
3201 743 3475 796 Dominus
3511 743 3643 797 dili-

1949 842 2090 896 gens
2135 828 2438 896 judicium,
2491 835 2547 882 et
2589 830 2720 881 odio
2753 829 2966 882 habens
3013 831 3294 898 rapinam.
3349 832 3508 885 Unde
3538 849 3644 886 nos

1949 931 2077 985 quae
2113 917 2383 970 Dominus
2413 917 2603 986 diligit
2649 917 2970 985 diligentes,
3003 923 3059 969 et
3088 935 3214 988 quae
3245 919 3395 984 odio,
3425 920 3644 974 haben-

1947 1011 2053 1070 tes,
2112 1005 2416 1058 statuimus
2467 1010 2524 1058 et
2565 1005 2911 1074 judicamus,
2961 1010 3026 1058 ut
3074 1008 3120 1058 si
3172 1007 3300 1076 quis
3348 1013 3476 1077 post
3522 1009 3644 1064 haec

1948 1093 2276 1163 evangelica
2321 1098 2377 1146 et
2421 1093 2734 1164 apostolica
2779 1100 2950 1164 atque
2984 1095 3317 1164 prophetica
3365 1096 3558 1162 verba,
3587 1101 3644 1150 et

1949 1183 2342 1236 deﬁnitionem
2407 1183 2770 1252 pacatissima
2843 1183 3076 1252 synodi,
3141 1183 3402 1237 inventus
3471 1185 3643 1238 fuerit

1945 1269 2162 1322 furtum
2213 1273 2311 1321 aut
2363 1269 2622 1338 rapinam
2671 1283 2954 1334 exercere,
3011 1275 3066 1322 et
3101 1269 3158 1322 in
3189 1270 3311 1339 ipso
3359 1271 3639 1325 diabolico

1946 1363 2072 1410 actu
2121 1361 2360 1408 mortem
2393 1361 2645 1408 meretur
2675 1356 2990 1418 incurrere,
3040 1356 3230 1408 nullus
3257 1373 3362 1426 pro
3394 1374 3460 1410 eo
3489 1375 3638 1428 prin-

1946 1450 2134 1498 sumat
2161 1461 2340 1506 orare,
2384 1448 2480 1496 aut
2521 1445 2940 1512 eleemosynam
2987 1445 3143 1498 dare.
3189 1447 3252 1498 Et
3281 1447 3642 1516 eleemosyna

1942 1550 2048 1604 pro
2081 1549 2146 1586 eo
2187 1534 2315 1586 data
2351 1533 2410 1584 in
2442 1532 2780 1584 memoriam
2811 1533 3148 1585 clericorum
3181 1549 3286 1586 nec
3317 1550 3639 1603 pauperum

131 1638 256 1690 Cm
293 1637 522 1690 LXXI",
550 1666 616 1674 _
645 1637 726 1690 De
757 1637 840 1690 his
863 1639 960 1705 qui
977 1640 1318 1692 contemnunt
1341 1637 1574 1691 δαηηωη
1607 1639 1674 1692 ab
1695 1641 1834 1707 epis-
1863 1652 1903 1706 Β
1943 1622 2152 1686 veniat,
2187 1622 2284 1674 sed
2317 1619 2650 1673 execrabilis
2703 1619 3003 1673 sordescat.
3055 1622 3260 1674 Beatus
3288 1623 3640 1692 Augustinus

724 1711 871 1776 copis
909 1710 1240 1776 impositum.

195 1795 316 1864 (Ea:
367 1796 590 1860 cpneilio
645 1795 888 1858 Tribur.,
944 1797 1032 1848 cui
1087 1797 1344 1861 interfuit
1383 1812 1482 1849 rex
1535 1797 1826 1863 Arnolfus,

127 1885 322 1952 capite,
378 1887 456 1950 8.)
519 1885 696 1938 Nemo
753 1887 1080 1936 contemnat
1133 1899 1322 1952 neque
1379 1885 1832 1954 transgrediatur

126 1965 388 2025 bannum
420 1971 488 2025 ab
543 1971 826 2042 episc0pis
880 1971 1406 2041 superimpositum.
1452 1972 1603 2026 Sciat
1652 1979 1708 2027 et
1738 1975 1832 2026 ab-

127 2059 365 2112 horreat
394 2059 456 2112 in
505 2059 746 2128 epistola
778 2061 836 2114 B.
886 2061 1196 2114 Clementis
1227 2060 1463 2126 dictum,
1524 2063 1722 2114 contra
1769 2077 1828 2116 se

127 2149 408 2218 scriptum
443 2164 456 2200 :
489 2147 548 2201 Si
577 2148 744 2202 vobis
777 2149 1056 2218 episcopis
1096 2165 1210 2201 non
1255 2148 1574 2202 obedierint
1608 2166 1828 2218 omnes,

126 2243 242 2289 tam
293 2235 530 2306 majoris
579 2253 752 2306 quam
795 2241 850 2290 et
894 2237 1181 2290 inferioris
1234 2237 1471 2294 ordinis.
1523 2242 1694 2308 atque
1739 2255 1832 2292 re-

127 2325 270 2394 liqui
327 2323 532 2394 populi
561 2325 764 2389 tribus,
796 2333 852 2377 et
897 2323 1132 2393 linguae,
1169 2341 1286 2376 non
1329 2325 1516 2377 solum
1568 2325 1828 2390 infames,

123 2413 220 2466 sed
257 2418 321 2466 et.
375 2417 626 2465 extorres
656 2430 690 2466 a
733 2428 908 2481 regno
959 2413 1082 2478 Dei,
1140 2417 1195 2465 et
1227 2415 1513 2466 consortio
1547 2414 1826 2480 ﬁdelium,

123 2521 154 2554 a
205 2501 506 2554 liminibus
562 2489 770 2554 sanctae
821 2501 921 2554 Dei
983 2501 1238 2554 Ecclesia:
1297 2501 1468 2554 alieni
1526 2509 1713 2566 erunt,
1775 2509 1830 2556 et

124 2591 367 2644 audiant
395 2581 582 2659 ipsum
607 2591 916 2643 Dominum
940 2589 996 2642 in
1031 2589 1334 2659 Evangelio
1356 2590 1640 2643 dicentem
1674 2607 1687 2644 :
1721 2587 1828 2654 Qui

121 2695 218 2732 vos
250 2677 434 2744 audit,
487 2694 578 2730 me
607 2677 791 2742 audit,
819 2681 875 2730 et
905 2675 1004 2747 qui
1051 2693 1150 2728 vos
1195 2677 1434 2746 spernit,
1468 2693 1558 2730 me
1589 2681 1823 2747 spernit.

121 2768 485 2837 Quapropter
513 2783 617 2819 nos
649 2765 1034 2835 evangelicam
1068 2769 1122 2817 et
1151 2765 1524 2834 apostolicam
1557 2767 1826 2818 conside-

119 2859 314 2906 rantes
345 2853 761 2918 auctoritatem,
796 2867 911 2904 non
958 2855 1238 2921 quaestum
1282 2851 1679 2921 pecuniarum,
1723 2853 1822 2906 sed

123 2944 350 2996 lucrum
398 2946 724 3012 quaerentes
772 2941 1118 3004 animarum,
1169 2941 1473 2993 statuimus
1514 2945 1569 2994 et
1610 2942 1820 2994 coulir-
1855 2925 1894 2979 (ἶ

125 3047 372 3095 mamus,
419 3037 487 3084 ut
535 3031 582 3083 si
629 3030 756 3100 quis
787 3033 914 3098 post
965 3030 1110 3082 hanc
1141 3029 1310 3098 hujus
1368 3029 1547 3082 sancti
1595 3030 1822 3083 concilii

121 3120 518 3174 deﬁnitionem
569 3120 833 3172 inventus
877 3117 1050 3171 fuerit
1096 3117 1418 3188 corrupisse
1447 3119 1704 3171 bannum
1749 3119 1818 3172 ab

121 3208 408 3278 episcopis
445 3207 804 3276 impositum,
849 3221 918 3258 xL
967 3205 1190 3258 dierum
1222 3205 1596 3276 castigatione
1642 3207 1816 3261 corri-

121 3299 316 3366 piatur
339 3301 559 3349 tantum
593 3295 651 3347 in
681 3309 850 3364 pane,
883 3297 938 3346 et
967 3293 1101 3356 sale,
1135 3296 1192 3346 et
1221 3310 1387 3363 aqua.

122 3402 246 3454 Car.
285 3401 505 3454 LXXIV.
530 3430 598 3438 —
623 3400 702 3452 De
725 3414 782 3452 eo
801 3415 900 3467 pro
921 3398 1117 3466 quibus
1149 3402 1325 3452 causis
1347 3400 1632 3466 quemlibet
1649 3401 1818 3454 homi-

347 3487 468 3524 nem
499 3472 857 3524 anathematis
887 3471 1100 3522 vinculo
1131 3471 1299 3536 ligari
1328 3475 1588 3538 Oporteat.

187 3563 304 3629 (Ea:
339 3559 538 3624 eodem,
587 3561 762 3627 capite
804 3561 912 3626 30.)
943 3558 1254 3621 Quaesitum
1301 3565 1382 3610 est
1412 3559 1470 3610 in
1503 3559 1697 3612 eadem
1731 3576 1816 3628 sy-

117 3650 294 3714 nodo,
327 3665 432 3719 pro
459 3648 668 3718 quibus
699 3648 884 3700 causis
914 3647 1232 3718 quemlibet
1261 3647 1556 3700 hominem
1590 3648 1812 3716 episco~

117 3738 232 3808 pali
265 3737 626 3804 auctoritate,
671 3736 894 3790 vinculo
927 3735 1306 3789 anathematis
1337 3735 1502 3804 ligari
1532 3740 1810 3805 Oporteat,

117 3830 288 3895 atque
343 3823 606 3876 unanimi
652 3827 986 3875 cunctorum
1042 3823 1326 3875 sententia
1367 3824 1654 3875 decretum
1707 3827 1810 3888 est,

119 3930 220 3982 pro
268 3911 358 3966 bis
383 3913 568 3965 tribus
613 3911 950 3965 criminibus
1004 3910 1132 3964 ﬁeri
1177 3911 1382 3964 debere
1417 3927 1430 3963 :
1465 3927 1594 3964 cum
1626 3911 1694 3964 ad
1728 3929 1815 3982 sy-

119 4002 336 4054 nodum
367 4000 634 4054 canonice
659 4001 850 4069 jussus
895 3999 1090 4052 venire
1128 4000 1461 4052 contemnit.
1513 4003 1624 4052 Aut
1655 4006 1810 4070 post-

119 4107 292 4161 quam
345 4090 482 4142 illuc
525 4088 766 4152 venerit,
819 4088 1264 4141 sacerdotalibus
1316 4087 1533 4156 respuit
1579 4088 1810 4142 obedire

117 4178 438 4248 prince-ptis.
488 4179 600 4230 Aut
629 4181 760 4230 ante
789 4176 1008 4230 ﬁnitam
1055 4193 1240 4230 causa:
1289 4192 1407 4230 suae
1439 4177 1810 4230 examinatio-
1839 4207 1882 4259 D

117 4283 246 4320 nem
283 4284 316 4318 a
339 4266 555 4336 synodo
587 4265 866 4335 profugus
899 4266 1056 4318 abire
1085 4265 1400 4334 prtesumit.

117 4375 244 4427 (Lar.
301 4373 496 4427 LXXV.
525 4403 594 4411 —-
625 4376 700 4427 De
743 4374 854 4426 illis
897 4375 994 4440 qui
1029 4375 1242 4437 furtum
1271 4377 1322 4426 et
1349 4375 1604 4442 rapinam
1647 4389 1810 4428 emer-

847 4447 1070 4496 cueﬁnt.

183 4531 311 4599 (Ea:
341 4531 538 4595 eodem,
572 4534 749 4601 capite
783 4530 898 4600 3l.)
929 4531 1422 4602 Tranquillitatem
1472 4535 1678 4585 sanctas
1709 4531 1809 4585 Dei

117 4619 378 4673 Ecclesiae
442 4619 776 4690 inquietari,
815 4623 871 4672 et
925 4636 1123 4689 pacem
1179 4619 1486 4672 fraternam
1551 4619 1806 4672 infestari

113 4713 419 4774 testantur,
463 4709 616 4762 fures
645 4714 703 4762 et
733 4709 1000 4772 latrones,
1033 4709 1134 4778 qui
1180 4707 1473 4760 ambulant
1521 4708 1672 4760 inter
1703 4725 1806 4760 nos

113 4796 282 4849 ovina
315 4797 466 4866 pelle
515 4796 866 4862 obumbrati,
917 4796 1014 4850 sed
1064 4796 1265 4864 lupina
1296 4801 1486 4849 mente
1534 4796 1808 4849 recedunt

111 4883 365 4950 alienati,
421 4901 568 4938 saeva
617 4890 810 4938 mente
862 4900 952 4937 res
1011 4883 1385 4937 Ecclesiarum
1445 4883 1674 4936 adducti
1725 4900 1806 4936 ra-

111 4973 352 5040 pientes,
383 4975 440 5026 et
483 4989 716 5042 gregem
750 4972 1112 5026 Dominicum
1141 4972 1440 5042 spolianda
1471 4973 1802 5025 lacerantes.

107 5061 174 5112 de
217 5060 430 5131 quibus
467 5061 723 5114 Salvator
751 5061 810 5113 in
863 5059 1166 5130 Evangelio
1213 5067 1622 5114 commemorat
1654 5075 1666 5112 :
1700 5059 1808 5122 Qui

107 5165 226 5201 non
273 5149 449 5202 intrat
497 5165 600 5219 per
657 5149 863 5202 ostium
911 5148 972 5201 in
1003 5149 1151 5202 ovile
1207 5149 1421 5216 ovium,
1455 5149 1550 5201 ille
1599 5147 1692 5200 fur
1725 5151 1810 5200 est

107 5243 164 5290 et
215 5237 386 5290 latro.
444 5239 630 5307 Atque
688 5236 982 5306 subjunxit
1015 5252 1028 5290 :
1065 5237 1178 5290 Fur
1221 5253 1336 5289 non
1387 5236 1543 5289 venit
1589 5235 1698 5288 nisi
1749 5239 1811 5288 ut

105 5326 352 5392 foretur,
403 5329 458 5378 et
491 5330 714 5392 mactet,
749 5330 804 5378 et
832 5325 1054 5394 perdat.
1085 5325 1188 5379 Ubi
1221 5325 1481 5395 quamvis
1513 5323 1808 5377 haereticos

107 5415 208 5484 qui
237 5413 414 5468 ﬁdem
455 5414 718 5468 furantur
749 5413 1006 5467 Ecclesiae
1038 5413 1320 5483 designet,
1363 5418 1556 5466 tamen
1585 5413 1806 5466 insecu-

105 5505 268 5557 tione
297 5501 494 5556 furum
525 5508 583 5557 et
627 5503 936 5568 latronum,
969 5502 1256 5555 turbatam
1296 5505 1582 5554 monstrat
1609 5517 1806 5571 pacem

473 5608 752 5674 PATROL.
805 5607 983 5674 CXL.

1943 1713 2012 1766 de
2057 1709 2268 1763 talibus
2325 1708 2658 1762 horribilem
2709 1709 2929 1777 profert
2987 1709 3348 1770 sententiam,
3400 1709 3637 1764 dicens:

1942 1801 2121 1853 Nemo
2167 1804 2220 1851 te
2254 1801 2386 1866 post
2432 1801 2678 1850 mortem
2709 1785 2868 1848 tuam
2919 1795 3168 1849 ﬁdeliter
3198 1797 3432 1850 redimit
3463 1813 3476 1850 :
3505 1797 3643 1867 quia

1937 1891 1998 1941 tu
2027 1892 2080 1940 te
2126 1885 2408 1939 redimere.
2443 1884 2697 1938 noluisti.
2733 1883 2792 1938 Si
2841 1889 3033 1937 autem
3087 1885 3180 1937 ille
3211 1879 3323 1950 fur,
3358 1886 3443 1937 vel
3473 1885 3638 1949 latro,

1941 1976 2267 2028 vulneratus
2315 1972 2582 2038 elabitur,
2630 1977 2686 2025 et
2715 1973 3130 2042 exspectatione
3181 1974 3382 2026 mortis
3429 1974 3641 2042 despe-

1939 2068 2097 2116 ratus
2127 2067 2384 2131 putatur,
2419 2065 2589 2130 atque
2643 2061 2997 2114 reconciliari
3025 2077 3083 2114 se
3131 2061 3416 2130 mysteriis
3447 2077 3640 2115 sacro—

1937 2152 2146 2205 sanctis
2203 2150 2404 2204 habitu
2463 2148 2738 2217 corporis,
2803 2153 2860 2202 et
2913 2150 3206 2201 voluntate
3263 2149 3374 2218 pia:
3431 2149 3638 2201 mentis

1939 2242 2303 2310 deprecatur,
2361 2241 2588 2307 Deoque
2623 2243 2681 2290 et
2720 2237 2998 2290 sacerdoti
3035 2237 3149 2290 vita
3197 2237 3406 2290 comite
3441 2253 3634 2290 emen-

1938 2330 2249 2392 dationem,
2283 2333 2338 2380 et
2369 2333 2558 2380 actum
2583 2325 2906 2392 conﬁtetur,
2941 2325 3362 2379 communionis
3393 2325 3634 2397 gratiam

1934 2434 2051 2472 non
2083 2433 2364 2488 negamus
2395 2415 2782 2468 tribuendam.

1935 2561 2061 2614 CAP.
2099 2559 2316 2613 LXXVI.
2348 2587 2410 2598 —
2441 2561 2515 2612 De
2544 2556 2660 2612 illis
2703 2559 2800 2624 qui
2827 2557 2885 2609 in
2915 2557 3180 2625 patibulis
3208 2556 3630 2626 suspenduntur.

2003 2694 2108 2762 (Ea:
2139 2693 2362 2746 concilio
2407 2691 2654 2758 Mogunti
2685 2732 2698 2756 ,
2751 2691 2929 2759 capite
2959 2689 3042 2759 5.)
3086 2689 3400 2752 Quaesitum
3437 2695 3521 2742 est
3563 2690 3634 2744 ab

1931 2781 2220 2851 aliquibus
2261 2780 2532 2833 fratribus
2579 2779 2648 2832 de
2701 2779 2789 2832 his
2841 2777 2940 2848 qui
2979 2779 3040 2830 in
3072 2778 3344 2846 patibulis
3392 2794 3632 2847 suspen—

1935 2869 2152 2922 duntur
2197 2885 2302 2938 pro
2332 2868 2448 2920 suis
2500 2868 2832 2932 sceleribus,
2865 2871 2996 2936 post
3049 2867 3468 2920 confessionem
3516 2869 3630 2921 Deo

1929 2962 2244 3026 peractam,
2292 2962 2490 3009 utrum
2522 2956 2796 3009 cadavera
2839 2956 3074 3009 illorum
3121 2955 3190 3008 ad
3235 2955 3504 3008 Ecclesias
3537 2955 3635 3009 de-

1929 3045 2166 3098 ferenda
2225 3044 2358 3102 sint,
2418 3049 2474 3097 et
2529 3044 2846 3096 oblationes
2897 3060 3002 3112 pro
3051 3044 3134 3096 eis
3183 3043 3511 3108 offerendze,
3574 3048 3631 3096 et

1929 3133 2108 3186 Missa!
2161 3131 2540 3198 celebrandas,
2596 3147 2670 3183 an
2718 3147 2853 3184 non.
2903 3131 3119 3194 Quibus
3167 3132 3624 3202 respondemus:

1927 3221 1982 3276 Si
2033 3221 2300 3274 omnibus
2357 3221 2425 3274 de
2473 3219 2716 3290 peccatis
2767 3219 2884 3272 suis
2941 3236 3146 3290 parum
3209 3220 3626 3273 confessionem

1927 3310 2249 3380 agentibus,
2285 3313 2342 3361 et
2373 3307 2544 3376 digne
2591 3307 3002 3376 paanitentibus
3041 3307 3371 3360 communio
3415 3307 3474 3360 in
3512 3309 3626 3361 ﬁne

1926 3396 2242 3450 secundum
2277 3395 2618 3448 canonicum
2639 3396 2862 3464 jussum
2897 3395 3079 3448 danda
3113 3397 3216 3460 est,
3249 3411 3350 3448 cur
3381 3411 3626 3448 canones

1926 3485 2005 3538 eis
2039 3485 2140 3555 qui
2185 3501 2286 3554 pro
2335 3483 2578 3553 peccatis
2625 3483 2740 3536 suis
2772 3499 2998 3552 pamam
3050 3489 3361 3536 extremam
3405 3484 3624 3552 persol-

1923 3577 2102 3639 vunt,
2169 3578 2228 3625 et
2299 3571 2679 3637 conﬁtentur,
2757 3573 2840 3623 vel
2919 3570 3179 3623 confiteri
3249 3569 3622 3624 desiderant?

1925 3661 2210 3729 Scriptum
2270 3663 2353 3712 est
2409 3659 2564 3711 enim
2602 3675 2614 3710 :
2651 3659 2774 3712 Non
2825 3659 3044 3727 judicat
3077 3659 3224 3711 Deus
3281 3657 3370 3710 bis
3423 3658 3483 3710 in
3539 3659 3622 3712 id-

1921 3748 2129 3819 ipsum.

1922 3871 2050 3926 CAP.
2089 3869 2328 3926 LXXVII.
2361 3899 2429 3909 —
2453 3871 2528 3922 De
2555 3870 2818 3936 episcopis
2863 3871 2960 3936 qui
2988 3884 3106 3922 cum
3144 3871 3620 3924 ere-communicatis

2502 3942 3034 3993 communicaverint.

1995 4060 2100 4122 (Ea:
2129 4056 2349 4110 concilio
2379 4054 2529 4124 apud
2555 4055 2930 4122 Erphesfurt.,
2963 4056 3051 4108 cui
3077 4056 3332 4120 interfuit
3353 4056 3618 4108 Henricus

1921 4162 2040 4214 rem,
2073 4147 2250 4214 capite
2293 4143 2368 4213 9.)
2417 4142 2678 4196 Decrevit
2709 4147 2902 4195 sancta
2937 4143 3188 4212 synodus
3219 4156 3348 4194 cum
3379 4142 3616 4196 consilio

1921 4231 2274 4288 serenissimi
2322 4230 2614 4301 principis,
2659 4231 2706 4283 si
2759 4231 3028 4300 deinceps
3063 4229 3268 4300 aliquis
3317 4231 3618 4300 episcopus

1919 4322 2008 4376 sui
2053 4321 2356 4374 ministerii
2411 4319 2642 4380 oblitus,
2703 4319 2886 4372 sciens
2939 4335 3066 4372 cum
3121 4318 3615 4373 excommunicato

1917 4408 2422 4464 communicaverit
2470 4409 2585 4460 sive
2611 4409 2670 4461 in
2703 4407 3066 4470 salutatione,
3099 4407 3214 4460 sive
3247 4407 3310 4460 in
3337 4408 3614 4476 oratione,

1918 4501 2034 4554 sive
2064 4500 2124 4553 in
2163 4499 2318 4569 justa
2349 4497 2786 4558 confortatione,
2819 4496 2938 4550 sive
2969 4496 3029 4548 in
3060 4495 3204 4558 cibo,
3235 4497 3350 4548 sive
3375 4496 3434 4549 in
3455 4501 3614 4566 potu,

1918 4587 2444 4643 excommunicatus
2493 4587 2794 4648 habeatur,
2844 4589 2961 4638 tam
2991 4601 3025 4636 a
3055 4584 3330 4654 principe,
3385 4601 3558 4654 quam
3585 4603 3618 4638 a

1917 4676 2135 4730 czeteris
2183 4674 2471 4738 omnibus,
2525 4689 2822 4744 quousque
2857 4673 2914 4726 in
2948 4673 3210 4742 proxima
3261 4672 3478 4742 synodo
3511 4689 3612 4725 au-

1918 4765 2126 4828 diatur,
2163 4767 2218 4818 et
2249 4766 2362 4818 Deo
2395 4768 2452 4816 et
2483 4762 2746 4816 Ecclesiae
2778 4761 3099 4814 satisfacere
3125 4765 3379 4829 cogatur.

1920 4884 2048 4938 CAP.
2083 4883 2352 4936 LXXVIII.
2377 4912 2444 4921 —
2470 4884 2542 4934 De
2561 4883 2770 4934 clericis
2791 4883 2887 4948 qui
2907 4882 3154 4947 fugerint
3175 4879 3442 4933 Ecclesias
3463 4893 3610 4942 suas,

2103 4961 2154 5008 et
2185 4954 2249 5006 de
2277 4956 2448 5006 servis
2478 4955 2574 5020 qui
2601 4953 2848 5005 dominos
2875 4953 3130 5020 proprios
3157 4953 3422 5016 fugerint.

1989 5059 2096 5130 (Ea:
2153 5059 2372 5112 concilio
2437 5057 2586 5126 apud
2633 5058 2876 5110 Altheim
2951 5057 3156 5121 habito,
3217 5057 3308 5108 cui
3360 5055 3616 5119 interfuit

1918 5147 2196 5203 Conradus
2229 5161 2346 5206 rem.
2403 5148 2579 5213 capite
2625 5148 2738 5212 27.)
2798 5145 3035 5199 Sanctus
3093 5143 3398 5212 Gregorius
3428 5141 3612 5195 dicit:

1919 5236 2203 5290 Clericum
2258 5233 2570 5304 fugientem
2628 5235 2698 5288 ab
2757 5233 3000 5288 Ecclesia
3057 5249 3180 5297 sua,
3237 5231 3324 5283 vel
3387 5246 3614 5284 servum

1917 5323 2234 5394 fugientem
2283 5323 2578 5376 dominum
2617 5323 2936 5392 proprium,
2981 5325 3035 5373 et
3065 5321 3356 5372 nolentem
3387 5318 3612 5382 reverti,

1913 5413 2236 5482 judicamus
2312 5411 2715 5464 communione
2801 5409 3034 5478 privari,
3101 5407 3477 5478 quoadusque
3545 5406 3616 5459 ad

1917 5499 2211 5570 propriam
2258 5497 2580 5561 Ecclesiam,
2616 5499 2702 5550 vel
2734 5497 2804 5550 ad
2855 5497 3153 5549 dominum
3197 5511 3364 5549 suum
3399 5495 3613 5549 redeat.

3221 5606 3305 5664 28
