4010 6192
426 227 528 278 875
1144 204 1155 213 ’
1504 226 1913 282 nuncnum
1960 226 2491 284 WOBMACIENSIS
2531 226 2863 282 EPISCOPI.
3774 238 3856 287 sm

429 351 493 403 Et
539 347 676 404 item
709 366 721 404 :
750 349 1030 405 Clericum
1072 348 1375 419 fugitivum
1424 364 1528 404 suo
1574 350 1840 421 episcopo
1884 350 1973 403 vel
2023 350 2122 403 do-
2148 352 2194 404 Α
2234 352 2317 404 vel
2349 349 2852 416 excommunicari,
2884 364 2998 403 una
3027 363 3158 402 cum
3183 349 3292 403 illis
3327 349 3426 420 qui
3453 351 3504 404 ei
3527 355 3859 408 communica-

425 438 584 492 mino
627 454 730 491 suo
785 436 1144 492 decernimus
1176 437 1491 508 apostolica
1540 438 1826 493 sententia
1872 438 2119 506 restitui,
2230 439 2436 493 verint.

1778 576 1955 617 FINIS
2001 578 2179 617 LIBRI
2228 577 2567 617 UNDECIMI.

423 1026 550 1079 CAP.
611 1027 655 1077 l.
690 1024 759 1077 Ut
780 1011 1128 1093 inultiplicia
1172 1038 1387 1092 genera
1411 1022 1875 1092 juramentorum
1917 1024 2119 1077 exstir-
2303 1022 2389 1075 vel
2422 1020 2533 1074 alio
2564 1019 2739 1073 modo
2785 1017 3145 1088 blasphemia
3190 1018 3391 1071 contra
3420 1016 3595 1069 Deum
3623 1014 3864 1071 immorta-

493 1117 720 1183 pentur.
2304 1111 2417 1163 lem
2447 1113 2709 1162 utuntur.

420 1203 473 1252 2.
519 1200 595 1251 De
622 1198 734 1250 illis
768 1197 866 1267 qui
900 1214 1113 1251 nomen
1150 1198 1250 1250 Dei
1284 1197 1343 1251 in
1374 1213 1584 1251 vanum
1618 1204 1871 1253 sumunt.
2236 1201 2319 1252 15.
2366 1200 2443 1252 De
2471 1199 2799 1267 juramento
2829 1193 3081 1250 Herodis.

421 1290 474 1341 3.
519 1288 596 1341 De
651 1285 766 1339 illis
825 1285 926 1357 qui
982 1302 1088 1357 per
1161 1286 1539 1357 cupiditatem
1598 1287 1920 1359 perjurium
1974 1287 2120 1341 fece-
2237 1289 2318 1341 16.
2369 1287 2447 1339 De
2480 1286 2591 1339 illis
2638 1283 2740 1355 qui
2782 1283 2982 1337 odium
3026 1281 3447 1353 sempiternum
3490 1280 3637 1334 inter
3679 1296 3730 1333 se
3751 1280 3867 1351 jura-
3942 1280 3943 1295 ’

492 1375 629 1428 rint.
2301 1380 2499 1428 mento
2532 1372 2909 1427 ﬁrmaverint.

417 1465 473 1519 4.
516 1465 593 1517 De
626 1462 737 1516 illis
784 1462 887 1534 qui
938 1463 1277 1535 jubentibus
1323 1463 1572 1518 dominis
1629 1463 1746 1517 suis
1795 1463 2116 1536 perjurium
2234 1466 2318 1516 l7.
2366 1463 2442 1516 De
2472 1461 2587 1515 illis
2619 1460 2720 1531 qui
2748 1460 2974 1514 incaute
2998 1458 3340 1530 juraverint.

493 1551 754 1606 fecerint.
2235 1553 2320 1604 18.
2366 1549 2618 1613 Qualiter
2648 1542 2965 1602 sacerdotes
2985 1549 3183 1618 jurare
3206 1546 3477 1605 debeant.

422 1639 474 1690 5.
521 1637 599 1690 De
630 1635 744 1689 illis
794 1634 895 1705 qui
924 1635 1187 1705 pejerant
1233 1651 1292 1689 se
1322 1634 1382 1689 in
1412 1651 1589 1689 manu
1632 1635 1904 1706 episcopi,
1935 1640 2035 1690 aut
2061 1635 2122 1690 in
2237 1641 2320 1693 l9.
2363 1638 2485 1702 Quo
2513 1642 2780 1707 tempore
2803 1638 2999 1707 jurare
3029 1637 3218 1690 liceat.

496 1738 661 1776 cruce
692 1728 1038 1787 consecrata,
1069 1727 1168 1776 aut
1196 1739 1315 1777 non
1348 1728 1695 1778 consecrata.
2151 1760 2192 1814 Β
2230 1728 2319 1781 20.
2365 1728 2442 1781 De
2473 1726 2585 1780 illis
2614 1726 2715 1797 qui
2745 1730 3164 1780 sacramentum
3195 1722 3345 1795 regis
3378 1721 3608 1777 violant.

422 1812 473 1865 6.
520 1811 599 1863 De
648 1808 762 1862 illis
804 1809 905 1880 qui
951 1827 1057 1880 pro
1087 1811 1203 1879 vita
1245 1811 1576 1867 redimenda
1613 1811 1932 1883 perjurium
1977 1812 2126 1866 fece-
2153 1808 2188 1814 ”
2235 1816 2323 1866 21.
2369 1814 2447 1867 De
2481 1813 2681 1867 eadem
2708 1830 2791 1867 re.

496 1897 632 1951 rint.
2236 1904 2327 1956 22.
2371 1902 2451 1956 De
2480 1902 2580 1955 illo
2625 1901 2726 1973 qui
2768 1901 3013 1957 audierit
3040 1916 3235 1955 vocem
3264 1897 3602 1971 pejerantis,
3629 1900 3680 1953 et
3718 1913 3869 1951 assen-

426 1991 479 2040 7.
523 1982 607 2039 De'
665 1984 779 2038 illis
844 1984 946 2057 qui
1006 1983 1212 2055 injuste
1284 1991 1414 2041 vota
1473 1987 1806 2059 juramento
1872 1989 2128 2044 ﬁrmave-
2308 2005 2435 2042 sum
2462 1988 2698 2060 przebet.

498 2077 652 2127 runt.
2235 2080 2323 2132 23.
2372 2079 2447 2131 De
2477 2079 2588 2131 hoc
2633 2078 2786 2149 quod
2812 2077 3116 2148 Apostolus
3147 2075 3433 2147 Spiritum
3475 2078 3717 2130 sanctum
3751 2074 3868 2128 testi-

426 2163 481 2215 8.
524 2162 602 2215 De
633 2161 830 2217 eadem
866 2178 948 2216 re.
2306 2166 2507 2220 ﬁcatus
2534 2172 2638 2221 est.

426 2251 479 2303 9.
521 2249 685 2313 Quod
740 2250 889 2303 Deus
944 2248 1023 2303 sic
1045 2250 1377 2320 juramenta
1415 2254 1756 2323 perceperit,
1793 2258 1854 2308 ut
1906 2253 2001 2308 ille
2033 2254 2126 2309 cui
2232 2255 2323 2309 24.
2368 2255 2447 2308 De
2473 2256 2674 2309 eadem
2708 2270 2787 2308 re.

490 2337 685 2408 jurata
712 2338 945 2392 fuerint.
2235 2347 2325 2398 25.
2370 2344 2531 2408 Quod
2561 2343 2820 2399 definitio
2850 2342 3059 2413 injusta
3090 2341 3367 2396 solvenda
3401 2341 3492 2395 sit.

432 2427 517 2479 l0.
561 2427 639 2479 De
670 2426 783 2479 illis
812 2426 911 2495 qui
934 2443 993 2480 se
1019 2427 1265 2482 scienter
1291 2429 1698 2500 pejeraverint.
2235 2435 2323 2486 26.
2372 2434 2448 2487 De
2480 2434 2680 2487 eadem
2713 2448 2793 2486 re.

432 2515 515 2566 11.
558 2513 721 2577 Quod
753 2514 1146 2587 unusquisque
1176 2517 1407 2588 jejunus
1430 2518 1626 2588 jurare
1653 2517 1873 2573 debeat.
2238 2524 2326 2573 27.
2374 2521 2450 2574 De
2483 2521 2680 2574 eadem
2711 2536 2793 2574 re.

432 2598 515 2649 12.
559 2598 640 2651 De
670 2599 871 2652 eadem
903 2615 986 2653 re.
2235 2607 2323 2659 28.
2369 2607 2440 2660 Ut
2469 2606 2737 2660 omnibus
2770 2605 2955 2659 modis
2988 2605 3306 2660 cavendum
3338 2604 3417 2659 sit
3447 2603 3796 2659 mendacium.

431 2687 517 2739 13.
559 2686 798 2750 Qualem
827 2688 1226 2757 paenitentiam
1249 2688 1468 2760 perjuri
1500 2692 1755 2759 accipere
1786 2689 2050 2745 debeant.
2235 2697 2324 2749 29.
2363 2694 2507 2748 Item
2539 2695 2609 2749 de
2636 2695 2985 2765 juramento.

432 2774 517 2827 14.
560 2775 639 2828 De
684 2774 798 2829 illis
827 2776 927 2846 qui
958 2793 1061 2847 per
1090 2778 1361 2848 capillum
1411 2778 1532 2840 Dei,
1584 2782 1683 2832 aut
1712 2783 1883 2849 caput
1907 2780 2124 2849 juraut,
2700 2783 2904 2837 Indicis
2933 2781 3295 2852 capitulorum
3323 2785 3477 2851 ﬁnis.

1772 3063 2613 3168 BUBCHARDI
3957 3074 3959 3215 χ

1426 3265 1831 3320 ECCLESIAS
1879 3265 2521 3324 WORMACIENSIS
2568 3267 2943 3324 EPISCOPI

436 3448 1789 3598 DECRETORUM
1925 3451 2517 3595 LIBER
2660 3445 3877 3597 DUODECIMUS

1902 3730 2003 3794 DE
2051 3730 2461 3797 PERJURIO.

921 4057 1403 4114 ARGUMENTUM
1441 4057 1652 4113 LIBRI.
2168 4057 2208 4112 C
2248 4058 2375 4111 CAP.
2423 4058 2490 4112 Il.
2537 4088 2606 4098 —
2636 4060 2710 4114 De
2736 4059 2853 4114 illis
2896 4060 2993 4128 qui
3016 4073 3206 4113 nomen
3236 4059 3346 4113 Dei
3374 4061 3435 4114 in
3461 4075 3656 4114 vanum
3690 4058 3880 4112 sumunt.

510 4152 680 4207 Libro
725 4149 833 4203 hoc
874 4149 941 4202 de
974 4148 1305 4217 juramento
1354 4149 1411 4200 et
1462 4144 1737 4216 perjurio,
1789 4144 1859 4199 de
1894 4144 2135 4214 jurandi

439 4240 707 4295 facilitate
769 4236 1007 4305 ejusque
1080 4233 1357 4306 periculo,
1423 4232 1607 4304 deque
1654 4231 1932 4302 improbis
1973 4232 2139 4302 jura-

440 4327 650 4383 mentis
680 4323 1059 4394 infringendis
1088 4322 1297 4393 agitur.

442 4419 569 4471 CAP.
657 4414 701 4467 Ι.
770 4440 839 4453 --
922 4413 987 4466 Ut
1052 4412 1380 4479 multiplicia
1446 4423 1645 4476 genera
1698 4409 2135 4478 juramentorum

1104 4484 1468 4550 extirpentur.

512 4574 631 4641 (Ea:
686 4571 908 4627 concilio
966 4570 1246 4635 Meldensi,
1305 4571 1483 4638 capite
1541 4570 1651 4636 10.)
1707 4568 1776 4622 Ut
1832 4567 2137 4639 multiplex

433 4662 919 4732 juramentorum,
952 4664 1009 4713 et
1050 4657 1446 4728 perjuriorum
1493 4656 1777 4722 confusio,
1827 4672 1931 4727 per
1962 4672 2136 4727 quam

440 4752 635 4805 multm
678 4748 939 4803 ﬁdelium
987 4745 1195 4800 animas
1224 4744 1285 4798 in
1330 4747 1452 4798 toto
1507 4744 1617 4798 hoc
1659 4759 1841 4815 regno
1895 4746 2136 4816 perditae

440 4857 557 4895 esse
604 4842 936 4904 noscuntur,
986 4850 1159 4906 quam
1209 4833 1282 4887 sit
1327 4833 1658 4888 detestanda
1698 4839 1755 4888 et
1788 4834 1903 4888 Deo
1952 4834 2135 4888 odibi-

437 4929 526 4995 lis,
561 4931 815 4982 attentus
862 4923 1129 4978 omnibus
1161 4922 1557 4977 annuntietur.
1607 4923 1852 4977 Tantum
1883 4938 2135 4993 namque

438 5018 549 5071 hoc
580 5015 800 5070 malum
836 5016 939 5078 est,
975 5016 1036 5065 ut
1068 5010 1140 5064 ad
1175 5010 1500 5065 sanctuaria
1547 5014 1868 5081 martyrum
1914 5010 2013 5065 ubi
2042 5010 2136 5065 di-
2245 5013 2371 5068 CAP.
2405 5014 2503 5069 ΙΙΙ.
2551 5044 2619 5054 --
2672 5017 2746 5069 De
2792 5018 2903 5071 illis
2954 5018 3052 5084 qui
3083 5031 3184 5084 per
3229 5017 3587 5085 cupiditatem
3628 5011 3885 5085 perij

437 5118 735 5159 versornm
793 5098 1165 5171 aegritudines
1221 5104 1519 5167 sanantur,
1570 5098 1652 5153 ibi
1710 5098 1950 5169 perjuri,
2007 5098 2136 5154 licet
2968 5089 3214 5151 fecerint.

441 5193 741 5247 manifeste
786 5188 1073 5243 interdum
1104 5187 1299 5241 vexari
1344 5204 1463 5241 non
1494 5187 1817 5254 videantur,
1843 5188 2003 5257 justo
2033 5186 2135 5241 Dei
2317 5188 2425 5259 (Ex
2469 5192 2833 5259 pamitenttali
2866 5192 3146 5258 Romano.)
3178 5191 3237 5246 Si
3263 5191 3394 5262 quis
3425 5208 3531 5263 per
3569 5188 3883 5260 cupiditatem

435 5281 651 5352 judicio
696 5295 730 5332 a
773 5275 1132 5332 daemonibus
1184 5275 1553 5345 arripiantur.
1602 5277 1670 5329 Et
1711 5275 1860 5330 sicut
1907 5280 2135 5329 sanctus
2243 5278 2603 5348 pejeraverit,
2666 5295 2868 5333 omnes
2898 5295 2989 5333 res
3038 5296 3169 5333 suas
3216 5281 3446 5348 vendat,
3493 5276 3811 5351 pauperibus
3846 5273 3885 5322 el

441 5367 581 5424 dicit
609 5365 932 5437 Gregorius,
979 5363 1048 5417 ad
1081 5362 1290 5417 horum
1334 5378 1572 5433 corpora
1618 5362 1758 5432 aegri
1814 5363 2052 5419 veniunt
2081 5369 2136 5417 et
2242 5365 2568 5431 distribuat,
2611 5369 2667 5420 et
2698 5367 3109 5423 monasterium
3145 5366 3457 5438 ingressus,
3499 5368 3625 5439 jugi
3650 5362 3884 5437 panitet!-

439 5460 737 5523 curantur,
767 5458 825 5509 et
852 5452 1071 5525 perjuri
1097 5467 1125 5506 ε
1156 5450 1444 5507 daemonio
1478 5458 1772 5505 vexantur.
2243 5452 2337 5507 tie
2370 5470 2430 5508 se
2461 5453 2684 5510 subdat.

2316 4183 2427 4250 (Ea:
2472 4182 2634 4237 dictis
2683 4184 3021 4251 Hieronym.)
3079 4183 3370 4238 Habemus
3425 4183 3489 4238 in
3540 4184 3658 4252 lege
3705 4175 3883 4235 Domini

2242 4270 2560 4341 scriptum:
2594 4273 2719 4325 Non
2764 4271 3048 4342 pejerabis
3074 4272 3133 4326 in
3178 4272 3418 4327 nomine
3470 4288 3621 4337 meo,
3664 4286 3755 4324 nec
3791 4266 3881 4338 pol-

2245 4359 2367 4412 lues
2417 4374 2629 4414 nomen
2677 4360 2907 4414 Domini
2957 4360 3058 4414 Dei
3089 4360 3195 4425 tui,
3230 4366 3287 4415 et
3326 4377 3398 4416 ne
3449 4376 3697 4414 assumes
3721 4368 3881 4413 nomen

2245 4446 2345 4500 Dei
2376 4447 2459 4501 tui
2487 4447 2548 4500 in
2598 4463 2827 4502 vanum.
2884 4448 3018 4503 Ideo
3053 4423 3405 4503 adinonendi
3446 4454 3583 4503 sunt
3627 4461 3816 4511 omnes,
3837 4446 3881 4494 ut

2243 4534 2547 4604 diligenter
2597 4544 2834 4591 caveant
2877 4537 3219 4608 perjurium,
3269 4554 3393 4592 non
3431 4539 3617 4593 solum
3646 4536 3701 4591 in
3741 4530 3880 4596 altari.

2244 4639 2347 4677 seu
2377 4628 2707 4678 sanctorum
2739 4625 3019 4697 reliquiis,
3052 4625 3149 4680 sed
3184 4629 3240 4679 et
3266 4625 3328 4679 in
3358 4626 3650 4680 communi
3684 4620 3879 4693 loquela.

2242 4711 2383 4765 Item
2431 4712 2751 4767 cavendum
2784 4718 2887 4780 est,
2935 4730 3007 4768 ne
3037 4714 3245 4785 aliquis
3275 4715 3406 4784 plus
3455 4730 3654 4769 aurum
3693 4709 3884 4767 honoret

2243 4816 2417 4870 quam
2465 4803 2664 4867 altare,
2717 4819 2787 4857 ne
2819 4802 2870 4856 ei
2904 4802 3180 4857 Dominus
3214 4802 3366 4857 dicat
3396 4820 3409 4858 :
3437 4804 3639 4869 Stulte,
3670 4800 3790 4872 quid
3824 4799 3886 4850 est

2243 4889 2451 4959 majus,
2483 4906 2687 4944 aurum
2718 4907 2793 4945 an
2817 4892 2994 4945 altare
3023 4892 3174 4962 quod
3207 4893 3525 4947 sanctiticat
3553 4906 3758 4946 aurum.
