3972 6192
104 362 216 411 δπ
1011 357 1478 414 DECRETOBUM
1524 361 1708 414 LIBRI
1745 362 1852 415 xx.
1888 393 1954 400 —
1997 363 2206 417 LIBER
2247 364 2741 422 nuonncnws:
3519 386 3622 436 878

105 479 246 531 ωλι».
281 478 368 530 IV.
415 505 481 517 -
517 475 599 528 De
642 476 751 558 illis
801 478 898 558 qui
918 475 1236 556 jubentibus
1279 478 1510 532 dominis
1552 483 1666 533 suis
1691 496 1815 548 per-
1843 487 1884 537 A
1924 498 2042 534 esse
2070 483 2128 536 in
2161 500 2277 551 ore,
2309 486 2424 552 Est,
2459 491 2564 554 est,
2601 489 2743 548 Non.
2784 506 2918 543 non.
2953 493 3214 562 Amplius
3258 497 3412 551 enim
3451 517 3621 570 quam

721 562 935 612 Jurlum
965 550 1206 612 fvcerult-
1279 559 1284 564 γ
1927 577 2008 612 pd
2067 577 2118 612 pi
2153 589 2264 612 nm]
2300 579 2380 612 act
2454 590 2480 612 ιι
2518 577 2667 612 mnln
2699 583 2776 612 ac}
2837 580 2988 612 Mulli
3027 587 3083 612 ..4
3113 583 3304 612 Γηιιηηι
3348 589 3600 612 .π,.;........ι

721 562 935 614 Jurium
965 559 1206 612 fecerint.
1279 559 1284 564 '

182 638 297 701 (Ea:
352 635 498 688 decr.
551 637 638 688 Pii
687 650 865 703 papae,
915 638 1092 703 capite
1152 637 1226 703 ‘2.)
1267 636 1374 699 Qui
1405 639 1733 706 compulsus
1788 653 1822 690 a

107 724 356 777 domino
409 723 631 792 pejerat
683 739 739 774 se
769 722 972 784 sciens,
1030 722 1256 793 utrique
1314 724 1425 777 sint
1479 725 1714 794 perjuri,
1767 729 1823 778 et

112 813 392 866 dominus
448 818 505 865 et
537 811 696 864 miles
739 811 1076 873 :dominus,
1130 812 1266 880 quia
1312 813 1587 882 praecepit
1634 814 1815 877 mil‘es,

113 901 257 970 quia
303 901 430 971 plus
474 899 776 953 dominum
811 915 985 969 quam
1041 899 1293 953 animam
1339 901 1557 955 dilexit.
1591 903 1647 956 Si
1678 902 1823 955 liber

113 994 221 1056 est,
276 987 659 1059 quadraginta
707 987 828 1040 dies
859 987 916 1039 in
967 1003 1116 1056 pane
1147 993 1204 1040 et
1246 1005 1394 1058 aqua
1444 989 1734 1060 paeniteat,
1769 995 1824 1043 et

113 1094 188 1130 vn
248 1082 555 1148 sequentes
597 1093 810 1130 annos-
851 1077 908 1130 Si
963 1094 1157 1130 servus
1202 1078 1324 1147 ejus
1356 1085 1461 1143 est,
1517 1083 1632 1133 tres
1682 1096 1820 1150 qua-

117 1167 473 1236 dragesimas
505 1170 561 1218 et
593 1165 875 1233 legitimas
901 1165 1070 1218 ferias
1103 1166 1393 1236 poeniteat.

119 1257 250 1309 CAP.
287 1257 350 1308 V.
385 1283 454 1294 —-
481 1257 553 1307 De
600 1256 711 1306 illis
745 1257 840 1321 qui
883 1255 1131 1322 pejerant
1163 1270 1218 1308 se
1246 1257 1304 1307 in
1351 1271 1516 1308 manu
1563 1258 1822 1325 episcopi,

303 1331 396 1379 aut
422 1329 480 1377 in
509 1340 662 1378 cruce
690 1332 1020 1388 consecrata,
1059 1330 1152 1378 aut
1183 1341 1287 1378 non
1316 1334 1643 1379 consecrata.

194 1418 309 1479 (Ea:
336 1414 700 1482 pamitentiali
751 1412 1010 1481 Theodo.)
1038 1412 1145 1476 Qui
1195 1415 1413 1483 pejerat
1461 1413 1606 1467 sein
1652 1430 1821 1466 manu

123 1502 401 1572 episcopi,
451 1507 550 1555 aut
602 1502 660 1554 in
711 1517 876 1555 cruce
924 1508 1269 1568 consecrata,
1301 1520 1362 1555 III
1418 1519 1597 1556 annos
1642 1502 1826 1572 pceni-

125 1598 260 1646 teat.
296 1592 353 1646 Si
403 1607 536 1644 vero
579 1591 638 1643 in
665 1607 829 1644 cruce
863 1607 977 1645 non
1009 1595 1354 1658 consecrata,
1397 1607 1614 1644 annum
1643 1608 1826 1646 unum

124 1681 418 1751 poeniteat.
480 1679 588 1743 Qui
637 1684 830 1733 autem
885 1680 1148 1734 seductus
1205 1679 1398 1747 fuerit,
1449 1683 1505 1734 et
1554 1679 1828 1749 ignorans

127 1786 184 1823 se
229 1769 592 1838 pejeraverit,
642 1774 699 1823 et
740 1772 938 1840 postea
989 1769 1300 1840 cognoscit,
1333 1774 1447 1823 tres
1500 1769 1825 1840 quadrage-
1857 1766 1897 1820 Β

126 1859 302 1912 simas
334 1859 625 1927 paeniteat.

127 1948 255 2001 CAP.
293 1947 382 2000 VI.
413 1976 481 1988 —
518 1949 590 2000 De
621 1948 730 2001 illis
759 1947 1136 2083 quifpro'vz‘ta
1165 1947 1482 2000 redimenda
1515 1947 1827 2017 perjurium

878 2034 1050 2071 ecerin
1083 2059 1094 2071 .

878 2034 1094 2071 θορνιηι.

194 2109 308 2172 (Ea:
339 2106 698 2175 panitentiali
744 2105 1025 2174 Romano.)
1058 2105 1115 2159 Si
1145 2105 1272 2176 quis
1309 2110 1534 2159 coactus
1560 2122 1664 2175 pro
1711 2105 1827 2158 vita

130 2195 484 2259 redimenda,
518 2195 604 2247 vel
635 2210 739 2262 pro
769 2193 1026 2263 qualibet
1057 2210 1246 2258 causa,
1283 2195 1371 2247 vel
1404 2195 1736 2248 necessitate
1767 2210 1826 2248 se

131 2283 388 2351 pejerat:
423 2281 559 2351 quia
602 2282 730 2352 plus
759 2297 966 2350 corpus
1014 2298 1186 2351 quam
1237 2282 1492 2336 animam
1532 2283 1827 2352 dilexerat,

133 2376 242 2422 tres
296 2369 783 2440 quedragesimas.
820 2370 930 2422 Alii
957 2370 1219 2438 judicant
1253 2375 1369 2424 tres
1401 2388 1601 2436 annos,
1649 2388 1829 2426 unum

136 2475 198 2512 ex
229 2459 319 2512 his
350 2459 411 2512 in
439 2475 584 2528 pane
617 2463 670 2512 et
701 2474 870 2528 aqua,
898 2459 1198 2528 poeniteat.

136 2549 262 2602 CAP.
299 2548 412 2600 VII.
445 2577 512 2588 —
557 2551 630 2601 De
658 2548 768 2600 illis
797 2549 894 2616 qui
921 2548 1130 2671 injufta
1156 2551 1279 2600 vota
1303 2548 1614 2616 juramento
1641 2551 1827 2617 ﬁrma-

884 2634 1033 2671 verm

884 2634 1033 2672 verm

203 2706 312 2777 (Ea:
341 2707 570 2761 concilio
610 2707 875 2772 Toletan.,
925 2709 1101 2774 capite
1145 2707 1221 2776 9.)
1270 2707 1504 2760 Necesse
1537 2708 1690 2761 enim
1722 2713 1825 2774 est,

138 2800 196 2847 ut
240 2795 387 2848 male
414 2795 636 2864 jurans,
684 2795 914 2865 dignam
950 2794 1348 2866 paenitentiam
1378 2800 1531 2864 agat,
1577 2812 1644 2848 eo
1677 2795 1829 2866 quod

139 2899 345 2936 nomen
384 2883 611 2936 Domini
663 2889 860 2935 contra
895 2887 1248 2952 prmceptum
1283 2883 1436 2936 illius
1482 2883 1726 2952 sumpsit
1770 2884 1828 2936 in

137 2987 342 3024 vanum
377 2987 389 3024 :
426 2971 560 3041 quia
592 2970 650 3024 in
692 2971 879 3025 Exodo
923 2971 1198 3040 scriptum
1233 2976 1318 3024 est
1350 2987 1362 3024 :
1399 2972 1510 3024 Nec
1560 2971 1713 3024 enim
1746 2972 1831 3023 in-

1927 577 2033 638 est,
2067 577 2121 625 et
2153 589 2268 626 non
2300 579 2403 636 est,
2453 590 2485 626 a
2518 577 2667 628 malo
2699 583 2798 631 est.
2836 580 2992 633 Multi
3027 587 3088 634 ut
3113 583 3311 637 fallant
3346 589 3624 656 pejorant,

1927 665 1990 712 ut
2020 677 2121 730 per
2167 661 2338 715 tidem
2390 666 2731 718 sacramenti
2781 667 2952 721 tidem
3007 669 3221 724 faciant
3269 675 3624 732 verborum:

1929 748 2120 819 sicque
2172 750 2420 804 fallendo
2478 753 2615 806 dum
2674 755 2949 824 pejerant,
3002 764 3056 811 et
3106 763 3482 831 mentiuntur,
3533 767 3630 819 lio-

1929 836 2143 890 minem
2194 839 2487 892 incautum
2542 841 2851 912 decipiunt.
2904 846 3196 900 Interdum
3234 856 3290 902 et
3338 852 3495 905 falsis
3545 855 3626 907 la-

1930 926 2139 994 crymis
2185 926 2403 980 seducti
2449 927 2788 998 decipimur,
2821 938 2877 984 et
2908 934 3158 988 creditur
3191 936 3326 990 dum
3377 941 3625 1008 plorant,

1930 1013 2137 1081 quibus
2186 1015 2534 1069 credendum
2587 1034 2702 1070 non
2736 1027 2875 1074 erat.
2919 1022 3268 1094 Plerumque
3308 1027 3430 1081 sine
3469 1031 3626 1098 jura-

1932 1107 2124 1154 mento
2184 1103 2343 1173 loqui
2394 1105 2776 1175 disponimus,
2829 1110 2924 1162 sed
2973 1111 3375 1168 incredulitate
3427 1134 3629 1172 eorum

1931 1189 2029 1260 qui
2061 1207 2179 1243 non
2223 1193 2461 1246 credunt
2489 1194 2641 1263 quod
2675 1196 2939 1265 dicimus,
2976 1198 3169 1267 jurare
3205 1205 3627 1274 compellimur,

1931 1279 2145 1348 talique
2189 1281 2524 1334 necessitate
2563 1283 2797 1351 jurandi
2847 1289 3322 1344 consuetudinem
3372 1293 3627 1348 facimus.

1932 1367 2077 1420 Sunt
2123 1369 2289 1422 multi
2337 1371 2405 1422 ad
2439 1371 2788 1425 credendum
2830 1374 3000 1444 pigri,
3032 1377 3130 1446 qui
3180 1395 3294 1432 non
3328 1386 3632 1436 moventur

1934 1455 2003 1507 ad
2036 1455 2209 1508 fidem
2244 1456 2444 1510 verbis.
2482 1457 2739 1511 Graviter
2770 1467 2960 1515 autem
2989 1463 3347 1534 delinquunt,
3397 1470 3494 1538 qui
3526 1472 3631 1524 sibi

1934 1542 2234 1611 loquentes
2273 1544 2469 1612 jurare
2502 1552 2730 1614 cogunt.
2780 1548 3129 1619 Quacunque
3173 1559 3294 1606 arte
3327 1557 3632 1611 verborum

1935 1630 2177 1700 quisque
2223 1631 2399 1699 juret,
2445 1633 2592 1685 Deus
2649 1639 2863 1698 tamen,
2915 1637 3016 1706 qui
3069 1640 3429 1695 conscientiae
3476 1646 3632 1699 testis

1936 1722 2039 1784 est,
2086 1719 2166 1771 ita
2219 1719 2326 1772 hoc
2357 1721 2578 1790 accipit,
2632 1722 2779 1776 sicut
2809 1723 2906 1777 ille
2937 1725 3027 1777 cui
3069 1726 3300 1794 juratur
3331 1729 3623 1801 intelligit.

1936 1807 2249 1876 Dupliciter
2303 1815 2495 1862 autem
2541 1826 2671 1863 reus
2716 1811 2844 1876 erit,
2907 1813 3004 1883 qui
3058 1819 3113 1868 et
3159 1816 3260 1869 Dei
3310 1833 3519 1872 nomen
3573 1821 3632 1874 in

1934 1911 2146 1949 vanum
2193 1896 2460 1962 adsumit,
2511 1902 2566 1950 et
2620 1899 2948 1968 proximum
2999 1901 3130 1956 dolo
3169 1905 3340 1974 capit.
3397 1908 3519 1961 Non
3553 1913 3638 1962 est

1936 1984 2386 2038 conservandum
2445 1992 2867 2041 sacramentum
2919 1991 3072 2058 quod
3134 1993 3351 2047 malum
3408 1999 3632 2051 incaute

1936 2072 2311 2141 promittitur,
2361 2074 2538 2127 veluti
2570 2075 2616 2127 si
2645 2075 2930 2144 quispiam
2980 2077 3254 2133 adulteras
3295 2089 3632 2151 perpetuam

1937 2176 2066 2213 cum
2115 2177 2180 2213 ea
2234 2163 2613 2230 permanendi
2651 2163 2825 2216 fidem
2859 2165 3215 2234 polliceatur.
3261 2170 3634 2226 Tolerabilius

1936 2253 2020 2302 est
2067 2248 2221 2302 enim
2254 2266 2367 2302 non
2411 2249 2653 2319 implere
2683 2258 3126 2316 sacramentum,
3179 2271 3353 2325 quam
3406 2275 3632 2328 perma-

1938 2351 2073 2390 nere
2120 2336 2178 2390 in
2210 2338 2392 2407 stupri
2423 2338 2660 2408 flagitio.
2704 2340 2922 2407 Jurare,
2961 2345 3045 2394 est
3079 2341 3176 2396 Dei
3207 2343 3304 2397 illa
3334 2347 3635 2415 providen-

1935 2424 2035 2488 tia,
2086 2441 2211 2494 quze
2242 2426 2435 2478 statuit
2467 2443 2581 2479 non
2626 2428 2866 2482 evellere
2909 2433 3136 2483 statuta.
3171 2432 3510 2488 Pcenitentia
3540 2453 3636 2488 au—

1935 2517 2052 2566 tem
2109 2513 2224 2578 Dei,
2286 2530 2474 2566 rerum
2513 2516 2754 2568 mutatio
2801 2521 2900 2570 est.
2939 2518 3061 2570 Non
3108 2520 3384 2589 poenitere
3418 2527 3632 2590 autem,

1939 2605 2148 2656 statuta
2194 2618 2308 2656 non
2367 2619 2652 2671 revocare,
2703 2609 2765 2657 ut
2813 2609 2898 2660 est
2949 2606 3087 2660 illud
3133 2609 3394 2662 :Juravit
3448 2612 3636 2664 Domi-

1938 2707 2043 2743 nus
2078 2694 2134 2743 et
2174 2707 2290 2744 non
2333 2691 2637 2761 poenitebit
2665 2709 2819 2761 enim,
2869 2693 2926 2747 id
2957 2699 3061 2762 est,
3109 2713 3234 2766 quae
3261 2696 3476 2767 juravit
3518 2715 3637 2753 non

1938 2779 2201 2832 mutabit.

2056 2869 2182 2920 CAP.
2215 2869 2300 2921 XI.
2334 2899 2400 2906 ——
2427 2871 2502 2923 De
2534 2871 2640 2922 illis
2674 2872 2770 2938 qui
2798 2873 3026 2924 scienter
3057 2887 3111 2926 se
3131 2874 3516 2941 pejeraverint.

2011 2956 2117 3024 (Ea:
2147 2959 2505 3024 pa’nitentiali
2564 2959 2819 3027 ’l‘heodo.)
2861 2959 2916 3013 Si
2950 2961 3076 3029 quis
3117 2963 3437 3031 suspicatur
3481 2965 3637 3035 quod

139 3066 351 3112 sontem
398 3059 636 3113 habebit
665 3060 943 3113 Dominus
991 3076 1123 3112 eum
1155 3059 1255 3129 qui
1305 3059 1677 3128 assumpserit
1725 3076 1828 3112 no-
1861 3042 1900 3095 (δ
1940 3043 2009 3097 δά
2041 3045 2359 3113 Perlm'ium
2389 3045 2716 3112 inducatur,
2749 3056 2804 3100 θί
2834 3052 3026 3102 tamen
3059 3066 3124 3102 ex
3157 3067 3433 3105 001159113“
3456 3056 3634 3122 Iurat:

140 3165 263 3202 men
318 3149 543 3201 Domini
594 3148 694 3201 Dei
739 3147 827 3201 sui
886 3149 1114 3202 frustra.
1161 3149 1226 3201 Et
1271 3147 1331 3200 in
1366 3148 1608 3201 Levitico
1657 3164 1669 3202 :
1707 3149 1828 3201 Non

138 3237 417 3306 pejerabis
463 3236 525 3289 in
570 3235 801 3289 nomine
855 3252 1002 3300 meo,
1051 3251 1156 3288 nec
1194 3236 1416 3304 pollues
1465 3251 1672 3289 nomen
1718 3237 1828 3289 Do-

141 3327 274 3378 mini
323 3325 424 3378 Dei
474 3324 582 3393 tui,
624 3340 729 3394 ego
765 3325 1062 3378 Dominus.
1096 3324 1308 3379 Malum
1347 3329 1540 3378 tamen
1572 3325 1722 3395 quod
1751 3325 1830 3378 fa-

142 3421 357 3468 cturum
389 3431 447 3467 se
476 3419 832 3466 sacramento
864 3413 1187 3480 devoverat,
1214 3412 1451 3466 omnino
1483 3430 1597 3467 non
1621 3414 1826 3480 faciat,

142 3502 267 3572 quia
295 3505 467 3556 stulta
498 3507 624 3555 vota
652 3501 970 3570 frangenda
1000 3506 1148 3556 sunt.

559 3591 685 3642 CAP.
724 3591 863 3644 VIII.
896 3620 963 3628 ——
995 3593 1069 3643 De
1109 3589 1292 3642 eadem
1323 3605 1399 3642 re.

208 3678 314 3746 (Ea:
330 3678 471 3732 decr.
498 3679 738 3731 Fabiani
751 3693 932 3747 papze,
957 3680 1133 3746 capite
1159 3677 1271 3746 Il.)
1295 3676 1631 3746 Quicunque
1649 3675 1831 3729 sciens

145 3782 196 3818 se
225 3767 583 3836 pejeraverit,
635 3766 1015 3836 quadraginta
1045 3766 1164 3819 dies
1206 3765 1264 3817 in
1297 3781 1441 3834 pane
1493 3769 1548 3818 et
1576 3779 1742 3834 aqua,
1777 3767 1832 3816 et

147 3861 351 3923 septem
391 3869 574 3906 annos
630 3858 936 3923 sequentes
985 3852 1282 3922 poeniteat,
1315 3857 1370 3904 et
1412 3867 1713 3921 nunquam
1761 3851 1834 3904 sit

148 3942 255 3994 sine
303 3941 664 4012 poenitentia,
716 3946 771 3994 et
801 3957 1100 4011 nunquam
1146 3941 1206 3993 in
1238 3940 1636 3993 testimonium
1681 3939 1832 3994 reci-

145 4029 344 4098 piatur,
379 4035 435 4084 et
458 4035 589 4101 post
611 4030 734 4083 haec
763 4030 1233 4083 communionem
1264 4028 1558 4099 percipiat.

587 4119 717 4173 CAP.
761 4119 845 4172 IX.
877 4148 945 4156 —
975 4121 1049 4172 De
1089 4117 1271 4171 eadem
1301 4133 1378 4171 re.

206 4211 313 4272 (Ea:
342 4207 487 4261 decr.
520 4207 728 4274 Pelagii
755 4223 932 4276 papae,
966 4209 1143 4275 capite
1195 4208 1308 4274 ll.)
1341 4205 1398 4259 Si
1430 4204 1558 4275 quis
1586 4220 1644 4258 se
1676 4203 1831 4274 peje-

146 4297 362 4362 raverit,
425 4299 480 4348 et
537 4295 676 4348 alios
732 4296 914 4348 sciens
975 4295 1033 4347 in
1091 4293 1409 4363 perjurium
1466 4292 1712 4357 duxerit,
1764 4308 1834 4346 XL

147 4383 254 4436 dies
285 4385 343 4437 in
371 4400 520 4454 pane
554 4389 610 4438 et
656 4400 827 4454 aqua,
876 4387 931 4437 et
957 4399 1034 4436 vn
1067 4386 1372 4452 sequentes
1429 4397 1610 4436 annos
1658 4381 1836 4451 pmni-

147 4476 270 4537 teat,
327 4478 383 4525 et
434 4488 732 4542 nunquam
798 4471 871 4524 sit
941 4471 1063 4524 sine
1111 4470 1469 4540 pmnitentia.
1549 4470 1614 4521 Et
1661 4469 1755 4522 alii
1789 4468 1833 4520 si

148 4561 349 4613 conscii
411 4560 659 4625 fuerant,
725 4559 992 4614 similiter
1046 4559 1364 4629 pmniteant
1423 4575 1436 4610 :
1497 4558 1584 4610 sin
1644 4563 1834 4610 autem

151 4651 352 4720 singuli
382 4656 447 4704 ut
493 4650 813 4722 perjurium
843 4666 962 4704 non
989 4653 1189 4721 sponte
1237 4647 1623 4712 commissum,
1656 4647 1834 4717 paeni-

150 4744 311 4793 teant.

152 4827 268 4881 Car.
322 4829 381 4882 X.
418 4858 486 4866 —
527 4827 684 4892 Quod
732 4829 809 4881 sic
866 4829 1000 4880 Deus
1045 4826 1362 4894 juramenta
1406 4827 1724 4894 perceperit,
1777 4827 1837 4878 ut

577 4900 662 4952 illi
700 4901 788 4951 cui
818 4897 1135 4965 iuramenta
1162 4899 1391 4961 fuerint.

216 4987 328 5054 (Ex
359 4987 521 5041 dictis
548 4987 604 5042 S.
638 4986 882 5054 Isidori.)
915 4986 1072 5039 Sicut
1105 4984 1338 5038 mentiri
1371 4999 1486 5036 non
1517 4987 1708 5052 potest
1737 4981 1838 5052 qui

153 5090 257 5127 non
301 5075 576 5146 loquitur,
633 5075 710 5126 sic
743 5074 1000 5144 pejerare
1051 5088 1166 5126 non
1199 5071 1452 5142 potuerit
1497 5071 1597 5141 qui
1645 5072 1838 5140 jurare

152 5178 258 5216 non
286 5163 523 5234 appetit.
579 5163 908 5216 Cavendum
946 5161 1126 5231 igitur
1158 5165 1242 5214 est
1285 5160 1704 5230 juramentum,
1737 5175 1840 5212 nec

154 5267 214 5304 eo
257 5253 558 5318 utendum,
611 5251 722 5304 nisi
753 5251 874 5304 sola
925 5249 1282 5303 necessitate.
1338 5250 1460 5302 Non
1519 5252 1602 5300 est
1643 5254 1840 5301 contra

156 5340 244 5394 Dei
288 5345 640 5411 praeceptum
686 5342 902 5410 jurare,
955 5339 1050 5392 sed
1082 5339 1220 5392 dum
1279 5353 1446 5390 usum
1495 5336 1722 5405 iurandi
1767 5337 1842 5389 fa-

156 5430 342 5492 cimus,
376 5429 618 5500 perjurii
670 5428 886 5481 crimen
937 5426 1304 5480 incurrimus.
1355 5425 1662 5493 Nunquam
1707 5441 1842 5495 ergo

153 5516 315 5583 jurat,
347 5517 447 5588 qui
494 5518 752 5586 pejerare
784 5515 969 5569 timet.
1005 5513 1165 5568 Multi
1199 5513 1336 5566 dum
1382 5512 1719 5581 loquuntur,
1755 5513 1844 5582 ju-

160 5617 276 5656 rare
319 5617 546 5674 semper
576 5603 952 5670 delectantur,
1002 5601 1139 5655 dum
1181 5602 1442 5669 oporteat
1487 5598 1590 5650 hoc
1621 5604 1842 5653 tantum

1937 3147 2008 3184 x1.
2055 3132 2176 3185 dies
2209 3133 2505 3200 poeniteat,
2556 3139 2610 3186 et
2662 3151 2739 3187 vn
2786 3142 3088 3205 sequentes
3136 3155 3338 3210 annos,
3388 3147 3445 3194 et
3488 3158 3637 3197 nun-

1939 3236 2110 3290 quam
2145 3220 2218 3274 sit
2248 3221 2370 3274 sine
2400 3221 2561 3291 gravi
2590 3223 2948 3291 pmnitentia.

1940 3327 2069 3380 CAP.
2125 3328 2235 3380 XII.
2289 3357 2351 3366 --
2410 3327 2562 3394 Quod
2614 3332 2985 3453 unusbquiésque
3034 3333 3259 3401 jejunus
3304 3335 3500 3403 jurare
3545 3336 3637 3392 de-

2773 3417 2833 3453 ea
2866 3441 2877 3453 .

2773 3417 2877 3454 eat.

2011 3486 2129 3553 (Ea:
2159 3485 2300 3538 decr.
2336 3487 2582 3570 Cornelii
2606 3503 2783 3555 papae,
2819 3491 2997 3556 capite
3018 3491 3090 3556 5.)
3117 3489 3221 3544 Sed
3255 3495 3311 3543 et
3339 3492 3504 3547 nobis
3532 3495 3637 3550 ho-

1942 3576 2169 3624 nestum
2227 3571 2400 3624 etiam
2453 3578 2509 3625 et
2533 3573 2750 3641 justum
2795 3574 3037 3644 videtur,
3086 3582 3150 3629 ut
3196 3577 3295 3646 qui
3325 3579 3383 3631 in
3431 3583 3638 3636 sanctis

1941 3659 2112 3711 audet
2133 3659 2330 3728 jurare
2360 3659 2464 3712 hoc
2505 3661 2739 3730 jejunus
2772 3663 2959 3728 faciat,
2990 3680 3120 3716 cum
3150 3667 3306 3718 omni
3338 3667 3635 3724 honestate

1941 3750 1995 3798 et
2021 3746 2228 3799 timore
2265 3747 2384 3811 Dei,
2431 3753 2486 3801 et
2521 3755 2583 3800 ut
2611 3749 2777 3818 pueri
2815 3756 2945 3804 ante
2977 3754 3408 3822 quatuordecim
3455 3773 3635 3812 annos

1943 3851 2059 3888 non
2088 3841 2366 3905 cogantur
2386 3836 2604 3905 jurare.

2377 3925 2502 3979 CAP.
2530 3925 2668 3979 XIII.
2699 3953 2772 3966 —
2797 3927 2878 3980 De
2908 3927 3092 3982 eadem
3120 3945 3196 3984 re.

2014 4012 2122 4082 (Ea:
2164 4014 2383 4066 concilio
2415 4015 2654 4079 Aureli,
2699 4017 2874 4084 capite
2914 4018 3022 4086 IO.)
3051 4019 3116 4071 Et
3168 4019 3276 4073 hoc
3306 4025 3500 4076 sancta
3541 4039 3638 4094 sy-

1943 4101 2130 4154 nodus
2177 4101 2444 4167 decrevit,
2501 4102 2612 4156 nisi
2655 4119 2756 4172 pro
2811 4121 2948 4174 pace
2998 4106 3278 4175 facienda,
3330 4115 3395 4164 ut
3440 4127 3639 4166 omnes

1943 4188 2138 4242 ﬁdeles
2163 4189 2352 4258 jejuni
2378 4189 2444 4243 ad
2473 4195 2824 4244 sacramenta
2854 4194 3138 4249 accedant.

1874 4320 1916 4374 D
1948 4296 2074 4349 CAP.
2104 4295 2236 4349 XIV.
2272 4323 2341 4336 —
2372 4297 2596 4361 Qualem
2621 4299 2998 4374 penitentiam
3021 4301 3242 4368 perjuri
3279 4305 3520 4373 accipere
3548 4305 3643 4359 de-

2712 4369 2888 4423 beant.

2016 4452 2122 4519 (Ece
2149 4452 2290 4506 decr.
2318 4455 2640 4521 Eutychian.
2667 4471 2841 4523 papae,
2865 4460 3040 4525 capite
3066 4459 3176 4529 '26.)
3208 4461 3644 4520 Praadicandum

1947 4544 2031 4592 est
2077 4540 2269 4606 etiam,
2308 4547 2370 4594 ut
2418 4543 2736 4612 perjurium
2788 4544 2984 4597 fideles
3033 4551 3288 4616 caveant,
3343 4554 3399 4602 et
3427 4551 3496 4604 ab
3539 4552 3645 4605 hoc

1946 4643 2310 4697 summopere
2358 4630 2698 4698 abstineant,
2741 4631 2985 4685 scientes
3034 4634 3142 4687 hoc
3199 4637 3415 4704 grande
3463 4641 3646 4694 scelus

1948 4732 2088 4782 esse,
2137 4722 2193 4769 et
2223 4717 2282 4770 in
2331 4718 2476 4786 lege,
2526 4723 2581 4771 et
2616 4719 2936 4788 prophetis,
2973 4725 3029 4774 et
3070 4720 3129 4774 in
3164 4722 3469 4792 Evangelio
3504 4742 3645 4795 pro-

1946 4804 2213 4858 hibitum.
2267 4806 2606 4860 Audivimus
2661 4813 2853 4860 autem
2900 4809 3178 4878 quosdam
3226 4812 3644 4881 parvipendere

1948 4893 2056 4946 hoc
2080 4893 2282 4960 scelus,
2318 4899 2375 4947 et
2405 4894 2586 4946 levem
2619 4894 3052 4964 quodammodo
3084 4897 3332 4967 perjuris
3368 4901 3648 4969 poeniten-

1948 4982 2040 5034 tiae
2069 4982 2305 5035 modum
2330 4981 2647 5052 imponere.
2681 4983 2788 5046 Qui
2812 4983 2985 5038 etiam
3017 5001 3182 5039 nosse
3209 4987 3437 5055 debent,
3471 4990 3646 5043 talem

1951 5069 2020 5123 de
2052 5069 2302 5139 perjurio
2347 5070 2742 5140 pmnitentiam
2788 5071 3084 5143 imponere
3139 5073 3364 5140 debere,
3416 5078 3646 5146 qualem

1951 5161 2006 5210 et
2034 5157 2103 5210 de
2135 5158 2437 5224 adulterio,
2470 5159 2538 5212 de
2569 5159 2968 5228 fornicatione,
3008 5161 3076 5215 de
3104 5162 3414 5217 homicidio
3446 5171 3648 5234 sponte

1952 5247 2281 5314 commisso,
2315 5252 2371 5300 et
2413 5248 2481 5301 de
2523 5250 2743 5302 cmteris
2787 5249 3183 5304 criminalibus
3229 5251 3398 5306 vitiis.
3433 5253 3491 5308 Si
3521 5254 3649 5325 quis

1952 5351 2084 5388 vero
2154 5341 2476 5406 perpetrato
2543 5337 2817 5408 perjurio,
2887 5343 2982 5392 aut
3050 5340 3307 5409 quolibet
3363 5342 3649 5398 criminali

1953 5427 2204 5492 peccato,
2248 5425 2456 5478 timens
2506 5426 2902 5495 paenitentiam
2950 5427 3205 5497 longam,
3242 5429 3309 5482 ad
3341 5431 3650 5486 confessio-

1957 5529 2091 5566 nem
2145 5513 2338 5567 venire
2393 5515 2660 5581 noluerit,
2713 5515 2783 5568 ab
2838 5516 3084 5570 Ecclesia
3135 5520 3496 5588 repellendus
3543 5527 3648 5584 est,

1957 5602 2072 5653 sive
2105 5619 2133 5653 a
2164 5603 2572 5656 communione
2621 5610 2676 5658 et
2720 5605 3006 5657 consortio
3057 5607 3334 5670 ﬁdelium,
3373 5614 3433 5661 ut
3461 5610 3653 5664 nullus
