3972 6192
387 311 488 362 879

1457 299 1873 357 BURCIIARDI
1918 295 2447 354 WORMACIENSIS
2487 294 2823 351 EPISCOPI.
3736 295 3817 346 880

390 447 521 487 cum
553 447 619 484 eo
668 429 950 493 comedat,
985 430 1157 496 atque
1189 423 1365 490 bibat,
1398 438 1587 493 neque
1631 425 1774 489 oret,
1805 434 1993 490 neque
2025 419 2083 470 in
2121 419 2168 473 A
2196 432 2384 487 neque
2430 430 2533 485 per
2579 413 2807 479 coelum,
2863 426 3048 481 neque
3090 424 3195 481 per
3221 412 3446 475 terram,
3502 424 3670 478 neque
3696 409 3819 463 aliud

391 537 493 574 sua
526 520 699 573 domo
733 532 864 569 cum
894 513 1153 584 recipiat.
1202 554 1211 557 -

393 609 523 664 CAP.
556 608 659 660 XV.
696 636 763 643 —
793 608 867 658 De
895 604 1006 656 illis
1057 602 1155 668 qui
1182 614 1280 669 per
1322 599 1580 666 capillum
1622 598 1739 663 Dei,
1781 599 1877 648 aut
1925 598 2088 669 caput

454 678 669 747 jurant,
737 677 818 729 vel
883 675 990 726 alio
1055 670 1210 724 modo
1278 669 1615 738 blasphemia
1670 671 1856 720 contra
1920 668 2085 719 Deum

464 747 815 802 immortalem
846 748 1093 797 utuntur.

466 834 585 907 (Em
610 834 754 887 decr.
786 833 873 885 Pii
898 844 1075 899 papae,
1124 830 1301 896 capite
1331 824 1407 895 5.)
1439 825 1496 881 Si
1528 824 1653 895 quis
1684 839 1789 895 per
1817 822 2085 892 capillum

397 924 521 990 Dei,
565 922 651 975 vel
684 925 851 990 caput
895 915 1196 987 juraverit,
1247 915 1337 969 vel
1383 914 1495 968 alio
1529 912 1699 966 modo
1731 911 2091 982 blasphemia

395 1016 591 1066 contra
640 1011 819 1063 Deum
850 1022 986 1059 usus
1031 1003 1226 1069 fuerit,
1274 1004 1319 1056 si
1350 1008 1529 1056 estex
1582 998 1956 1054 ecclesiastico
2003 1013 2091 1050 or-

394 1100 548 1167 dine,
599 1097 962 1167 deponatur:
997 1092 1044 1145 si
1091 1091 1289 1160 laicus,
1343 1088 1862 1144 anathematizetur
1894 1104 1905 1141 :
1941 1091 1996 1139 et
2044 1085 2090 1138 si

395 1188 526 1259 quis
574 1201 678 1257 per
731 1182 1019 1238 creaturas
1062 1179 1361 1251 juraverit,
1420 1179 1699 1231 acerrime
1759 1177 2088 1244 castigetur,

396 1281 453 1329 et
478 1277 642 1345 juxta
673 1273 731 1327 id
777 1272 929 1342 quod
966 1269 1216 1339 synodus
1258 1266 1659 1338 dijudicaverit
1707 1264 1999 1334 pmniteat.
2033 1262 2092 1316 Si

396 1364 525 1434 quis
558 1366 751 1415 autem
781 1360 953 1412 talem
1002 1357 1296 1411 hominem
1331 1371 1441 1408 non
1476 1352 1942 1417 manifestaverit,
1978 1365 2093 1403 non

396 1456 483 1505 est
541 1449 781 1503 dubium
840 1445 988 1517 quod
1043 1443 1235 1497 divina
1292 1441 1767 1495 condemnatione
1827 1438 2094 1492 similiter

396 1542 747 1593 coercentur.
801 1537 863 1589 Et
905 1533 952 1587 si
999 1533 1300 1603 episcopus
1341 1532 1448 1584 ista
1493 1531 1798 1583 emendare
1829 1528 2092 1597 neglexe-

398 1627 490 1695 rit,
525 1643 557 1680 a
587 1623 801 1696 synodo
832 1621 1192 1692 corripiatur.

693 1715 819 1768 CAP.
852 1712 982 1765 XVI.
1016 1740 1084 1749 —
1114 1713 1186 1764 De
1210 1709 1519 1777 juramento
1552 1705 1798 1760 Herodis.

471 1803 583 1873 (Ea:
608 1802 767 1854 dictis
795 1799 1151 1867 Hieronym.)
1186 1798 1323 1851 Cum
1348 1797 1678 1866 juramento
1704 1792 1989 1864 pollicitus
2011 1795 2097 1846 est

401 1890 651 1944 Herodes
704 1887 973 1941 saltatrici
1020 1887 1154 1940 dare
1204 1885 1586 1955 quodcunque
1640 1883 1978 1952 postulasset
2023 1879 2093 1934 ab

402 1995 491 2032 eo.
541 1978 599 2032 Si
638 1977 710 2030 ob
756 1974 1160 2046 jusjurandum
1210 1972 1409 2026 fecisse
1463 1988 1521 2024 se
1568 1971 1705 2024 dicit
1738 1987 1750 2024 :
1782 1970 1827 2024 si
1874 1969 2091 2041 patris,

400 2065 715 2135 matrisque
761 2062 1057 2116 interitum
1103 2062 1464 2131 postulasset,
1515 2060 1766 2112 facturus
1814 2063 1979 2125 esset,
2022 2074 2094 2111 an

400 2153 558 2208 non?
604 2151 765 2215 Quod
797 2152 857 2204 in
892 2151 1009 2204 suis
1043 2165 1179 2219 ergo
1225 2149 1631 2219 repudiaturus
1676 2147 1803 2215 fuit,
1840 2151 2094 2201 contem-

400 2257 538 2295 nere
568 2239 780 2302 debuit,
817 2244 871 2292 et
897 2238 955 2291 in
988 2237 1285 2307 propheta.

402 2329 531 2384 CAP.
564 2328 724 2382 XVII.
780 2356 850 2367 —
890 2330 961 2380 De
1007 2326 1119 2379 illis
1162 2326 1259 2393 qui
1298 2324 1482 2397 odium
1528 2325 1912 2391 sempiternum
1954 2325 2097 2397 inter

853 2413 906 2450 se
937 2398 1246 2461 juramento
1277 2394 1640 2464 ﬁrmaverint.

474 2471 582 2535 (Ea:
612 2469 835 2522 concilio
872 2466 1101 2529 [ἶπον-(1.,
1150 2468 1327 2534 capite
1377 2469 1449 2533 6.)
1501 2465 1608 2528 Qui
1642 2468 1996 2517 sacramento
2037 2481 2096 2521 se

403 2556 760 2626 obligaverit,
813 2558 877 2609 ut
922 2554 1109 2623 litiget
1164 2569 1293 2606 cum
1340 2552 1617 2622 quolibet,
1670 2570 1741 2606 ne
1795 2553 1865 2606 ad
1900 2569 2096 2623 pacem

405 2645 522 2697 ullo
552 2643 722 2697 modo
762 2642 975 2709 redeat,
1010 2658 1115 2712 pro
1150 2640 1424 2711 perjurio,
1459 2657 1575 2694 uno
1624 2657 1774 2694 anno
1802 2658 1835 2694 a
1860 2657 2097 2711 corpore

404 2737 463 2787 et
522 2732 804 2802 sanguine
864 2730 1094 2785 Domini
1148 2734 1500 2799 segregetur,
1547 2733 1602 2782 et
1657 2734 1879 2783 reatum
1929 2745 2097 2783 suum

396 2820 634 2890 jejuniis
701 2824 757 2874 et
825 2818 1199 2889 eleemosynis
1266 2817 1579 2871 absolvat:
1631 2817 1704 2871 ad
1764 2817 2097 2870 charitatem

402 2925 556 2973 vero,
590 2925 717 2979 qua:
750 2908 935 2978 operit
960 2905 1390 2960 multitudinem
1422 2909 1807 2975 peccatorum,
1840 2906 2100 2959 celeriter

404 2997 677 3122 “death.
706 3066 887 3120 XVIII.
923 3095 991 3105 ——
1024 3068 1093 3118 De
1121 3066 1233 3117 illis
1258 3066 1356 3133 qui
1386 3066 1601 3117 incaute
1619 3065 1952 3132 juraverint.

472 3156 581 3225 (Em
611 3155 805 3208 decret.
834 3154 1075 3209 Sotheris
1109 3167 1266 3220 pap.,
1296 3155 1471 3220 capite
1504 3154 1586 3219 3.)
1616 3151 1671 3205 Si
1705 3151 1923 3220 aliquid
1953 3152 2096 3205 forte

404 3259 508 3297 nos
548 3241 834 3296 incautius
882 3241 1106 3310 jurasse
1156 3239 1483 3309 contigerit,
1535 3238 1688 3308 quod
1737 3238 2099 3292 observatum

342 3378 343 3381 η
404 3330 664 3402 pejorem
712 3332 912 3398 vergat
952 3330 1011 3381 in
1045 3327 1284 3394 exitum,
1332 3326 1473 3381 illud
1507 3326 1746 3380 consilio
1794 3326 2100 3380 salubriori

404 3418 746 3474 mutandum
779 3415 1128 3482 noverimus,
1173 3431 1236 3468 ac
1265 3414 1449 3485 magis
1483 3414 1733 3468 instante
1765 3415 2099 3468 necessitate

403 3506 783 3578 pejerandum
851 3503 1040 3570 nobis,
1108 3519 1281 3573 quam
1348 3502 1601 3574 profecto
1661 3503 1991 3573 juramento
2040 3504 2102 3556 in

406 3594 563 3648 aliud
592 3593 807 3647 crimen
837 3592 1023 3661 majus
1054 3582 1174 3644 esse
1207 3590 1627 3645 divertendum.

515 3682 641 3737 CAP.
677 3682 806 3735 XIX.
835 3711 904 3720 —
934 3681 1178 3746 Qualiter
1199 3680 1500 3734 sacerdotes
1522 3680 1717 3748 jurare
1746 3678 1990 3733 debeant.

474 3769 592 3840 (Ea:
621 3772 778 3838 epist.
810 3769 1045 3825 Cornelii
1068 3783 1227 3837 pap.,
1256 3769 1433 3837 capite
1464 3767 1539 3838 3.)
1565 3768 1863 3821 Cornelius
1889 3767 2101 3837 episco-

399 3874 528 3929 pus,
592 3858 736 3912 Rul‘o
786 3857 1126 3926 coepiscopo
1182 3855 1241 3909 in
1299 3856 1541 3909 Domino
1602 3856 1863 3908 salutem.
1918 3855 2100 3925 Exigit

405 3946 635 4000 dilectio
688 3951 805 4013 tua,
879 3946 1053 3998 frater
1111 3943 1465 4009 charissime,
1517 3948 1579 3996 ut
1634 3958 1699 3996 ex
1758 3943 2098 3997 auctoritate

403 4034 554 4088 sedis
605 4032 952 4103 apostolicae,
1003 4031 1116 4085 tuis
1164 4031 1501 4085 deberemus
1541 4030 1816 4084 consultis
1864 4048 2094 4102 respon-

402 4122 558 4177 dere.
609 4122 770 4187 Quod
802 4122 930 4174 licet
976 4136 1092 4173 non
1149 4120 1390 4191 prolixe,
1442 4119 1540 4173 sed
1589 4119 1870 4173 succincte
1927 4135 2095 4189 agere

400 4210 828 4269 festinaremus,
878 4212 1118 4277 propter
1155 4206 1429 4276 quasdam
1471 4206 1934 4276 importunitates
1965 4224 2093 4277 quae
2121 4246 2164 4300 Β

402 4297 611 4351 nostris
654 4294 1144 4366 praepedientibus
1175 4293 1416 4363 peccatis
1449 4293 1508 4347 in
1555 4311 1661 4348 nos
1692 4311 2091 4364 supervenere,

402 4384 516 4438 tuis
562 4388 751 4437 tamen
803 4398 906 4451 per
951 4381 1183 4450 reliqua.
1202 4385 1527 4434 sanctorum
1570 4383 1803 4435 Patrum
1835 4381 2095 4436 instituta

404 4470 606 4525 studiis
653 4469 988 4540 perquirere
1044 4469 1234 4534 latius,
1287 4472 1343 4521 et
1393 4469 1738 4538 investigare
1787 4470 2094 4524 committi-

400 4574 548 4613 mus.
606 4558 727 4610 Non
786 4557 937 4610 enim
995 4560 1182 4626 potest
1240 4571 1405 4609 mens
1467 4557 1661 4610 attrita
1718 4561 1774 4610 et
1824 4559 2094 4613 oneribus

400 4652 572 4718 atque
603 4645 1134 4716 importunitatibus
1181 4650 1431 4715 gravata,
1478 4649 1698 4698 tantum
1745 4646 1885 4699 boni
1923 4662 2094 4717 pera-

398 4751 557 4806 gere,
604 4739 884 4806 quantum
940 4734 1215 4789 delectata
1275 4738 1331 4788 et
1374 4732 1836 4805 Oppressionibus
1886 4735 2089 4789 soluta.

397 4825 522 4880 Non
557 4840 692 4892 ergo
722 4823 831 4877 ista
873 4823 945 4877 ob
976 4823 1031 4876 id
1064 4823 1441 4891 przrtulimus,
1475 4828 1537 4875 ut
1582 4824 1703 4877 lure
1734 4828 1789 4876 et
1819 4823 1924 4876 alia
1962 4839 2090 4894 quae

396 4912 719 4970 necessaria
772 4912 891 4965 fore
950 4912 1410 4981 cognoverimus,
1464 4915 1580 4965 tuae
1627 4911 1914 4965 sanctitati
1962 4911 2093 4965 veli-

394 5020 523 5058 mus
550 5003 836 5072 denegare
870 5016 882 5054 :
916 5000 1010 5053 sed
1046 5000 1195 5070 quod
1229 5000 1321 5054 hic
1350 4999 1543 5053 minus
1574 5000 1883 5067 invenitur,
1918 5001 2091 5054 latius

389 5091 776 5161 perquiratur.
831 5089 1262 5143 Sacramentum
1311 5091 1501 5141 autem
1549 5088 1825 5143 hactenus
1867 5105 1900 5142 a
1942 5104 2091 5142 sum-

390 5179 497 5232 mis
552 5177 963 5244 sacerdotibus,
1024 5178 1108 5230 vel
1159 5176 1398 5247 reliquis
1446 5176 1550 5230 Dei
1596 5177 1871 5231 ministris
1913 5177 2084 5248 exigi,

391 5265 503 5319 nisi
532 5282 637 5336 pro
693 5266 804 5320 ﬁde
832 5270 1004 5332 recta,
1036 5264 1274 5319 minime
1315 5263 1709 5334 cognovimus,
1758 5282 1862 5320 nec
1888 5271 2087 5335 sponte

391 5368 490 5406 eos
537 5353 762 5422 jurasse
828 5352 1171 5422 reperimus.
1238 5352 1613 5420 Summopere
1671 5368 1809 5424 ergo
1860 5355 2088 5406 sanctus

383 5440 628 5496 Iacobus
670 5441 979 5510 apostolus,
1033 5440 1346 5509 prohibens
1406 5446 1846 5507 sacramentum,
1900 5441 2081 5511 loqui-

383 5533 479 5584 tur
521 5528 715 5584 dicens
750 5544 763 5581 :
795 5530 936 5581 Ante
966 5528 1180 5595 omnia,
1217 5529 1419 5582 fratres
1450 5530 1584 5589 mei,
1643 5528 1820 5582 nolite
1858 5529 2078 5599 jurare,

2138 2971 2435 3044 Cqservare
2484 2975 2621 3039 Deo,
2683 2977 2739 3027 et
2802 2972 2865 3026 in
2926 2971 3205 3025 memoria
3266 2969 3516 3023 retinere
3557 2966 3667 3021 :Os
3721 2961 3837 3035 quod

2195 503 2579 574 quodcunque
2630 500 3051 571 juramentum.
3099 496 3185 551 Sit
3230 501 3415 549 autem
3444 511 3616 549 sermo
3656 503 3815 551 vester.

2197 593 2304 652 Est,
2340 595 2443 651 est,
2495 591 2641 654 Non,
2674 605 2813 653 non,
2864 590 2927 641 ut
2968 602 3081 640 non
3112 585 3229 642 sub
3258 584 3528 654 judicium
3579 584 3818 639 decidatis.

2200 682 2262 736 Et
2292 679 2568 734 Dominus
2603 677 2661 731 in
2707 675 3012 746 Evangelia
3044 675 3124 728 ait
3155 690 3168 727 :
3195 673 3448 728 Audistis
3489 672 3615 743 quia
3653 672 3820 725 dictum

2197 773 2282 822 est
2329 767 2599 837 antiquis,
2631 767 2755 820 Non
2802 763 3089 834 pejerabis
3122 779 3135 816 :
3168 762 3367 816 reddes
3415 765 3595 814 autem
3626 761 3821 814 Domino

2190 858 2517 927 juramenta
2568 859 2685 908 tua.
2740 854 2855 924 Ego
2895 856 3088 906 autem
3138 851 3262 905 dico
3310 849 3481 914 vobis,
3529 864 3636 902 non
3672 849 3822 918 jurare

2198 945 2455 1006 omnino,
2512 958 2700 1012 neque
2744 957 2850 1012 per
2895 940 3098 994 caelum
3137 955 3149 992 :
3182 936 3318 1009 quia
3355 939 3585 992 thronus
3630 937 3716 990 Dei
3747 945 3822 1003 est,
3902 940 3903 975 ἲ

2197 1049 2385 1103 neque
2414 1048 2517 1102 per
2560 1037 2770 1084 terram
2803 1046 2816 1084 :
2849 1028 2987 1100 quia
3024 1028 3328 1081 scabellum
3374 1027 3579 1097 pedum
3622 1025 3726 1094 ejus
3745 1032 3822 1090 est,
3902 1036 3903 1039 ‘

2200 1139 2386 1193 neque
2426 1137 2528 1192 per
2584 1118 3038 1189 Hierosolymam
3087 1134 3099 1170 :
3142 1115 3278 1186 quia
3322 1114 3514 1168 civitas
3558 1118 3635 1166 est
3672 1113 3825 1182 magni

2198 1210 2372 1279 regis,
2406 1224 2591 1279 neque
2621 1224 2725 1278 per
2754 1211 2926 1277 caput
2954 1210 3115 1259 tuum
3151 1220 3164 1257 :
3201 1203 3336 1274 quia
3373 1220 3485 1256 non
3514 1207 3663 1271 potes
3688 1216 3824 1254 unum

2200 1296 2469 1365 capillum
2502 1296 2696 1349 album
2721 1295 2926 1360 facere,
2960 1296 3058 1347 aut
3084 1292 3334 1362 nigrum.
3370 1291 3453 1345 Sit
3481 1294 3656 1343 autem
3682 1304 3823 1343 sermo

2201 1389 2406 1438 vester.
2449 1384 2562 1448 Est,
2596 1386 2701 1448 est,
2752 1383 2898 1448 Non,
2953 1397 3094 1435 non.
3149 1380 3310 1445 Quod
3342 1380 3431 1433 his
3474 1385 3651 1432 autem
3688 1378 3824 1431 abun-

2201 1472 2428 1526 dantius
2474 1477 2578 1538 est,
2613 1488 2647 1525 a
2678 1471 2827 1525 malo
2875 1474 2981 1538 est,
3013 1469 3072 1524 id
3114 1474 3220 1537 est,
3263 1474 3322 1522 et
3366 1468 3438 1521 ab
3467 1467 3706 1536 exigente
3741 1469 3827 1518 cta

2196 1561 2450 1631 jurante.
2510 1561 2660 1629 Hazc,
2707 1559 2883 1613 frater
2911 1557 3262 1623 charissima,
3313 1556 3435 1626 ipse
3464 1556 3710 1610 Dominus
3733 1569 3828 1623 pro-

2201 1649 2378 1716 hibet,
2412 1649 2469 1702 id
2513 1653 2618 1714 est,
2651 1664 2767 1702 non
2796 1647 3002 1702 debere
3026 1647 3245 1717 jurare.
3277 1645 3414 1699 Haec
3444 1643 3668 1716 apostoli
3694 1640 3827 1695 maxi-

2202 1752 2296 1790 me
2344 1752 2563 1801 omnes,
2628 1736 2749 1789 haec
2796 1734 2977 1789 sancti
3027 1733 3135 1787 viri
3197 1733 3626 1805 praedecessores
3671 1729 3827 1791 nostri,

2205 1823 2305 1895 qui
2334 1824 2469 1878 huic
2497 1829 2706 1878 sanctas
2753 1822 3061 1877 universali
3101 1821 3369 1875 Ecclesiae
3396 1819 3695 1891 apostolicus
3717 1833 3830 1888 prae-

2204 1913 2457 1982 fuerunt,
2491 1914 2613 1967 haec
2633 1912 2952 1984 prophetia,
2984 1915 3041 1965 et
3066 1909 3278 1981 reliqui
3301 1909 3482 1963 sancti
3507 1908 3732 1962 doctores
3754 1920 3830 1975 per

2210 2001 2541 2055 universum
2622 2000 2908 2054 mundum
2992 1998 3236 2068 dispersi
3302 1997 3371 2052 ad
3436 1993 3828 2066 praedicandum.

2198 2089 2527 2159 juramenta
2574 2088 2702 2142 ﬁeri
2765 2090 2977 2141 vetant.
3040 2087 3302 2151 Quorum
3364 2101 3470 2139 nos
3528 2082 3764 2153 exempla,
3794 2079 3829 2132 si

2204 2178 2546 2248 coeperimus
2589 2192 2915 2242 numerare,
2950 2180 3049 2228 aut
3094 2175 3154 2228 in
3185 2173 3457 2229 schedula
3483 2174 3582 2227 hac
3617 2173 3825 2232 inserere,

2206 2271 2336 2320 ante
2385 2266 2652 2320 deficeret
2680 2264 2793 2319 diei
2841 2264 3002 2329 hora,
3045 2278 3216 2333 quam
3264 2277 3466 2315 eorum
3509 2258 3743 2329 exempla,
3779 2256 3830 2309 de

2205 2354 2311 2408 hac
2340 2369 2510 2407 causa
2556 2352 2858 2424 prohibita.
2892 2351 3028 2415 Quae
3073 2367 3178 2404 nos
3225 2353 3529 2421 sequentes
3570 2353 3830 2400 sanctorum

2206 2442 2616 2512 apostolorum,
2693 2455 3009 2509 eorumque
3073 2453 3465 2492 successorum
3520 2439 3639 2507 jura
3684 2435 3831 2488 tirma-

2208 2547 2353 2597 mus,
2388 2534 2445 2584 et
2494 2533 2852 2583 sacramenta
2879 2529 3109 2581 incauta
3137 2526 3265 2581 ﬁeri
3316 2525 3686 2597 prohibemus.
3718 2520 3833 2575 [Inde

2208 2624 2264 2673 et
2293 2619 2412 2689 ipse
2443 2618 2723 2672 Dominus
2752 2618 2812 2671 in
2843 2615 3054 2670 tabulis
3084 2614 3329 2685 lapideis
3349 2631 3489 2686 quas
3519 2611 3677 2683 Moysi
3701 2608 3833 2672 dedit,

2206 2708 2439 2779 propria
2496 2724 2670 2762 manu
2721 2705 2964 2778 scripsit,
3026 2705 3218 2760 dicens
3260 2721 3272 2759 :
3319 2705 3476 2768 Vide,
3526 2720 3591 2756 ne
3637 2713 3835 2755 assumas

2210 2813 2421 2851 nomen
2471 2795 2699 2851 Domini
2742 2794 2844 2850 Dei
2872 2795 2958 2849 tui
2986 2793 3315 2862 in'vanum,
3359 2797 3414 2846 et
3444 2792 3666 2861 reliqua.
3694 2789 3835 2843 Unus-

2211 2886 2455 2957 quisque
2483 2886 2637 2939 cnim
2670 2884 2963 2955 propriam
2993 2882 3405 2937 conscientiam
3433 2880 3681 2934 mundam
3711 2876 3837 2931 debet

2207 3062 2506 3127 mentitur,
2541 3060 2748 3115 occidit
2793 3059 3067 3114 animam.
3115 3060 3182 3113 Et
3213 3059 3519 3128 Apostolus
3543 3056 3616 3109 ait
3642 3071 3654 3107 :
3684 3050 3839 3122 Loqui-

2207 3150 2350 3204 mini
2424 3150 2720 3203 veritatem
2786 3147 3184 3218 unusquisque
3251 3162 3385 3200 cum
3448 3143 3691 3216 proximo
3744 3154 3837 3204 suo,

2207 3239 2480 3310 quoniam
2524 3254 2723 3291 sumus
2769 3236 3015 3290 invicem
3042 3221 3349 3289 ‘me‘mbra.
3400 3235 3467 3287 Et
3504 3232 3670 3286 alibi:
3700 3226 3837 3282 Nolite

2206 3326 2434 3380 mentiri
2467 3325 2709 3379 invicem
2753 3324 3033 3378 membra.
3069 3325 3198 3377 Haec
3241 3326 3532 3392 praecepta
3558 3324 3677 3373 sunt
3698 3316 3838 3369 Salva-

2206 3414 2362 3482 toris,
2422 3415 2544 3468 haec
2608 3413 3043 3484 prophetarum,
3100 3411 3222 3465 haec
3277 3416 3600 3464 sanctorum
3655 3407 3837 3459 Patrum

2204 3502 2487 3555 instituta.
2537 3501 2674 3565 Quae
2711 3499 2758 3553 si
2804 3498 2935 3571 quis
2964 3500 3022 3553 in
3055 3514 3266 3552 vanum
3318 3496 3558 3560 duxerit,
3603 3494 3756 3548 hostis
3778 3491 3839 3541 est

2206 3591 2413 3644 animae
2470 3605 2588 3643 sure
2629 3606 2642 3643 :
2681 3588 2820 3659 quia
2866 3604 3038 3642 nemo
3091 3593 3283 3641 contra
3336 3585 3664 3657 prophetas,
3710 3592 3839 3634 nemo

2205 3682 2403 3733 contra
2460 3677 2805 3748 apostolum,
2873 3693 3043 3731 nemo
3098 3681 3299 3730 contra
3347 3672 3695 3745 Evangelinm
3742 3665 3841 3720 facit

2206 3766 2417 3838 aliquid
2454 3766 2669 3837 absque
2699 3765 2977 3835 periculo.

2454 3855 2582 3910 CAP.
2616 3855 2718 3909 XX.
2751 3884 2820 3894 —-
2852 3855 2967 3919 Quo
2998 3858 3230 3922 tempore
3247 3852 3448 3922 jurare
3477 3852 3640 3905 liccat.
3902 3852 3903 3917 ᾖ

2276 3942 2383 4013 (Ea:
2425 3944 2647 3998 concilio
2695 3943 2845 4012 apud
2894 3946 3140 3997 sanctum
3184 3941 3532 4003 Medardum,
3600 3937 3750 4005 capite
3784 3930 3837 3989 4.)

2206 4031 2462 4085 Decrevit
2491 4035 2682 4084 sancta
2713 4030 2986 4101 synodus,
3015 4034 3078 4084 ut
3109 4046 3139 4083 a
3169 4029 3591 4100 septuagesima
3618 4038 3772 4094 usque
3795 4018 3836 4071 in
3902 4048 3903 4103 ᾗ

2205 4124 2430 4174 octavas
2473 4120 2718 4190 paschae,
2769 4126 2827 4173 et
2853 4118 2924 4172 ab
2971 4114 3234 4172 Adventu
3279 4116 3515 4172 Domini
3557 4127 3718 4184 usque
3746 4110 3839 4179 post
3902 4144 3903 4147 η

2204 4212 2560 4261 consecratos
2590 4206 2731 4272 dies,
2758 4222 2861 4260 nec
2889 4221 3005 4259 non
3035 4210 3093 4259 et
3124 4205 3182 4259 in
3208 4205 3452 4275 jejuniis
3481 4208 3703 4274 quatuor
3727 4203 3836 4250 tem-

2208 4311 2438 4365 porum,
2490 4299 2547 4348 et
2575 4294 2634 4348 in
2682 4294 2916 4348 Letania
2943 4294 3184 4363 majore,
3212 4297 3269 4347 et
3312 4294 3375 4347 in
3406 4294 3599 4348 diebus
3626 4282 3838 4356 Rogatio-

2208 4400 2369 4450 num,
2422 4388 2485 4437 et'
2505 4383 2568 4436 in
2609 4382 2809 4437 diebus
2853 4382 3185 4448 Dominicis,
3231 4382 3345 4435 nisi
3399 4383 3470 4436 de
3512 4373 3773 4433 concordia
3795 4374 3836 4420 et

2203 4471 2618 4540 paciﬁcatione,
2652 4470 2844 4524 nullus
2876 4486 3050 4540 super
3087 4485 3246 4524 sacra
3270 4470 3469 4540 jurare
3496 4465 3782 4539 praesumat.

2205 4560 2332 4613 CAP.
2364 4561 2493 4614 XXI.
2541 4589 2611 4598 -—
2656 4560 2739 4613 De
2778 4559 2890 4613 illis
2919 4559 3014 4626 qui
3042 4562 3441 4612 sacramentum
3486 4558 3623 4622 regis
3658 4549 3831 4606 violant.

2274 4649 2392 4718 (Ea:
2417 4648 2579 4702 dictis
2613 4647 2879 4715 August.)
2910 4647 2971 4701 Si
3000 4646 3127 4716 quis
3154 4645 3336 4701 laicus
3363 4646 3730 4716 juramentnm
3752 4634 3835 4686 Vio-

2202 4735 2371 4790 lando
2422 4737 2764 4806 prophanat,
2815 4734 2967 4806 quod
2996 4735 3117 4804 regi
3149 4740 3206 4788 et
3233 4735 3471 4788 domino
3504 4749 3601 4786 suo
3622 4730 3769 4799 jurat,
3794 4724 3835 4775 et

2202 4824 2567 4894 postmodum
2614 4840 2874 4894 perverse
2921 4823 3045 4893 ejus
3084 4839 3350 4893 regnum,
3383 4828 3441 4877 et
3469 4822 3650 4877 dolose
3674 4815 3833 4871 tracta-

2201 4913 2363 4977 verit,
2397 4916 2453 4965 et
2492 4912 2552 4965 in
2584 4916 2829 4965 mortem
2850 4930 2855 4933 ·
2876 4911 3057 4980 ipsius
3090 4911 3285 4982 aliquo
3324 4910 3756 4965 machinamento
3776 4901 3835 4954 in-

2201 5000 2445 5054 sidiatur
2476 5016 2488 5054 :
2522 5000 2657 5070 quia
2690 5000 3051 5071 sacrilegium
3091 5000 3337 5071 peragit,
3374 5014 3606 5053 manum
3634 5006 3770 5049 suam
3792 4989 3834 5040 in

2201 5088 2488 5143 Christum
2525 5089 2749 5143 Domini
2782 5089 3036 5157 mittens,
3065 5089 3374 5143 anathema
3405 5087 3498 5153 sit,
3533 5084 3636 5139 nisi
3659 5097 3747 5154 per
3770 5076 3833 5130 di-

2198 5192 2371 5247 gnam
2419 5177 2774 5246 pcenitentiae
2804 5177 3250 5231 satisfactionem
3280 5173 3680 5237 emendaverit,
3708 5161 3833 5222 sicuti

2197 5265 2570 5321 constitutum
2624 5283 2656 5319 a
2708 5269 2902 5320 sancta
2951 5266 3170 5337 synodo
3220 5270 3321 5333 est,
3375 5265 3434 5320 id
3463 5268 3563 5329 est,
3612 5256 3832 5314 saeculum
3902 5252 3903 5323 ᾖ

2194 5352 2504 5423 relinquat,
2556 5369 2715 5406 arma
2767 5353 3038 5423 deponat,
3096 5353 3156 5407 in
3206 5350 3614 5423 monasterium
3660 5348 3756 5405 eat,
3794 5340 3832 5389 εί
3902 5340 3903 5343 “

2195 5441 2467 5511 pamiteat
2536 5442 2803 5495 omnibus
2863 5440 3062 5495 diebus
3109 5441 3241 5495 vita:
3295 5457 3433 5494 suae.
3482 5439 3833 5491 Verumtamen

2195 5530 2663 5584 communionem
2695 5529 2758 5584 in
2806 5530 2960 5591 exitu
3005 5529 3133 5585 vitae
3173 5546 3297 5585 cum
3340 5525 3685 5584 Eucharistia
3718 5516 3833 5573 acci-
