3972 6192
175 259 286 310 881

1093 266 1576 326 DECRETORUM
1619 274 1801 330 LIBRI
1843 277 1950 332 XX.
1995 308 2060 316 —-
2105 280 2312 335 LIBER
2355 283 2824 348 DUODECIMUS,

3611 302 3714 352 882

171 383 331 479 piat.
373 385 680 456 Episcopus
713 401 864 454 vero,
899 389 1214 480 presbyter,
1247 394 1338 448 vel
1367 394 1661 463 diaconus,
1703 399 1750 451 si
1795 399 1903 453 hoc
1932 404 1976 454 Α
2009 399 2338 469 juramenta
2369 421 2472 474 pro
2503 406 2680 475 regiae
2715 409 3016 476 potestatis
3047 411 3248 480 salute,
3301 418 3388 470 vel
3433 420 3712 474 constitu-

170 471 410 526 crimen
442 481 880 544 perpetraverit,
905 477 1269 547 degradetur.

171 577 316 631 Car.
351 579 510 634 XXII.
547 611 606 620 -—-
647 584 720 636 De
757 583 850 635 illo
881 585 980 650 qui
1016 584 1254 659 audierit
1283 603 1458 642 vocem
1481 591 1804 659 pejerantis,
1843 597 1896 646 et

467 707 470 710 ,
777 668 1054 707 assensum
1079 658 1300 723 praebet.

248 735 342 806 (In
374 739 608 793 Leuitico
639 741 838 806 legitur
867 743 906 810 :)
933 743 1139 796 Anima
1172 761 1300 813 quae
1330 749 1663 817 peccaverit,
1700 754 1754 804 et
1787 767 1894 804 au-

169 824 358 879 dierit
398 843 592 880 vocem
620 829 949 896 pejerantis,
984 835 1040 883 et
1070 833 1230 884 testis
1260 834 1452 900 fuerit,
1510 843 1607 891 aut
1644 837 1766 907 ipse
1813 839 1894 892 vi-

173 911 358 978 derit,
417 919 516 968 aut
576 915 833 968 conscius
890 916 1017 980 erit,
1077 918 1185 972 nisi
1241 920 1571 978 indicaverit
1644 925 1892 996 portabit

173 1000 574 1071 iniquitatem.

175 1107 314 1160 CAP.
348 1108 527 1164 XXIII.
552 1139 620 1149 —-
653 1112 726 1164 De
741 1111 836 1165 hoc
866 1113 1010 1187 quod
1029 1114 1320 1181 Apostolus
1343 1118 1613 1187 Spiritum
1644 1125 1890 1174 sanctum

809 1186 1123 1252 testiﬁcatus
1155 1193 1252 1240 est.

249 1265 570 1334 (Apostolus
601 1267 736 1322 dicit
765 1268 804 1339 :)
838 1271 1140 1326 Veritatem
1174 1274 1300 1328 dico
1363 1275 1422 1328 in
1491 1276 1734 1344 Christo,
1769 1295 1886 1331 non

174 1359 454 1422 mentior,
485 1356 882 1412 testimonium
915 1360 1057 1414 mihi
1087 1362 1357 1417 reddente
1388 1365 1728 1418 conscientia
1761 1381 1886 1420 mea

173 1442 236 1496 in
269 1443 492 1514 Spiritu
523 1451 739 1499 sancto.

590 1534 719 1588 CAP.
760 1536 935 1590 XXIV.
971 1567 1042 1578 —
1073 1540 1144 1592 De
1181 1539 1364 1594 eadem
1393 1555 1468 1594 re.

245 1620 364 1692 (Eu:
393 1621 556 1677 dictis
587 1625 924 1693 Hieronym.)
954 1626 1334 1698 Hieronymus
1373 1628 1510 1683 dicit
1543 1645 1556 1684 :
1584 1630 1776 1684 Jesum
1805 1633 1886 1685 te-

171 1713 292 1762 stor
323 1714 382 1763 et
419 1714 641 1764 sanctos
672 1713 904 1783 angelos
935 1714 1078 1784 ejus.

259 1798 392 1852 Car.
426 1800 570 1853 XXV.
603 1830 674 1839 —
705 1801 857 1866 Quod
885 1801 1128 1870 deﬁnitio
1161 1804 1381 1858 incauta
1410 1805 1668 1859 solvenda
1713 1809 1806 1860 sit.

243 1886 360 1956 (Eu:
417 1889 636 1943 concilio
689 1891 936 1958 Hibern.,
989 1893 1165 1960 capite
1217 1891 1288 1963 l.)
1343 1893 1612 1947 Deﬁnitio
1651 1893 1881 1948 incauta

169 1975 543 2030 laudabiliter
571 1978 863 2046 solvenda,
913 1995 1017 2032 nec
1069 1979 1462 2050 praevaricatio
1509 1985 1615 2050 est,
1667 1982 1764 2036 sed
1797 1987 1879 2036 te-

171 2063 462 2119 meritatis
491 2066 834 2120 emendatio.

569 2156 698 2210 Car.
761 2157 936 2211 XXVI.
968 2188 1034 2197 —
1063 2159 1136 2212 De
1165 2159 1348 2212 eadem
1376 2173 1452 2212 re.

245 2241 360 2311 (Ea:
389 2243 586 2311 eoedm,
621 2247 816 2313 capite.
851 2245 928 2315 3.)
959 2246 1016 2300 Si
1045 2247 1234 2316 puella
1260 2247 1366 2300 sita
1389 2247 1448 2300 in
1476 2247 1680 2318 puerili
1713 2251 1878 2302 aetate

175 2332 232 2384 in
257 2331 436 2384 domo
462 2333 660 2402 patris,
692 2333 788 2386 illo
816 2334 1101 2388 nesciente
1141 2352 1198 2388 se
1228 2335 1557 2404 jurameuto
1596 2337 1876 2390 constrin-

173 2419 324 2474 xerit
354 2437 365 2473 :
403 2425 458 2473 et
487 2421 532 2474 si
567 2425 728 2491 pater
757 2423 968 2491 statim,
1014 2428 1081 2477 ut
1132 2423 1396 2488 audierit,
1451 2425 1874 2492 contradixerit,

173 2515 308 2560 vota
369 2509 490 2578 ejus
546 2515 601 2562 et
659 2511 989 2580 juramenta
1041 2511 1204 2565 irrita
1261 2517 1449 2576 erunt,
1513 2517 1572 2566 et
1657 2514 1876 2566 facilius

173 2597 595 2651 emendabitur.

567 2687 694 2741 CAP.
736 2688 930 2741 XXVII.
969 2716 1036 2726 —
1085 2691 1154 2742 De
1179 2689 1362 2742 eadem
1403 2705 1479 2742 re.

238 2773 354 2840 (Ea:
382 2777 604 2828 concilio
659 2777 932 2842 Aurelia.,
984 2781 1164 2846 capite
1191 2776 1268 2847 ‘2.)
1316 2779 1715 2831 Juramentum
1747 2779 1869 2842 ﬁlii,

169 2865 268 2914 aut
297 2862 452 2926 tiliae,
486 2862 770 2916 nesciente
797 2869 979 2934 patre,
1015 2871 1069 2919 et
1104 2871 1230 2918 vota
1267 2865 1552 2932 monachi,
1587 2867 1871 2920 nesciente

170 2949 395 3014 abbate,
429 2957 482 3004 et
502 2951 832 3020 juramenta
861 2953 1050 3023 pueri,
1082 2953 1243 3007 irrita
1274 2959 1424 3007 sunt.

239 3054 372 3108 CAP.
393 3056 624 3110 XXVIII.
650 3087 718 3096 ——
743 3059 900 3124 Quod
928 3060 1172 3113 omnibus
1203 3062 1375 3112 modis
1405 3059 1700 3113 cavendum
1728 3062 1800 3114 sit

835 3131 1192 3184 mendacium.

237 3217 485 3283 (Gregor.
520 3217 651 3272 dicit
693 3219 726 3284 :)
762 3217 910 3284 Noli,
943 3219 1044 3284 ﬁli,
1097 3234 1308 3288 negare
1355 3217 1596 3288 gratiam
1643 3219 1765 3286 Dei,
1797 3235 1870 3273 ne

169 3303 428 3357 iucurras
453 3321 558 3374 pro
585 3305 734 3358 bono
765 3305 824 3359 in
857 3308 1092 3372 malum,
1123 3323 1227 3376 pro
1259 3307 1582 3360 humilitate
1622 3307 1682 3359 in
1714 3324 1872 3360 men-

169 3392 416 3444 dacium.
445 3393 770 3447 Cavendum
805 3410 1054 3464 namque
1075 3401 1158 3448 est
1187 3394 1458 3448 omnibus
1488 3395 1670 3447 modis
1701 3410 1869 3450 men—

167 3479 414 3546 dacium,
445 3479 562 3534 sive
593 3497 695 3550 pro
727 3481 905 3548 malo,
937 3482 1052 3535 sive
1083 3481 1256 3534 etiam
1287 3497 1390 3550 pro
1423 3481 1574 3535 bono
1625 3481 1869 3551 proferri

163 3567 426 3620 videatur
456 3585 468 3622 :
495 3571 629 3638 quia
655 3586 824 3623 omne
851 3570 1214 3624 mendacium
1235 3586 1350 3623 non
1374 3575 1460 3623 est
1480 3586 1545 3624 ex
1572 3571 1704 3637 Deo,
1745 3572 1864 3636 sed,

163 3655 310 3708 sicut
331 3656 588 3710 Salvator
616 3657 772 3722 dicit,
795 3674 828 3711 a
849 3657 998 3711 malo
1021 3663 1122 3712 est.

485 3746 612 3798 CAP.
647 3747 809 3800 XXIX.
841 3776 909 3785 —
936 3747 1078 3800 Item
1108 3747 1174 3800 de
1197 3747 1526 3816 juramento.

230 3833 340 3901 (Ea:
376 3835 597 3886 concilio
633 3834 896 3906 Toletan.)
930 3835 1154 3889 Etenim
1183 3836 1320 3889 dum
1381 3835 1643 3904 pejerare
1709 3852 1865 3889 com-

161 3920 452 3986 pellimur,
484 3925 800 3976 creatorem
831 3923 1062 3992 quidem
1085 3923 1448 3990 offendimus,
1481 3923 1578 3976 sed
1603 3941 1705 3977 nos
1747 3929 1870 3977 tan-

163 4009 462 4062 tummodo
523 4011 893 4078 maculamus,
949 4028 1080 4065 cum
1143 4029 1279 4066 vero
1337 4012 1504 4066 noxia
1585 4012 1868 4082 promissa

165 4097 540 4166 complemus,
582 4103 640 4151 et
697 4099 795 4152 Dei
821 4101 977 4168 jussa
1023 4101 1267 4170 superbe
1323 4101 1763 4166 contemnimus,
1804 4107 1867 4154 ut

2009 490 2163 544 tione
2183 493 2368 562 gentis
2399 499 2454 546 et
2483 495 2704 564 patriai,
2734 512 2862 565 qua:
2893 497 3168 552 hactenus
3199 508 3332 556 sunt
3361 513 3573 574 exacta,
3616 511 3710 564 vel
3753 553 3760 560 .

2005 579 2273 650 deinceps
2303 581 2628 635 exstiterint
2657 583 2958 652 exigenda,
2994 589 3152 640 omni
3208 591 3488 660 custodia,
3525 597 3710 648 omni-

2005 683 2115 736 que
2172 669 2470 738 vigilantia
2523 670 3000 726 indissolubiliter
3079 677 3440 732 decernimus
3513 683 3706 736 obser-

2005 756 2205 820 vanda,
2249 758 2640 812 membrorum
2681 761 3064 829 truncatione,
3113 767 3428 837 mortisque
3472 774 3708 824 senten-

2002 843 2102 910 tia,
2159 845 2434 916 religione
2477 847 2705 916 penitus
2753 849 3030 914 absoluta,
3095 854 3194 906 sed
3251 871 3324 908 ne
3399 873 3706 926 pravarum

1999 932 2283 986 mentium
2315 941 2544 988 versuta
2601 937 2859 1007 nequitia
2911 947 3140 993 nosmet
3197 942 3266 996 ad
3297 944 3538 1013 perjurii
3595 947 3703 1000 ali-

1999 1021 2228 1090 quando
2257 1030 2525 1091 provocet
2554 1027 2802 1094 culpam,
2835 1043 2939 1080 nec
2986 1045 3018 1080 a
3047 1033 3250 1082 sanctae
3311 1031 3443 1084 tidei
3503 1036 3704 1103 regula.

1996 1109 2143 1162 hanc
2199 1117 2413 1164 asserat
2465 1113 2661 1165 venire
2728 1115 3093 1184 sententiam,
3149 1123 3266 1171 tam
3325 1119 3534 1173 divinas
3603 1139 3703 1175 au-

1996 1197 2274 1251 ctoritatis
2360 1201 2608 1268 oracula,
2693 1219 2866 1272 quam
2940 1206 3389 1273 praecedentium
3467 1210 3696 1263 Patrum

1995 1285 2130 1338 huic
2169 1287 2487 1341 narrationi
2516 1289 2840 1344 curavimus
2896 1292 3257 1347 innectenda.
3293 1295 3383 1348 Sic
3417 1297 3568 1350 enim
3594 1313 3698 1366 per

1997 1374 2344 1428 Hieremiam
2374 1377 2554 1430 dixit:
2604 1380 2858 1448 Repente
2897 1380 3100 1450 loquar
3131 1383 3396 1436 adversus
3443 1389 3693 1453 gentem,

1995 1467 2052 1516 et
2075 1464 2346 1517 adversus
2392 1481 2653 1534 regnum,
2691 1473 2754 1520 ut
2787 1468 3092 1538 eradicem,
3127 1475 3183 1524 et
3240 1471 3566 1541 disperdam
3625 1473 3694 1527 il-

1993 1550 2108 1604 lud.
2167 1551 2226 1608 Si
2277 1553 2674 1621 pmnitentiam
2723 1555 2906 1624 egerit
2961 1555 3102 1625 gens
3134 1559 3289 1610 illaa
3348 1562 3498 1613 malo
3568 1578 3692 1629 suo,

1995 1640 2150 1709 quod
2185 1642 2404 1694 locutus
2425 1658 2551 1695 sum
2578 1643 2846 1696 adversus
2879 1659 3026 1710 eam,
3055 1661 3220 1716 agam
3270 1652 3328 1700 et
3374 1665 3478 1718 ego
3513 1650 3693 1718 paeni-

1990 1729 2230 1782 tentiam
2263 1746 2435 1800 super
2465 1731 2616 1783 malo
2649 1731 2804 1800 quod
2835 1731 3100 1802 cogitavi,
3135 1739 3200 1788 ut
3247 1734 3492 1788 facerem
3523 1737 3596 1790 ei.
3629 1739 3696 1791 Et

1989 1832 2092 1886 per
2114 1818 2463 1872 Ezechielem
2498 1837 2515 1871 :
2549 1819 2605 1873 Si
2655 1820 2871 1885 dixero,
2921 1821 3132 1892 inquit,
3173 1823 3330 1891 justo
3378 1824 3534 1894 quod
3579 1825 3692 1879 vita

1987 1905 2157 1970 vivat,
2217 1911 2274 1960 et
2325 1907 2570 1961 conﬁsus
2625 1906 2686 1960 in
2713 1908 2938 1978 justitia
2980 1926 3103 1974 sua,
3155 1910 3354 1965 fecerit
3407 1911 3694 1984 iniquita-

1987 1997 2123 2059 tem,
2155 2011 2356 2048 omnes
2377 1995 2615 2064 justitiae
2645 1995 2768 2065 ejus
2818 1996 3092 2050 oblivioni
3124 2000 3423 2052 tradentur
3451 2019 3467 2056 :
3523 2007 3579 2054 et
3629 2002 3690 2056 in

1987 2081 2288 2151 iniquitate
2315 2099 2418 2136 sua
2464 2099 2637 2152 quam
2666 2089 2936 2154 operatus
2966 2089 3070 2154 est,
3107 2087 3166 2139 in
3193 2087 3320 2157 ipsa
3387 2089 3687 2144 morietur.

1985 2168 2042 2223 Si
2068 2174 2261 2223 autem
2312 2171 2506 2224 dixero
2563 2170 2764 2241 impio,
2827 2173 3002 2226 Morte
3059 2174 3346 2250 morieris,
3398 2182 3454 2230 et
3510 2179 3694 2247 egerit

1985 2258 2378 2328 paenitentiam
2417 2275 2428 2312 :
2463 2259 2574 2312 vita
2621 2261 2788 2326 vivet,
2835 2265 3036 2314 etnon
3083 2263 3381 2318 morietur.
3437 2264 3494 2318 Si
3552 2281 3688 2335 ergo

1985 2351 2178 2399 nostra
2253 2349 2605 2400 conversatio
2689 2349 2767 2400 sic
2844 2348 3095 2402 divinam
3181 2355 3364 2404 mutat
3450 2357 3686 2406 senten-

1984 2435 2144 2502 tiam,
2181 2450 2282 2488 cur
2329 2436 2672 2488 miserorum
2705 2441 2880 2489 tantas
2939 2437 3222 2508 Iacrymar,
3257 2440 3345 2492 vel
3397 2455 3684 2508 pressura,

1983 2527 2100 2574 tam
2155 2523 2388 2575 crudam
2449 2539 2563 2576 non
2621 2529 2942 2592 temperent
2997 2541 3066 2578 ex
3123 2525 3496 2590 miseratione
3559 2527 3684 2580 vin-

1983 2609 2233 2662 dictam?
2267 2610 2408 2665 Hinc
2464 2611 2634 2664 etiam
2689 2613 2905 2681 populo
2955 2614 3262 2681 Israelitico
3323 2631 3472 2684 sazpe
3543 2616 3686 2669 ultio

1981 2699 2264 2768 promissa
2303 2700 2688 2768 suspenditur,
2723 2705 2779 2754 et
2820 2701 3202 2755 Ninivitarum
3261 2703 3508 2771 perditio
3545 2703 3688 2756 divi-

1981 2802 2072 2839 nae
2118 2788 2417 2840 sententiae
2476 2787 2898 2856 permutatione
2945 2789 3195 2842 sedatur.
3251 2791 3392 2843 Nam
3459 2796 3686 2845 sanctus

1980 2876 2314 2928 Ambrosius
2346 2876 2404 2928 in
2436 2876 2580 2928 libro
2613 2875 2778 2928 tertio
2809 2877 2876 2929 de
2909 2876 3143 2940 Ofﬁciis,
3187 2877 3267 2930 ita
3300 2879 3380 2931 ait
3417 2896 3430 2932 :
3473 2880 3684 2933 Porum

1906 2955 1944 3008 C
1982 2963 2160 3032 igitur
2215 2979 2279 3016 ac
2327 2964 2612 3017 sincerum
2657 2969 2885 3033 oportet
2914 2981 3034 3018 esse
3081 2966 3368 3029 affectum,
3415 2972 3470 3020 et
3499 2983 3684 3020 unus-

1981 3053 2224 3122 quisque
2254 3051 2574 3122 simplicem
2624 3069 2951 3106 sermonem
2985 3054 3254 3122 proferat.
3293 3055 3396 3108 Vas
3425 3072 3594 3108 suum
3625 3055 3685 3109 iu

1978 3141 2276 3194 sanctitate
2353 3141 2665 3210 possideat,
2719 3157 2790 3193 ne
2869 3143 3106 3195 fratrem
3179 3142 3684 3212 circuuscriptione

1975 3229 2559 3282 verboruminducat.
2624 3227 2776 3282 Nihil
2819 3229 3118 3299 promittat
3164 3230 3552 3298 inhonestum,
3617 3249 3681 3285 ac

1977 3315 2086 3369 sibi
2117 3317 2450 3386 promittere
2506 3322 2742 3387 quaerat.
2769 3318 3148 3371 Tolerabilius
3196 3324 3278 3372 est
3331 3320 3678 3388 promissum

1979 3419 2094 3456 non
2133 3405 2335 3470 facere,
2369 3420 2542 3474 quam
2567 3403 2752 3457 facere
2783 3405 2937 3473 quod
2968 3411 3134 3474 turpe
3166 3406 3256 3459 sit.
3299 3407 3456 3477 Saepe
3502 3409 3678 3478 pleri-

1977 3507 2087 3562 que
2121 3491 2522 3560 constringunt
2551 3508 2607 3544 se
2636 3492 3012 3560 jurisjurandi
3045 3500 3422 3560 sacramento,
3458 3501 3514 3548 et
3547 3513 3678 3550 cum

1973 3577 2086 3646 ipsi
2131 3577 2502 3646 cognoverint
2545 3577 3000 3646 promittendum
3047 3595 3162 3630 non
3211 3580 3383 3631 fuisse
3439 3581 3533 3649 jus
3597 3598 3679 3633 sa-

1975 3665 2272 3730 cramenti,
2319 3670 2510 3717 tamen
2555 3665 3034 3733 contemplatione
3089 3665 3305 3718 faciunt
3354 3667 3503 3735 quod
3556 3684 3678 3736 spo-

1973 3748 2321 3818 ponderunt,
2381 3747 2525 3800 sicut
2567 3747 2634 3800 de
2667 3749 2886 3800 Ilerode
2926 3765 3098 3816 supra
3154 3749 3505 3818 scripsimus,
3576 3750 3675 3818 qui

1975 3835 2246 3888 saitatrici
2305 3835 2606 3904 proemium
2685 3835 2932 3904 turpiter
3015 3835 3301 3904 promisit,
3367 3836 3676 3888 crudeliter

1974 3923 2156 3976 solvit.
2191 3924 2398 3992 Turpe,
2430 3922 2586 3992 quod
2617 3937 2860 3990 regnum
2889 3937 2992 3991 pro
3043 3921 3342 3974 saltatione
3385 3921 3675 3992 promitti-

1971 4017 2066 4064 tur
2099 4028 2112 4064 :
2146 4011 2393 4076 crudele,
2427 4011 2580 4079 quod
2627 4027 2779 4063 mors
2823 4010 3112 4080 propheta:
3163 4026 3266 4079 pro
3297 4010 3672 4079 jurisjurandi

1973 4100 2250 4169 religione
2301 4101 2588 4153 donatur:
2623 4104 2836 4169 quanto
2893 4098 3245 4152 tolerabilius
3296 4099 3407 4151 tale
3475 4097 3674 4151 fuisset

165 4186 440 4255 proximis
495 4187 674 4256 impia
711 4187 1046 4241 crudelitate
1101 4205 1428 4252 noceamus,
1489 4193 1545 4242 et
1605 4189 1864 4258 nosipsos
1891 4226 1934 4279 Β
1972 4189 2294 4258 perjurium
2325 4189 2722 4241 sacramento?
2753 4189 2817 4240 Et
2847 4192 2974 4256 post
3017 4203 3218 4256 pauca,
3253 4187 3322 4240 de
3360 4187 3519 4256 Jepte
3557 4186 3672 4239 dis-

166 4273 486 4326 crudeliore
517 4275 715 4328 mortis
749 4275 937 4344 gladio
967 4275 1340 4329 trucidamns.
1403 4276 1524 4330 Illic
1554 4277 1704 4330 enim
1758 4278 1860 4330 du-

165 4361 300 4430 plici
330 4361 630 4430 culparum
658 4363 772 4415 telo
799 4363 1173 4432 percutimur,
1205 4363 1298 4416 hic
1346 4364 1647 4433 tripliciter
1689 4365 1860 4434 jugu-

163 4452 370 4504 lamur.
403 4451 598 4503 Restat
629 4467 786 4520 ergo,
839 4456 900 4504 ut
933 4467 998 4504 eo
1048 4457 1242 4505 nostra
1295 4457 1494 4523 pergat
1557 4453 1860 4520 sententia,

164 4554 278 4609 quo
335 4537 744 4591 misericordiae
823 4539 1074 4610 patuerit
1135 4539 1245 4593 via.
1309 4541 1446 4603 Qum
1495 4541 1556 4592 in
1616 4541 1862 4595 Domino

161 4625 442 4693 probatur
471 4631 720 4695 accepta,
779 4631 842 4681 ut
895 4629 1024 4697 plus
1055 4645 1182 4682 eam
1238 4629 1428 4698 cupiat
1475 4645 1648 4698 quam
1690 4629 1861 4682 sacri-

161 4715 292 4768 ﬁcia
329 4715 674 4780 veneranda,
737 4716 958 4770 dicente
989 4717 1154 4787 ipso:
1213 4717 1654 4771 Misericordiam
1707 4719 1858 4784 volo,

161 4807 216 4856 et
245 4819 364 4855 non
425 4803 786 4858 sacriﬁcium.
847 4807 960 4860 Hac
993 4805 1367 4875 indulgentias
1399 4822 1662 4859 concessa
1691 4807 1863 4860 licen-

161 4891 260 4956 tia,
299 4891 684 4944 miserationis
711 4892 892 4962 ipsius
923 4909 1068 4963 opus
1093 4893 1152 4945 in
1183 4893 1416 4962 gloriosi
1438 4893 1711 4964 principis
1759 4911 1864 4964 po-

161 4983 425 5032 testatem
477 4979 792 5046 redigimus
825 4997 838 5034 :
871 4985 956 5045 ut,
1015 4980 1151 5050 quia
1193 4982 1344 5034 Deus
1399 4981 1484 5035 illi
1553 4982 1863 5037 miserandi

161 5067 384 5120 aditum
415 5067 701 5136 patefecit,
737 5069 996 5122 remedia
1047 5069 1275 5138 pietatis
1303 5069 1424 5140 ipse
1455 5087 1686 5140 quoque
1748 5087 1864 5124 non

163 5155 426 5226 deneget.
477 5155 615 5219 Quae
669 5155 747 5209 ita
795 5157 1104 5227 principali
1167 5157 1507 5212 discretione
1571 5159 1864 5213 moderata

163 5243 490 5312 persistent,
527 5248 591 5296 ut
631 5251 686 5296 et
715 5245 828 5297 illis
857 5245 936 5298 ita
984 5247 1057 5300 sit
1085 5245 1478 5300 misericordia
1518 5247 1861 5312 contributa,

166 5335 232 5381 ut
261 5345 548 5399 nusquam
581 5347 738 5399 gens,
767 5339 867 5387 aut
905 5333 1113 5403 patria,
1171 5351 1271 5403 per
1298 5335 1550 5400 eosdem,
1585 5339 1682 5387 aut
1709 5336 1864 5404 peri-

170 5419 364 5471 culum
394 5421 778 5490 quodcunque
807 5423 1074 5493 perferat,
1110 5427 1207 5478 aut
1229 5423 1534 5493 jacturam.
1593 5425 1722 5476 Haec
1755 5425 1860 5476 mi-

173 5507 472 5560 serationis
517 5509 756 5564 obtentu
797 5517 1141 5583 temperasse
1173 5511 1436 5578 sufficiat,
1475 5519 1864 5582 ceeterumque

1973 4293 2228 4330 cernens.
2267 4276 2603 4330 Miserahilis
2653 4276 2984 4342 necessitas,
3016 4291 3146 4345 quae
3195 4275 3433 4328 solvitur
3481 4274 3672 4344 parri—

1972 4365 2138 4418 cidio.
2175 4364 2370 4418 Melius
2422 4371 2507 4416 est
2547 4381 2664 4417 non
2693 4380 2897 4417 vovere
2928 4363 3004 4428 id,
3067 4364 3220 4432 quod
3272 4363 3380 4416 sibi
3425 4362 3514 4416 cui
3545 4379 3674 4432 pro-

1973 4452 2236 4516 mittitur,
2267 4453 2411 4505 nolit
2439 4452 2640 4505 exolvi.
2667 4453 2736 4504 Et
2759 4453 2890 4522 post
2917 4451 3216 4520 paululum
3253 4468 3264 4504 :
3292 4452 3412 4504 Non
3447 4467 3672 4520 semper

1972 4541 2150 4612 igitur
2181 4541 2464 4611 promissa
2495 4541 2764 4594 solvenda
2792 4540 2989 4593 omnia
3045 4545 3196 4593 sunt.
3233 4540 3492 4610 Denique
3551 4539 3672 4608 ipse

1975 4629 2269 4696 Dominus,
2330 4630 2473 4682 sicut
2504 4627 2794 4696 Scriptura
2851 4627 3086 4693 indicat,
3118 4628 3448 4696 frequenter
3511 4643 3671 4680 suam

1972 4723 2155 4771 mutat
2213 4717 2578 4771 sententiam.
2639 4717 2734 4770 Vir
2790 4731 3022 4786 quoque
3088 4715 3477 4768 sanctissimus
3557 4719 3670 4766 Au-

1972 4807 2234 4876 gustinus
2305 4803 2760 4874 investigationis
2849 4801 3114 4855 acumine
3205 4807 3425 4866 acutus,
3511 4800 3668 4852 inve-

1971 4894 2168 4948 niendi
2227 4897 2348 4946 arte
2403 4893 2746 4961 praecipuus,
2825 4890 3116 4944 asserendi
3174 4889 3337 4958 copia
3389 4889 3667 4958 proﬁuus,

1973 4981 2318 5053 eloquentiae.
2359 4981 2498 5033 flore
2531 4985 2821 5046 venustus,
2856 4978 3151 5048 sapientia:
3207 4979 3392 5030 fructu
3453 4977 3668 5029 fcecun-

1972 5071 2096 5134 dus,
2123 5071 2248 5123 haac
2305 5069 2365 5120 in
2397 5067 2511 5120 suis
2567 5071 2760 5120 narrat
2788 5067 3102 5119 alfectibus.
3167 5067 3286 5118 Duo
3319 5067 3450 5116 sunt
3515 5063 3671 5116 enim

1973 5158 2210 5212 omnino
2239 5172 2452 5226 genera
2483 5155 2938 5220 mendaciorum,
2973 5153 3032 5206 in
3065 5153 3274 5223 quibus
3317 5167 3430 5204 non
3463 5167 3672 5221 magna

1973 5249 2142 5316 culpa
2190 5251 2292 5310 est,
2327 5245 2422 5298 sed
2458 5250 2651 5297 tamen
2693 5259 2810 5296 non
2841 5249 2926 5294 est
2986 5241 3108 5293 sine
3149 5241 3334 5309 culpa,
3390 5255 3520 5292 cum
3574 5245 3673 5292 aut

1970 5336 2249 5405 jocamur,
2307 5337 2405 5384 aut
2462 5349 2590 5385 cum
2672 5329 3083 5401 promittimus,
3141 5328 3470 5380 mentimur.
3525 5327 3670 5380 Illud

1975 5423 2230 5494 primum
2261 5421 2323 5473 in
2348 5421 2612 5490 jocando,
2647 5421 2774 5472 ideo
2810 5435 2920 5470 non
2945 5423 3030 5469 est
3059 5416 3668 5485 perniciosissimuum,

1976 5511 2110 5582 quia
2141 5525 2257 5564 non
2306 5508 2471 5564 fallit.
2533 5507 2699 5562 Novit
2754 5505 2910 5560 enim
2961 5507 3080 5571 ille,
3127 5505 3219 5558 cui
3271 5505 3494 5566 dicitur,
3557 5503 3672 5572 joci
