4010 6192
341 167 443 219 883
1417 167 1825 223 BURCHARDI
1863 166 2403 224 WORMACIENSIS
2440 162 2777 220 EPISCOPI.
3717 168 3811 221 884

336 304 505 341 causa
534 304 655 341 esse
682 288 918 342 dictum.
965 287 1290 343 Secundum
1332 295 1525 344 autem
1567 290 1695 343 ideo
1755 292 2029 347 mentitus
2059 292 2106 346 A
2143 292 2205 345 in
2254 288 2579 360 Synonimis
2613 303 2626 341 :
2660 288 2724 341 In
2773 286 2939 340 malis
2988 285 3303 357 promissis,
3363 286 3613 341 rescinde
3633 287 3812 343 ﬁdem.

338 379 442 443 est,
498 375 599 446 qui
653 376 865 430 retinet
916 377 1251 431 nonnullam
1320 377 1801 432 benevolentiam.
1880 379 2035 433 Idem
2150 380 2215 433 In
2246 377 2402 448 turpi
2423 382 2553 429 voto
2583 379 2648 429 ut
2684 375 2969 429 adecreto
3006 372 3155 443 quod
3208 373 3431 426 incaute
3461 374 3661 427 novisti
3714 392 3817 429 non

338 464 459 532 ipse
515 464 668 525 alibi,
729 480 843 517 non
894 465 1129 527 auferat,
1198 465 1412 534 inquit,
1462 465 1666 519 veritas
1718 467 2039 520 misericor-
2150 466 2340 520 facias.
2396 464 2579 534 Impia
2622 468 2706 517 est
2744 461 3072 533 promissio,
3135 477 3264 531 qua:
3312 461 3520 515 scelere
3564 462 3817 532 adimple-

339 552 517 617 diam,
550 568 666 605 non
695 553 1010 606 ambulabit
1043 552 1103 605 in
1153 552 1243 606 via
1276 552 1525 619 Domini,
1558 553 1617 607 in
1648 570 1764 625 qua
1823 554 2045 609 miseri-
2150 558 2266 608 tur.
2303 553 2459 606 Unde
2486 567 2714 606 necesse
2761 555 2864 616 est,
2898 555 2963 604 ut
3009 550 3154 603 male
3178 549 3399 618 jnrans,
3460 550 3685 619 dignam
3723 567 3820 621 po:-

338 640 532 695 cordia
561 645 615 694 et
646 641 851 694 veritas
882 640 1257 694 obviaverunt
1283 641 1408 695 sibi.
1450 642 1589 695 Hinc
1637 642 1834 696 beatus
1890 645 2045 712 Papa
2153 643 2453 698 nitentiam
2485 645 2635 710 agat,
2667 656 2734 693 eo
2766 638 2917 710 quod
2950 654 3155 692 nomen
3201 637 3430 691 Domini
3455 644 3649 691 contra
3693 656 3820 709 prte-

340 729 667 799 Gregorius,
716 729 774 782 in
810 728 971 782 libris
1025 729 1347 798 Moralium,
1380 729 1460 783 sic
1500 731 1623 785 ait:
1680 733 1821 785 Cum
1881 748 2043 785 mens
2152 735 2385 802 ceptum
2411 729 2563 783 illius
2590 728 2835 797 sumpsit
2868 727 2925 780 in
2953 742 3179 792 vanum,
3206 726 3343 796 quia
3376 726 3437 779 in
3468 726 3658 780 Exodo
3699 728 3824 781 scri-

342 817 495 871 inter
538 817 785 883 minora,
849 821 904 871 et
934 818 1185 871 maxima
1231 822 1461 888 peccata
1510 819 1944 890 constringitur,
1996 820 2044 873 si
2152 824 2320 890 ptum
2375 823 2506 871 est:
2543 818 2655 870 Nec
2705 818 2861 868 enim
2919 814 3204 867 insontem
3254 812 3496 867 habebit
3574 815 3824 870 Dominus

343 905 580 960 omnino
613 906 805 959 nullus
835 905 957 958 sine
1003 909 1235 974 peccato
1293 907 1569 960 evadendi
1620 906 1811 960 aditus
1865 912 2041 977 patet,
2156 923 2290 962 eum
2317 903 2808 977 quiassumpserit
2839 919 3053 957 nomen
3094 901 3317 956 Domini
3359 902 3463 955 Dei
3488 903 3578 956 sui
3617 903 3821 958 frustra.

345 992 570 1046 minora
599 1009 825 1062 semper
854 992 1142 1063 eligantur
1176 1009 1188 1048 :
1225 994 1361 1063 quia
1384 997 1439 1047 et
1470 995 1568 1065 qui
1600 1011 1895 1048 murorum
1922 1011 2044 1048 am-
2156 996 2237 1048 Et'
2255 995 2314 1048 in
2345 993 2593 1047 Levitico
2626 1009 2639 1045 :
2674 993 2796 1045 Non
2826 990 3109 1060 pejerabis
3144 989 3201 1043 in
3248 988 3490 1043 nomine
3538 1006 3683 1056 meo,
3738 1008 3824 1045 nec

343 1080 488 1147 bitu,
521 1097 592 1133 ne
622 1080 823 1151 fugiat,
873 1081 1179 1147 clauditur,
1240 1082 1321 1136 ibi
1360 1098 1419 1136 se
1477 1082 1540 1135 in
1586 1082 1782 1153 fugam
1839 1083 2047 1153 praeci—
2155 1082 2380 1153 pollues
2407 1096 2618 1135 nomen
2644 1079 2872 1134 Domini
2920 1080 3023 1134 Dei
3051 1078 3179 1133 tui:
3239 1095 3348 1149 ego
3410 1078 3700 1133 Dominus.
3731 1080 3823 1132 Ta-

345 1169 484 1239 piat,
515 1169 612 1222 ubi
643 1169 869 1223 brevior
898 1186 1098 1223 murus
1144 1170 1456 1225 invenitur.
1492 1172 1632 1225 Hinc
1685 1176 1741 1225 et
1798 1172 2048 1226 Isidorus
2158 1188 2294 1225 men
2323 1171 2535 1224 malum
2588 1169 2739 1240 quod
2796 1170 3083 1223 facturum
3110 1184 3170 1221 se
3203 1171 3566 1221 sacramento
3612 1167 3821 1220 devove-

346 1256 471 1310 ait:
505 1257 881 1311 Tolerabilius
935 1263 1021 1311 est
1078 1259 1233 1312 enim
1291 1275 1408 1313 non
1451 1260 1689 1330 implere
1732 1276 2050 1314 sacramen-
2158 1265 2250 1314 rat
2276 1259 2512 1314 omnino
2552 1274 2669 1312 non
2698 1257 2911 1312 faciat:
2971 1256 3105 1328 quia
3132 1257 3301 1310 stulta
3345 1261 3483 1310 vota
3522 1254 3806 1327 frangenda

347 1346 494 1405 tum,
542 1360 717 1415 quam
746 1361 1086 1416 permanere
1135 1346 1198 1400 in
1245 1347 1431 1419 stupri
1478 1348 1718 1419 ﬂagitio.
1776 1348 2051 1403 Similiter
2159 1354 2312 1404 sunt.

1690 1470 1868 1509 FINIS
1911 1469 2091 1509 LIBRI
2136 1469 2516 1510 DUODECIMI.

1026 1731 1322 1805 INDEX
1379 1733 2071 1808 CAPITULORUM
2128 1736 2386 1808 LIBRI
2446 1734 2779 1808 DECIMI
2836 1735 3177 1811 TERTII.

356 1883 484 1938 CAP.
524 1886 573 1937 1.
608 1884 686 1937 De
716 1882 1112 1938 observatione
1141 1885 1623 1956 Quadragesimaa.
2087 1890 2126 1943 Β
2168 1892 2252 1942 17.
2288 1889 2366 1942 De
2399 1888 2598 1943 eadem
2632 1904 2709 1942 re.

354 1975 409 2027 2.
446 1972 524 2025 De
547 1971 770 2042 jejunio
799 1973 1055 2036 Quatuor
1083 1974 1450 2043 Temporum.
2171 1979 2255 2031 18.
2309 1978 2385 2032 De
2440 1976 2550 2031 hoc
2606 1976 2653 2031 si
2684 1975 2940 2031 evenerit
2966 1975 3313 2046 pestilentia,
3370 1975 3465 2029 vel
3508 1973 3823 2046 inaequalitas

359 2063 411 2115 3.
444 2061 568 2125 Quo
601 2064 859 2132 tempore
890 2061 960 2115 ad
998 2062 1231 2116 missam
1274 2065 1547 2130 ﬂectamus
1594 2078 1769 2131 genua
1813 2063 1926 2118 dici
1959 2063 2058 2119 de-
2239 2065 2410 2120 aeris.

431 2150 582 2204 beat.
1384 2152 1392 2158 ’
2173 2157 2256 2209 19.
2295 2155 2364 2209 Ut
2393 2154 2585 2208 nullus
2640 2153 2700 2208 in
2758 2151 3054 2208 Dominica
3102 2152 3192 2208 die
3236 2168 3347 2224 pro
3395 2152 3723 2208 abstinentia
3753 2152 3822 2223 je-

358 2238 413 2292 4.
448 2239 527 2292 De
557 2237 671 2292 illis
697 2238 796 2310 qui
826 2238 1104 2294 indictum
1130 2240 1420 2312 jejunium
1442 2240 1913 2312 contempserint.
2236 2243 2423 2313 junet.

362 2331 415 2381 5.
444 2328 524 2381 De
554 2327 752 2381 eadem
786 2343 866 2380 re.
2170 2333 2259 2386 20.
2296 2333 2376 2385 De
2407 2331 2606 2385 eadem
2632 2347 2715 2385 re.

362 2418 415 2469 6.
450 2416 527 2468 De
562 2414 793 2469 Letania
823 2416 1038 2486 majore
1069 2418 1364 2487 quomodo
1411 2417 1763 2473 observanda
1792 2417 1882 2473 sit.
2170 2420 2258 2472 21.
2296 2419 2366 2472 Ut
2394 2419 2601 2489 placita
2640 2417 2937 2472 saecularia
2983 2416 3045 2471 in
3091 2416 3291 2470 diebus
3337 2416 3664 2483 Dominicis,
3715 2416 3826 2471 etin

360 2508 416 2560 7.
451 2505 530 2558 De
555 2504 774 2575 jejunio
804 2505 1207 2576 Rogationum.
2244 2507 2547 2578 praecipuis
2617 2506 2799 2576 festis,
2846 2511 2902 2561 et
2959 2506 3021 2560 in
3077 2506 3278 2560 diebus
3331 2506 3679 2577 jejuniorum
3735 2522 3828 2559 non

364 2594 417 2646 8.
445 2593 516 2647 Ut
543 2593 604 2645 in
629 2609 790 2647 caena
822 2594 1073 2663 Domini,
1106 2599 1171 2649 ut
1198 2595 1260 2649 in
1316 2594 1554 2666 reliquis
1601 2594 2065 2666 Quadragesima;
2243 2594 2404 2648 tiant.

435 2679 638 2735 diebus
656 2682 945 2752 jejunium
972 2699 1087 2737 non
1122 2685 1388 2738 solvatur.
2172 2685 2260 2737 22.
2296 2684 2367 2738 Ut
2405 2682 2697 2754 jejunium
2729 2684 2945 2756 absque
2975 2683 3103 2738 cibo
3134 2684 3380 2738 luxuriae
3430 2683 3703 2739 observari
3751 2683 3828 2737 de-

364 2771 415 2823 9.
453 2769 522 2823 Ut
552 2769 613 2823 in
644 2770 891 2825 Sabbato
916 2778 1110 2826 sancto
1131 2772 1424 2843 jejunium
1457 2776 1588 2826 ante
1624 2771 1810 2827 noctis
1834 2771 2066 2827 initium
2243 2771 2397 2826 beat.

437 2873 552 2911 non
583 2860 855 2913 solvatur.
2175 2862 2264 2916 23.
2294 2861 2362 2914 Ut
2381 2860 2785 2931 quotidianum
2808 2860 3095 2932 jejunium
3134 2876 3254 2915 non
3284 2860 3362 2915 sit
3420 2861 3543 2916 sine
3567 2860 3827 2915 refectione

374 2948 458 3001 10.
511 2946 675 3010 Quod
726 2964 845 3001 non
887 2952 1148 3018 oporteat
1201 2947 1265 3002 in
1313 2948 1760 3020 Quadragesima
1804 2948 2069 3003 natalicia
2249 2948 2463 3019 aliqua.

442 3041 773 3108 sanctorum
802 3036 1099 3090 celebrari.
2176 3036 2263 3090 24.
2296 3038 2372 3090 De
2402 3037 2605 3090 eadem
2631 3053 2711 3091 re.

373 3127 458 3178 11.
494 3124 657 3188 Quod
685 3124 748 3177 in
782 3124 979 3177 diebus
1021 3124 1230 3195 jejunii
1260 3126 1624 3196 eleemosyna
1668 3126 1741 3179 sit
1787 3125 2065 3181 facienda.
2099 3165 2139 3220 Ο
2175 3125 2264 3177 25.
2298 3124 2460 3188 Quod
2486 3124 2775 3195 jejunium
2803 3128 2965 3178 curet
2994 3124 3231 3179 vulnera
3251 3125 3656 3197 delinquentis.

377 3214 461 3266 12.
520 3213 584 3265 Ut
643 3212 705 3283 in
764 3211 1210 3281 Quadragesima
1273 3217 1502 3282 tempus
1554 3212 1786 3283 prandii
1843 3230 2068 3268 conser-
2105 3211 2139 3220 “”
2179 3213 2266 3265 26.
2304 3212 2380 3265 De
2406 3212 2661 3282 quodam
2717 3212 3006 3299 Alcibiade
3038 3212 3137 3284 qui
3185 3212 3295 3268 sibi
3338 3229 3515 3284 grave
3555 3211 3827 3283 jngumje-

444 3303 628 3353 vetur.
2242 3300 2396 3369 junii
2429 3301 2805 3371 imposuerat.

378 3389 465 3441 13.
525 3386 688 3451 Quod
732 3386 795 3440 in
846 3386 1046 3441 diebus
1076 3387 1436 3460 jejuniorum
1500 3388 1659 3443 nulla
1708 3389 1904 3461 jurgia
1952 3407 2072 3445 esse
2181 3389 2270 3444 27.
2307 3390 2383 3442 De
2417 3406 2485 3444 eo
2512 3390 2613 3461 qui
2656 3389 2760 3443 sub
2792 3389 3034 3444 obtentu
3058 3389 3355 3459 religionis
3390 3390 3515 3445 sine
3558 3391 3708 3462 jussu
3735 3386 3829 3458 epi-

449 3474 712 3530 debeant.
2252 3478 2410 3547 scopi
2441 3479 2529 3531 sui
2550 3478 2637 3531 vel
2663 3477 2982 3548 presbyteri
3006 3478 3299 3549 jejunium
3328 3479 3442 3533 sibi
3476 3478 3718 3549 imponit.

380 3564 463 3618 14.
496 3565 565 3619 Ut
585 3565 646 3618 in
678 3563 792 3618 illis
831 3564 1064 3618 sacratis
1089 3565 1289 3620 diebus
1328 3565 1690 3637 jejuniorum
1719 3567 2014 3638 conjugati
2040 3583 2074 3621 a
2180 3568 2268 3621 28.
2304 3567 2367 3620 Ut
2396 3567 2592 3620 nullus
2622 3566 2978 3620 Christianus
3008 3566 3143 3620 dum
3194 3574 3396 3621 sancta
3443 3568 3564 3622 loca
3593 3583 3685 3638 pro
3712 3580 3831 3619 reve-

449 3652 789 3723 conjugibus
819 3669 878 3707 se
918 3653 1205 3709 abstinere
1234 3655 1502 3710 debeant.
2253 3655 2442 3708 rentia
2473 3654 2722 3725 petierit,
2773 3655 3017 3726 alicujus
3046 3655 3294 3725 publica:
3339 3656 3633 3727 potestatis
3675 3654 3829 3708 banno

381 3744 467 3797 15.
500 3743 577 3796 De
607 3741 697 3796 his
724 3742 824 3813 qui
879 3743 937 3797 in
963 3744 1114 3798 clero
1142 3748 1294 3813 sunt,
1340 3750 1399 3799 et
1446 3745 1708 3799 carnium
1756 3760 1917 3800 esum
1971 3745 2075 3802 ha-
2252 3743 2467 3798 ibidem
2483 3743 2926 3814 constringatur.

447 3830 681 3885 buerint
700 3847 955 3886 exosum.

384 3922 467 3974 16.
498 3921 577 3974 De
600 3919 810 3990 vigiliis
842 3924 1188 3975 sanctorum.

2643 3868 2856 3924 Indicis
2882 3869 3244 3939 capitulorum
3270 3871 3423 3937 ﬁnis.

1542 4066 2735 4291 BURCHARDI

1375 4368 1785 4425 ECCLESUE
1840 4368 2468 4424 WORMACIENSIS
2525 4367 2900 4424 EPISCOPI

385 4532 1527 4689 DECRETORUM
1634 4536 2138 4687 LIBER
2276 4533 3021 4688 DECIMUS
3108 4525 3820 4687 TERTIUS

1891 4787 1991 4851 DE
2036 4787 2377 4852 JEJUNIO.

857 5066 1351 5123 ABGUMENTUM
1387 5067 1597 5122 LIBRI.
2112 5066 2155 5118 D
2372 5064 2501 5120 CAP.
2541 5068 2588 5119 1.
2619 5092 2693 5105 -
2720 5066 2795 5119 De
2837 5063 3203 5119 observatione
3248 5061 3683 5132 Quadragesima.

455 5158 624 5213 Libro
680 5159 790 5212 hoc
847 5158 917 5211 de
983 5155 1379 5210 observatione
1445 5155 1803 5226 utilitateque
1850 5153 2079 5225 jejunii,
2261 5156 2372 5220 (Ea:
2399 5157 2556 5223 epist.
2617 5155 2828 5221 Gregor
2889 5156 3091 5221 papa.)
3148 5149 3587 5220 Quadragesima
3644 5152 3822 5198 summa

382 5246 629 5300 maxime
657 5258 849 5300 autem
891 5245 962 5300 de
1000 5244 1222 5315 jejunio
1269 5243 1777 5315 Quadragesimali,
1827 5243 2083 5308 Quatuor
2191 5243 2583 5297 observatione
2609 5247 2696 5296 est
2723 5241 3093 5306 observanda,
3119 5244 3182 5294 ut
3218 5240 3504 5311 jejunium
3533 5236 3587 5289 in
3614 5250 3673 5287 ea
3705 5242 3821 5321 prtﬁt

383 5336 755 5405 Temporum,
786 5334 1148 5405 aliorumque
1175 5333 1247 5387 ab
1306 5332 1551 5387 Ecclesia
1579 5332 1996 5399 institutorum,
2026 5337 2081 5386 et
2189 5335 2277 5384 ter
2308 5331 2634 5385 Dominicos
2667 5331 2768 5402 qui
2797 5331 2867 5385 de
2896 5328 3239 5383 abstinentia
3263 5325 3528 5383 subtracti
3574 5324 3705 5382 sunt,
3735 5315 3820 5369 nisi

384 5422 721 5478 earumdem
752 5421 1145 5487 violatoribus,
1171 5422 1382 5491 agitur.
2189 5435 2360 5490 quem
2422 5418 2730 5473 inﬁrmitas
2787 5417 3133 5489 impedierit,
3200 5416 3522 5471 nullatenus
3574 5410 3815 5464 solvatur:
