3972 6192
35 355 122 402 885
816 345 1299 404 DECRETORUM
1344 346 1532 401 LIBRI
1572 348 1678 402 XX.
1723 376 1790 386 —
1834 347 2044 402 LIBER
2087 347 2390 402 DECIMUS
2427 349 2745 405 TERTIUS.

3421 363 3523 414 886

35 473 159 541 quia
208 471 322 540 ipsi
378 470 498 524 dies
550 469 781 524 decimae
831 472 966 525 sunt
1017 469 1172 522 anni.
1215 472 1261 522 Α
1300 469 1490 538 prima
1545 469 1724 539 igitur
1753 469 1798 522 Α
1837 467 1966 521 CAP.
2004 469 2090 522 Vl.
2132 500 2200 508 ——
2248 471 2319 523 De
2377 471 2579 524 lelania
2625 473 2832 540 majore
2890 475 3152 542 quomodo
3192 477 3528 531 observanda

36 560 323 614 Dominica
373 557 843 627 Quadragesima
893 572 1072 626 usque
1123 557 1182 610 in
1234 557 1446 610 Pascha
1501 557 1727 610 Domini

36 665 115 702 sex
185 648 564 701 hebdomadas
644 650 1069 715 computantur,
1152 661 1398 715 quarum
1463 645 1728 699 videlicet

38 737 249 790 dierum
295 753 365 789 XL
394 741 449 788 et
499 752 537 788 ιι
569 735 732 788 ﬁunt.
787 736 861 788 Ex
893 734 1102 804 quibus
1135 734 1272 787 dum
1321 749 1415 786 sex
1447 733 1567 787 dies
1616 735 1724 786 Do-

40 825 222 878 minici
255 823 620 878 abstinentiae
673 822 1110 889 subtrahuntur,
1145 837 1264 875 non
1303 821 1430 892 plus
1463 820 1520 873 in
1552 819 1726 873 absti-

39 914 224 967 nentia
273 929 447 984 quam
492 912 731 982 triginta
782 916 836 964 et
875 927 971 964 sex
1022 911 1142 964 dies
1189 914 1507 963 remanent.
1559 907 1726 964 Verbi

41 1002 211 1071 gratia
263 1018 276 1054 :
337 1002 384 1054 si
446 1017 547 1070 per
611 1016 804 1053 ccchv
874 999 994 1052 dies
1059 1015 1243 1052 annus
1311 998 1554 1063 ducitur,
1623 1013 1726 1050 nos

42 1095 219 1144 autem
283 1104 386 1160 per
432 1105 539 1142 xxx
585 1092 641 1141 et
689 1104 741 1140 vr
809 1087 927 1141 dies
975 1086 1309 1156 afﬂigimur,
1378 1085 1542 1156 quasi
1591 1085 1728 1138 anni

45 1180 280 1232 decimas
325 1179 438 1230 Deo
489 1178 710 1230 damus.
770 1176 833 1228 Et
864 1180 926 1228 ut
973 1191 1128 1228 sacer
1157 1191 1430 1228 numerus
1480 1174 1727 1245 quadra-

46 1268 189 1336 ginta
247 1266 471 1320 dierum
529 1252 934 1334 adimpleatur,
994 1281 1166 1334 quem
1230 1264 1486 1318 Salvator
1536 1268 1729 1316 noster

46 1373 134 1408 suo
163 1370 321 1407 sacro
364 1353 587 1423 jejunio
631 1358 1075 1417 consecraverat,
1128 1357 1376 1422 quatuor
1406 1352 1524 1405 dies
1568 1351 1726 1421 prio-

49 1446 112 1496 ris
142 1443 517 1496 hebdomadas
551 1442 621 1494 ad
669 1442 1133 1512 supplementum
1174 1440 1552 1510 quadraginta
1601 1439 1728 1493 die-

52 1548 160 1584 rum
191 1532 494 1596 tollantur,
526 1529 581 1583 id
617 1535 700 1583 est
727 1534 930 1600 quarta
959 1529 1120 1595 feria,
1173 1545 1300 1598 quae
1333 1533 1504 1598 caput
1527 1527 1727 1598 jejunii

52 1621 388 1684 subnotatur,
443 1623 501 1672 et
532 1617 732 1688 quinta
773 1617 915 1670 feria
963 1633 1228 1687 sequens,
1263 1621 1411 1669 sexta
1444 1621 1500 1669 et
1529 1615 1728 1669 sabba-

53 1715 174 1762 tum.
210 1707 326 1761 Nisi
380 1707 518 1760 istos
551 1711 797 1776 quatuor
827 1706 946 1759 dies
977 1705 1370 1775 superioribus
1410 1705 1643 1774 triginta
1675 1709 1728 1757 et

54 1815 130 1850 sex
176 1797 631 1866 adjunxerimus,
684 1795 1066 1865 quadraginta
1114 1794 1233 1847 dies
1276 1794 1335 1847 in
1386 1793 1729 1847 abstinentia

55 1903 152 1939 non
193 1886 489 1939 habemus.
525 1884 802 1937 Jubemur
846 1883 1015 1935 etiam
1071 1883 1142 1935 ab
1173 1882 1555 1951 omnipotenti
1589 1883 1726 1950 Deo,

56 1975 294 2028 omnium
354 1973 638 2026 bonorum
694 1976 1020 2024 nostrorum
1071 1970 1322 2024 decimas
1368 1970 1524 2023 dare.
1579 1968 1732 2031 Qua-

56 2068 270 2133 propter
303 2066 364 2114 ut
395 2061 578 2114 omnis
628 2059 848 2113 decima
878 2076 911 2112 a
940 2059 1107 2112 nobis
1151 2059 1265 2110 Deo
1305 2057 1413 2110 rite
1446 2056 1731 2126 persolva-

58 2157 148 2216 tur,
184 2151 454 2205 tollamus
501 2149 780 2203 decimam
809 2147 966 2211 anni,
1009 2154 1064 2200 et
1093 2147 1152 2200 in
1184 2163 1246 2199 ea
1279 2151 1506 2216 peccata
1536 2148 1731 2197 nostra

60 2240 386 2304 conﬁtendo,
443 2237 784 2307 corrigendo
841 2253 978 2301 nos,
1022 2235 1364 2306 jejunando,
1416 2233 1726 2302 vigilando,

61 2328 277 2392 orando,
356 2328 747 2396 eleemosynas
810 2324 1120 2395 largiendo,
1190 2323 1609 2392 abstergamus,
1674 2325 1732 2374 et

61 2433 263 2469 carnem
295 2422 554 2469 nostram
601 2413 974 2482 decimemus,
1025 2418 1090 2467 ut
1118 2413 1189 2467 ad
1219 2417 1478 2466 sanctum
1517 2410 1730 2465 Pascha

60 2507 220 2558 securi
241 2505 537 2574 pervenire
561 2519 886 2574 possumus.

223 2614 349 2668 CAP.
384 2613 453 2667 ll.
476 2643 553 2663 .—
586 2612 664 2666 De
684 2613 902 2681 jejunio
929 2611 1170 2677 Quatuor
1203 2613 1539 2678 Temporum.

117 2723 221 2786 (Ea:
267 2721 488 2773 concilio
537 2721 798 2786 Mogunt,
846 2721 1024 2786 capite
1068 2721 1149 2787 2.)
1205 2717 1631 2780 Constituimus,
1667 2719 1730 2767 ut

59 2815 282 2876 quatuor
323 2814 586 2877 tempora
615 2807 770 2872 anni,
805 2808 876 2860 ab
906 2807 1176 2860 omnibus
1211 2823 1340 2859 cum
1368 2804 1591 2875 jejunio
1623 2804 1728 2857 ob-

62 2900 356 2963 serventur,
407 2897 464 2948 id
498 2901 601 2962 est,
651 2896 710 2948 in
758 2895 978 2959 Martio,
1024 2895 1378 2948 hebdomada
1427 2893 1630 2962 prima.
1666 2894 1728 2946 In

62 2985 224 3050 luuio,
260 2985 528 3038 secunda.
567 2985 629 3038 In
670 2983 1042 3053 Septembris,
1095 2983 1283 3036 tertia.
1319 2983 1379 3035 In
1412 2981 1726 3048 Decembri,

64 3079 243 3143 quarta
277 3090 289 3126 :
324 3089 453 3144 quae
502 3073 670 3126 fuerit
702 3073 875 3142 plena
914 3077 1042 3126 ante
1082 3071 1336 3142 vigiliam
1368 3070 1577 3124 Natalis
1629 3071 1732 3123 Do-

63 3164 208 3230 mini,
263 3163 318 3217 id
379 3169 485 3228 est,
541 3162 681 3216 feria
737 3167 962 3232 quarta,
1012 3166 1067 3215 et
1119 3166 1293 3226 sexta,
1351 3166 1408 3214 et
1463 3160 1728 3214 Sabbato.

62 3252 278 3304 Veniant
327 3269 526 3305 omnes
577 3252 645 3305 ad
688 3251 994 3304 Ecclesiam
1042 3251 1185 3304 hora
1241 3266 1412 3316 nona,
1463 3265 1593 3302 cum
1649 3249 1730 3302 le-

66 3341 212 3393 taniis
242 3341 307 3394 ad
341 3341 644 3394 missarum
676 3340 973 3394 solemnia.

65 3446 172 3499 CAP.
201 3447 290 3501 Ill.
324 3477 392 3485 —
424 3447 535 3512 Quo
583 3452 816 3516 tempore
845 3446 920 3498 ad
958 3447 1180 3499 missam
1213 3447 1509 3498 ﬂectamus
1543 3459 1732 3513 genua

709 3518 822 3570 dici
850 3517 1056 3570 debeat.

119 3625 214 3689 (Er
259 3626 482 3678 concilio
537 3625 846 3688 Aureliam,
903 3624 1078 3691 capite
1131 3621 1238 3691 14.)
1295 3622 1364 3674 Ut
1417 3619 1731 3690 presbyteri

58 3712 302 3778 plebibus
351 3713 716 3777 annuntient,
770 3713 925 3782 quod
969 3713 1027 3764 in
1080 3709 1526 3780 Quadragesima
1573 3712 1626 3760 et
1671 3707 1732 3759 in

57 3800 255 3869 jejunio
277 3802 537 3865 Quatuor
556 3802 903 3870 Temporum
921 3798 1322 3853 tantummodo
1339 3797 1407 3850 ad
1430 3796 1732 3849 missarum

64 3888 319 3942 solemnia
349 3905 536 3958 genua
567 3889 793 3942 ﬂectere
823 3888 1086 3941 debeant.
1120 3887 1181 3939 In
1216 3884 1526 3940 Dominicis
1560 3899 1733 3937 econ-

67 3978 141 4026 tra
187 3975 382 4029 diebus
434 3976 521 4028 vel
571 3975 790 4028 caeteris
840 3974 1018 4040 festis,
1071 3990 1104 4026 a
1157 3989 1388 4043 vespera
1438 3986 1618 4042 usque
1673 3970 1732 4023 in

65 4077 336 4130 vesperam
382 4080 498 4116 non
530 4062 760 4116 ﬂectant
808 4078 1019 4132 genua,
1067 4061 1166 4114 sed
1198 4065 1411 4114 stantes
1453 4057 1734 4112 incurvati

68 4155 227 4216 orent,
275 4167 381 4204 nec
422 4151 728 4222 quisquam
772 4167 887 4203 uno
921 4166 1073 4219 genu
1121 4149 1407 4203 solotenus
1457 4147 1735 4216 impresso

68 4251 209 4290 orare
251 4243 584 4308 praesumat,
640 4239 788 4292 sicut
836 4239 1018 4293 Judmi
1059 4237 1360 4291 irridentes
1425 4234 1734 4288 Dominum

63 4324 111 4376 in
148 4327 402 4394 passione
435 4329 558 4397 ejus
587 4328 786 4382 fecisse
817 4328 1112 4395 leguntur,
1149 4326 1245 4378 sed
1277 4328 1518 4394 utraque
1545 4337 1733 4392 genua
1763 4305 1807 4356 D

66 4416 206 4466 terra
235 4415 392 4484 ﬁgat.
427 4415 520 4469 Ait
569 4416 724 4470 enim
772 4415 1078 4486 Apostolus
1111 4431 1124 4468 :
1160 4415 1344 4468 Flecto
1387 4428 1576 4481 genua
1605 4426 1734 4464 mea

69 4501 120 4552 ad
146 4503 367 4556 Patrem
405 4503 628 4556 Domini
655 4503 832 4556 nostri
862 4503 996 4556 Jesu
1027 4501 1252 4556 Christi.

73 4608 172 4663 CAP.
206 4611 292 4664 IV.
341 4641 410 4649 —
445 4611 524 4663 De
567 4611 681 4664 illis
739 4611 834 4677 qui
878 4607 1144 4661 indictum
1178 4607 1451 4676 jejunium
1498 4608 1732 4658 contem-

776 4681 1004 4748 pserint.

125 4771 223 4835 (Ex
254 4771 478 4823 concilio
522 4771 787 4835 Mogunt.,
845 4771 1022 4836 capite
1071 4765 1144 4836 5.)
1178 4765 1235 4820 Si
1277 4765 1405 4836 quis
1457 4763 1735 4818 indictum

66 4855 323 4925 jejunium
383 4857 767 4928 superbiendo
828 4855 1260 4923 contempserit,
1321 4859 1377 4907 et
1437 4853 1736 4907 observare

67 4961 173 4999 cum
205 4947 423 5000 caeteris
473 4946 807 5001 Christianis
849 4945 1120 5012 noluerit,
1156 4943 1215 4997 in
1249 4942 1564 5014 Gangrensi
1593 4958 1737 4996 con-

66 5033 175 5087 cilio
205 5035 553 5106 praecipitur,
587 5040 649 5088 ut
679 5033 1211 5087 anathematizetur.
1236 5045 1240 5048 '

516 5142 643 5194 CAP.
681 5141 742 5193 V.
775 5168 846 5179 —
876 5142 946 5193 De
969 5138 1153 5192 eadem
1179 5153 1253 5191 re.

122 5247 224 5310 (Ea:
272 5247 495 5299 concilio
542 5247 844 5312 Gangren.,
894 5245 1070 5311 capite
1126 5245 1231 5308 t9.)
1284 5241 1340 5295 Si
1371 5241 1498 5310 quis
1541 5256 1738 5294 eorum

65 5334 147 5400 qui
189 5334 562 5386 continentiae
612 5335 862 5398 student,
910 5332 1125 5402 absque
1170 5332 1502 5384 necessitate
1534 5347 1739 5400 corpo:

67 5435 162 5484 rea,
213 5423 422 5475 tradita
467 5422 528 5474 in
559 5437 863 5474 commune
888 5420 1127 5490 jejunia,
1161 5424 1218 5472 et
1257 5421 1328 5471 ab
1366 5419 1609 5471 Ecclesia
1643 5435 1740 5472 cu-

66 5509 252 5562 stodita
302 5511 692 5580 superbiendo
743 5508 1018 5575 dissolvit,
1071 5507 1304 5561 stimulo
1363 5522 1479 5558 sum
1525 5505 1741 5575 cogita-

67 5595 217 5649 tionis
246 5599 551 5666 impulsus,
586 5599 892 5652 anathema
921 5597 1012 5650 sit.

2635 545 2726 596 sit.

1909 628 2017 695 (Em
2067 629 2285 682 concilio
2329 631 2596 696 Mogunt,
2653 636 2836 700 capste
2873 633 2950 699 6.)
2999 635 3216 689 Placuit
3266 635 3428 688 nobis
3469 640 3531 689 ut

1835 716 2048 770 letania
2097 719 2282 787 major
2337 718 2686 773 observanda
2733 721 2808 774 sit
2849 738 2882 774 a
2927 724 3141 776 cunctis
3195 724 3530 778 Christianis

1835 821 1954 857 uno
2003 805 2095 858 die
2145 822 2216 858 vn
2256 807 2453 858 Kalen.
2508 808 2634 873 Mai,
2689 808 2833 862 sicut
2888 809 2949 862 in
2980 811 3236 865 Romana
3283 813 3532 865 Ecclesia

1837 893 2208 947 constitutum
2259 894 2598 964 reperimus,
2631 900 2686 950 et
2725 896 2870 950 sicut
2900 899 3080 951 sancti
3126 901 3319 952 Patres
3352 901 3530 953 nostri

1837 984 2254 1036 constituerunt
2285 1000 2297 1036 :
2339 1000 2451 1036 non
2480 985 2808 1054 equitando.
2845 1003 2962 1039 non
2984 988 3255 1055 preciosis
3286 989 3532 1042 vestibus

1835 1070 2043 1136 induti,
2095 1072 2285 1125 cinere
2333 1073 2598 1144 respersi,
2636 1080 2691 1128 et
2737 1075 2921 1128 cilicio
2966 1075 3172 1144 induti,
3221 1077 3333 1131 nisi
3363 1077 3532 1132 inﬁr-

1837 1159 2004 1211 mitas
2036 1155 2383 1228 impedierit:

2109 1265 2236 1319 Car.
2271 1267 2389 1322 VII.
2429 1296 2497 1306 —
2526 1269 2600 1320 De
2619 1267 2830 1335 jejunio
2879 1267 3253 1334 Rogationum.

1909 1351 2016 1420 (Em
2046 1355 2268 1406 concilia
2298 1356 2613 1420 Aureliam,
2660 1357 2836 1424 capite
2865 1356 2940 1425 6.)
2975 1357 3138 1422 Cum,
3173 1357 3532 1427 exigentibus

1836 1441 2102 1509 peccatis,
2163 1442 2472 1495 Galliarum
2535 1443 2738 1511 populi
2789 1443 3059 1512 luporum
3115 1443 3272 1496 rabie
3329 1445 3534 1497 acriter

1836 1529 2322 1597 interimerentur,
2368 1545 2473 1582 nec
2503 1530 2675 1599 hujus
2704 1529 2916 1600 ﬂagelli
2947 1531 3178 1601 aliquod
3215 1533 3531 1586 remedium

1836 1617 2084 1670 inveniri
2166 1623 2378 1688 posset,
2443 1618 2776 1687 congregati
2854 1620 3163 1672 traduntur
3223 1621 3533 1674 Galliarum

1838 1707 2092 1776 episcopi
2139 1708 2291 1776 apud
2322 1707 2600 1760 Viennam
2647 1707 2867 1771 urbem,
2923 1713 3094 1776 atque
3127 1708 3187 1760 in
3231 1724 3533 1762 commune

1839 1800 2182 1861 statuerunt,
2217 1802 2280 1848 ut
2309 1795 2947 1864 triduanumjejunium
2978 1795 3248 1850 facerent.
3275 1797 3533 1866 Cumque

1838 1883 2114 1938 Dominus
2162 1889 2381 1952 pestem
2433 1883 2877 1936 misericorditer
2920 1883 3264 1950 abstulisset,
3315 1885 3375 1937 hi
3415 1885 3534 1938 dies

1836 1973 1897 2026 in
1953 1972 2426 2025 consuetudinem
2477 1988 2680 2024 annua:
2724 1971 3071 2025 celebritatis
3126 1978 3428 2040 venerunt,
3473 1981 3536 2027 ut

1837 2077 1939 2132 per
1987 2060 2295 2114 Galliarum
2339 2060 2678 2130 provincias,
2717 2065 2847 2114 ante
2899 2061 3259 2114 Ascensionis
3306 2061 3533 2115 Domini

1837 2151 1988 2204 diem
2035 2149 2482 2203 celebrarentur.
2539 2151 2790 2218 Agamus
2818 2153 2873 2202 et
2921 2165 3023 2201 nos
3071 2149 3176 2202 hos
3231 2149 3352 2202 dies
3400 2166 3532 2202 cum

1839 2255 2065 2292 summa
2130 2237 2449 2290 reverentia
2502 2241 2558 2290 et
2616 2237 2938 2302 devotione,
3006 2254 3134 2290 cum
3183 2237 3534 2292 abstinentia

1838 2327 2044 2393 carnis,
2081 2330 2138 2379 et
2165 2325 2489 2378 humilitate
2521 2326 2726 2390 cordis,
2761 2342 2874 2378 non
2909 2331 2968 2378 ut
3001 2325 3310 2379 visibilium
3359 2327 3533 2397 lupo-

1837 2432 1967 2470 rum
2012 2414 2229 2468 rabiem
2286 2414 2614 2481 evadamus,
2649 2414 2746 2466 sed
2787 2419 2851 2466 ut
2889 2414 3283 2479 invisibilium,
3329 2414 3388 2468 id
3428 2419 3533 2480 est,

1837 2503 2146 2574 spirituum
2198 2502 2630 2555 immundorum
2681 2506 3037 2555 tentamenta
3075 2503 3298 2556 vincere
3349 2503 3534 2555 valea-

1838 2609 1986 2646 mus.
2041 2591 2242 2645 Nullus
2274 2596 2466 2643 autem
2517 2590 2604 2642 his
2635 2590 2836 2644 diebus
2867 2591 3217 2644 vestimentis
3264 2590 3536 2661 preciosis

1839 2682 2110 2735 induatur
2141 2697 2154 2732 :
2189 2680 2324 2749 quia
2365 2681 2424 2732 in
2478 2695 2636 2732 sacco
2668 2685 2722 2732 et
2749 2679 2937 2733 cinere
2993 2680 3189 2750 lugere
3235 2680 3532 2734 debemus.

1839 2770 2254 2825 Prohibeantur
2324 2769 2648 2833 ebrietates,
2708 2774 2766 2821 et
2822 2769 3346 2838 commessationes,
3405 2785 3534 2838 qua:

1838 2859 1988 2912 tiunt
2010 2858 2071 2910 in
2116 2857 2338 2926 vulgari
2368 2856 2554 2926 plebe.
2593 2857 2768 2909 Nemo
2805 2856 2885 2910 ibi
2917 2857 3172 2926 equitare
3199 2862 3531 2927 praesumat,

1839 2947 1934 3000 sed
1965 2945 2303 3000 discalciatis
2336 2943 2576 3014 pedibus
2610 2961 2808 2998 omnes
2841 2945 3124 2999 incedant.
3160 2947 3535 3016 Nequaquam

1761 3030 1801 3085 C
1839 3035 2190 3089 muliercula:
2240 3034 2440 3086 choras
2483 3033 2694 3087 ducant
2726 3050 2739 3087 :
2773 3035 2866 3087 sed
2908 3051 3107 3088 omnes
3140 3035 3201 3088 in
3231 3051 3534 3088 commune

1844 3127 2014 3191 Ky-rie
2061 3125 2254 3177 eleison
2305 3122 2625 3182 decantent,
2675 3127 2732 3175 et
2778 3139 2906 3175 cum
2963 3123 3302 3176 contritione
3353 3122 3535 3176 cordis

1842 3213 1944 3267 Dei
1986 3210 2439 3265 misericordiam
2491 3215 2747 3276 exorent,
2781 3227 2886 3280 pro
2919 3211 3179 3280 peccatis,
3226 3227 3326 3281 pro
3373 3227 3532 3280 pace,

1838 3319 1943 3374 pro
1973 3304 2150 3371 peste,
2200 3316 2303 3370 pro
2333 3299 2763 3352 conservatione
2807 3299 3060 3368 frugum,
3098 3304 3153 3353 et
3182 3315 3286 3369 pro
3317 3298 3536 3352 caeteris

1841 3388 2288 3444 necessitatibus.
2364 3388 2489 3440 Dies
2558 3387 2711 3441 enim
2776 3393 2909 3440 sunt
2975 3388 3354 3452 abstinentiae,
3421 3401 3535 3439 non

1839 3476 2075 3531 laetitiae.

1841 3585 1968 3638 CAP.
2002 3581 2140 3634 VllI.
2191 3609 2258 3619 —
2300 3581 2364 3633 Ut
2392 3582 2450 3632 in
2481 3595 2626 3632 caena
2673 3581 2912 3644 Domini,
2946 3582 3090 3632 utin
3133 3580 3360 3646 reliquis
3392 3581 3535 3645 Qua-

2053 3652 2369 3716 dragesima
2398 3650 2606 3713 diebus,
2633 3651 2905 3717 jejunium
2925 3665 3031 3702 non
3059 3650 3319 3702 solvatur.

1913 3743 2020 3811 (Ea:
2052 3739 2276 3793 concilio
2327 3736 2635 3802 Laodicen.,
2667 3739 2844 3804 capite
2874 3737 2986 3804 50.)
3017 3735 3179 3798 Quod
3211 3752 3326 3788 non
3359 3751 3535 3805 opor—

1842 3835 1957 3885 teat
2005 3829 2064 3882 in
2113 3824 2554 3894 Quadragesima
2586 3824 2645 3877 in
2695 3823 2899 3876 ultima
2949 3824 3272 3893 septimana
3314 3839 3347 3875 v
3378 3823 3536 3878 ferias

1837 3917 2127 3989 jejunium
2161 3915 2398 3979 solvere,
2428 3917 2720 3982 totamque
2752 3911 3258 3981 Quadragesimam
3291 3911 3412 3964 sine
3440 3927 3534 3963 ve-

1844 4006 2138 4062 neratione
2167 4003 2428 4067 transire,
2468 4000 2765 4070 magisque
2797 4000 3098 4054 conveniat
3128 4016 3358 4053 omnem
3387 4000 3535 4063 Qua-

1844 4093 2226 4166 dragesimam
2256 4090 2511 4144 districto
2535 4089 2792 4142 venerari
2816 4089 3059 4160 jejunio.

1846 4204 1973 4258 CAP.
2007 4201 2090 4253 IX.
2124 4227 2192 4237 —
2232 4199 2296 4251 Ut
2339 4199 2396 4249 in
2419 4195 2653 4251 Sabbato
2682 4201 2866 4249 sancto
2891 4196 3166 4263 jejunium
3213 4200 3338 4250 ante
3367 4195 3536 4248 noctis

2371 4270 2589 4320 initium
2618 4282 2723 4320 non
2750 4267 3012 4319 solvatur.

1917 4362 2021 4429 (Ecc
2068 4358 2290 4412 concilio
2351 4357 2660 4420 Arausico.,
2713 4358 2891 4424 capite
2938 4354 3014 4425 '2.)
3063 4355 3133 4408 Ut
3186 4354 3246 4407 in
3294 4353 3538 4408 Sabbato

1844 4452 2062 4514 sancto,
2117 4445 2222 4498 hoc
2270 4448 2375 4508 est,
2427 4443 2487 4496 in
2545 4443 2736 4514 vigilia
2784 4444 3029 4508 Pascha},
3067 4443 3358 4512 jejunium
3408 4447 3538 4496 ante

1842 4535 2030 4592 noctis
2086 4533 2337 4599 initium,
2386 4531 2499 4584 nisi
2562 4549 2593 4585 a
2639 4533 2892 4602 parvulis
2948 4537 3046 4585 aut
3105 4532 3369 4599 infirmis,
3422 4548 3541 4586 non

1844 4626 2114 4689 solvatur,
2172 4637 2277 4674 nec
2308 4619 2432 4690 ipsa
2460 4619 2519 4672 in
2563 4637 2862 4690 parasceve
2893 4637 2906 4673 :
2939 4619 3073 4689 quia
3123 4636 3280 4673 ccena
3315 4619 3542 4672 Domini

1845 4720 1901 4769 et
1946 4726 2269 4782 parasceve,
2329 4713 2385 4762 et
2437 4708 2740 4761 sabbatum
2791 4709 2860 4761 ad
2906 4709 3031 4760 illos
3073 4723 3143 4760 XL
3187 4707 3309 4760 dies
3355 4706 3541 4776 respi—

1846 4801 2049 4856 ciunt:
2083 4797 2166 4850 vel
2214 4795 2406 4850 divina
2455 4794 2723 4864 mysteria
2772 4794 2860 4846 his
2909 4793 3131 4846 duobus
3178 4793 3378 4846 diebus
3425 4807 3541 4845 non

1845 4889 2206 4946 celebrentur
2255 4901 2269 4938 :
2315 4882 2631 4936 canonibus
2690 4882 2902 4952 quippe
2965 4881 3304 4951 jubentibus
3365 4880 3539 4933 biduo

1847 4982 1974 5043 isto,
2030 4977 2086 5030 id
2118 4978 2224 5039 est,
2271 4987 2572 5042 parasceve
2604 4975 2660 5024 et
2699 4971 2973 5036 sabbato;
3024 4972 3375 5024 sacramenta
3422 4985 3540 5036 po:-

1849 5064 2003 5117 nitus
2034 5077 2148 5115 non
2176 5057 2468 5113 celebrari.

1850 5171 1976 5224 CAP.
2023 5168 2084 5222 X.
2113 5195 2186 5206 —
2232 5163 2384 5230 Quod
2428 5179 2534 5217 non
2581 5166 2828 5231 oporteat
2876 5165 2933 5216 in
2965 5161 3394 5228 Quadragesima
3442 5175 3540 5213 na-

2276 5235 2462 5288 talitia
2499 5240 2809 5287 sanctorum
2839 5234 3114 5286 celebrari.

1924 5327 2043 5397 (Ea:
2087 5325 2308 5378 concilio
2340 5323 2653 5390 Laodicea,
2692 5324 2868 5390 capite
2898 5321 3008 5390 51.)
3040 5320 3200 5384 Quod
3234 5335 3347 5372 non
3379 5334 3546 5388 opor-

1850 5420 1968 5469 teat
1996 5413 2055 5466 in
2088 5409 2538 5479 Quadragesima
2569 5415 2886 5478 martyrum
2920 5408 3176 5462 natalitia
3217 5407 3494 5462 celebrari
3529 5424 3540 5460 :

1851 5503 1947 5557 sed
1980 5517 2181 5556 eorum
2214 5503 2410 5552 sancta
2451 5498 2922 5552 commemoratio
2953 5498 3015 5552 in
3047 5498 3248 5553 diebus
3294 5498 3548 5552 sabbato-

1853 5607 1979 5644 rum
2011 5595 2068 5643 et
2100 5587 2524 5642 Dominicorum
2554 5586 2681 5639 ﬁeri
2712 5587 3029 5640 conveniat.
