4010 6192
443 278 546 370 887

1512 310 1916 366 BURCHARDI
1961 306 2489 365 WORMACIENSIS
2526 307 2862 364 EPISCOPI.
3781 317 3857 370 333

447 438 574 494 CAP.
624 436 712 492 XI.
764 464 833 477 —
875 435 1028 502 Quod
1090 435 1377 516 indiebus
1413 435 1619 503 jejunii
1673 434 2003 504 eleemosyna
2065 435 2139 487 sit
2170 435 2213 486 A
2254 432 2383 487 CAP.
2414 433 2601 487 XVIII.
2631 462 2703 472 ——
2735 435 2804 487 De
2833 433 2927 515 (ioc
2954 434 3004 487 si
3028 436 3261 516 euenerit
3284 408 3472 516 fames,
3495 435 3782 506 pestilentia,
3801 444 3861 494 vel

1155 506 1429 573 facienda.

520 618 629 683 (Ea:
659 616 880 670 concilio
913 614 1172 679 Cabillo,
1211 613 1387 679 capite
1412 611 1491 678 5.)
1541 610 1750 665 Diebus
1784 626 1915 663 vero
1939 610 2146 680 jejunii

452 694 818 774 eleemosj'na
865 700 1124 755 facienda
1173 703 1277 765 est,
1306 703 1363 751 et
1392 699 1584 751 cibum
1615 698 1732 752 sive
1762 703 1984 768 potum,
2031 714 2145 768 quo

455 792 698 862 quisque
750 791 835 844 uti
883 789 1099 853 debuit,
1147 787 1190 840 si
1233 786 1602 857 jejunaverit,
1626 787 1976 856 pauperibus
2021 802 2147 839 ero-

453 886 596 951 get:
630 879 766 949 quia
814 877 1079 948 jejunare
1120 880 1176 928 et
1221 875 1375 927 cibos
1404 874 1633 944 prandii
1680 876 1746 928 ad
1805 890 2022 928 caenam
2056 890 2149 926 re-

454 983 700 1032 servare,
767 982 886 1020 non
954 963 1254 1029 mercedis,
1341 963 1441 1016 sed
1498 963 1759 1017 ciborum
1816 968 1902 1017 est
1965 962 2147 1017 incre-

456 1060 740 1111 mentum.

565 1161 693 1216 CAP.
724 1160 837 1214 XII.
862 1190 930 1199 —
960 1160 1026 1213 Ut
1049 1161 1107 1212 in
1134 1157 1568 1224 Quadragesima
1591 1164 1799 1227 tempus
1815 1158 2050 1227 prandii

1176 1236 1435 1282 servetur.

531 1320 654 1389 (Ea:
694 1319 838 1372 decr.
889 1319 1109 1373 Silverii
1138 1333 1317 1386 papae,
1367 1320 1541 1386 capite
1590 1316 1661 1387 1.)
1712 1316 1910 1371 Soleut
1939 1317 2151 1387 plures,

460 1404 562 1475 qui
609 1419 666 1456 se
711 1402 976 1471 jejunare
1028 1407 1234 1470 putant
1278 1401 1339 1453 in
1391 1401 1860 1471 Quadragesima,
1916 1416 2047 1454 mox
2094 1406 2160 1454 ut

460 1492 691 1561 signum
725 1490 1015 1543 audierint
1059 1490 1129 1543 ad
1174 1490 1374 1543 horam
1408 1490 2016 1543 nonam'manducare.
2049 1488 2160 1553 Qui

462 1581 789 1633 nullatenus
830 1578 1093 1648 jejunare
1124 1577 1393 1631 credendi
1438 1582 1590 1645 sunt,
1642 1577 1690 1630 si
1734 1583 1865 1630 ante
1915 1577 2157 1631 mandu-

462 1666 733 1730 caverint,
806 1681 979 1736 quam
1044 1665 1434 1735 vespertinum
1503 1664 1821 1719 celebretur
1882 1665 2158 1740 ofﬁcium.

465 1754 933 1809 Concurrendum
966 1756 1048 1805 est
1078 1753 1233 1806 enim
1264 1753 1334 1806 ad
1373 1752 1594 1818 missas,
1627 1758 1684 1806 et
1711 1753 1921 1807 auditis
1960 1753 2158 1807 missa-

464 1858 595 1896 rum
629 1841 979 1895 solemnibus
1026 1846 1083 1894 et
1110 1841 1448 1911 vespertinis
1487 1841 1711 1907 ofﬁciis,
1761 1841 1982 1911 largitis
2013 1843 2162 1895 elee-

465 1929 718 1999 mosynis
766 1930 839 1983 ad
888 1928 1079 1983 cibum
1126 1929 1513 1983 accedendum
1543 1933 1647 1983 est.
1681 1929 1740 1984 Si
1773 1945 1908 1984 vero
1956 1930 2162 2001 aliquis

464 2018 799 2073 necessitate
857 2017 1199 2071 constrictus
1244 2017 1419 2071 fuerit
1456 2022 1521 2071 ut
1566 2016 1640 2070 ad
1680 2017 1913 2072 missam
1968 2018 2164 2073 venire

466 2123 584 2161 non
641 2106 860 2172 valeat,
929 2105 1210 2159 aestimata
1258 2105 1584 2174 vespertina
1640 2105 1820 2173 hora,
1882 2107 2166 2176 completa

467 2195 725 2251 oratione
756 2210 879 2255 sua,
901 2193 1187 2263 jejunium
1213 2194 1485 2249 absolvat.
1972 2184 1977 2187 μ

469 2302 598 2358 CAP.
632 2301 775 2357 XIII.
809 2330 879 2339 -—
903 2299 1056 2371 Quod
1096 2302 1154 2353 in
1184 2300 1373 2355 diebus
1410 2300 1750 2368 jejuniorum
1778 2301 1933 2354 nulla
1972 2303 2169 2370 gurgia

1127 2386 1238 2425 esse
1263 2372 1508 2425 debeant.

543 2464 651 2526 (Ex
698 2461 857 2514 dictis
885 2459 1065 2513 Liber.
1107 2459 1309 2529 papae.)
1356 2460 1420 2512 In
1452 2458 1537 2512 his
1562 2459 1917 2529 jejuniorum
1969 2459 2170 2514 diebus

471 2549 647 2604 nulla}
695 2549 843 2615 lites,
876 2548 1049 2602 nullae
1094 2548 1493 2602 contentiones
1525 2564 1647 2600 esse
1687 2548 1900 2601 debent
1934 2565 1946 2601 :
1982 2550 2078 2603 sed
2110 2549 2171 2602 in

475 2638 578 2692 Dei
632 2636 897 2691 laudibus
979 2642 1031 2690 et
1099 2653 1271 2707 opere
1350 2636 1669 2690 necessario
1725 2638 2169 2706 persistendum.

475 2725 681 2795 Arguit
723 2726 877 2779 enim
910 2741 1005 2778 eos
1038 2726 1137 2795 qui
1169 2725 1569 2780 contentiones
1597 2730 1654 2779 et
1682 2724 1810 2777 lites
1841 2725 2172 2794 Quadrage-

476 2814 633 2867 simae
682 2817 946 2882 tempore
996 2814 1231 2881 faciunt,
1264 2818 1321 2868 et
1367 2814 1466 2884 qui
1512 2812 1703 2867 debita
1754 2828 1788 2865 a
1819 2812 2175 2866 debitoribus

478 2902 735 2972 exigunt,
788 2901 1063 2955 Dominus
1109 2917 1213 2971 per
1260 2902 1601 2972 preplietam
1646 2901 1837 2955 dicens
1887 2901 2068 2954 :Ecce
2114 2900 2175 2953 in

2828 505 3176 572 inaequalitas
3200 507 3361 557 aeris.

2326 591 2435 662 (Ea:
2479 592 2622 645 decr.
2682 590 2889 646 Libcrii
2910 606 3093 660 papa,
3140 593 3316 660 capite
3356 594 3437 658 2.)
3463 592 3513 646 Si
3561 597 3783 650 evenerit
3804 598 3861 650 fa-

2255 696 2398 746 mes,
2438 680 2786 751 pestilentia,
2825 679 3187 749 inaequalitas
3230 680 3395 747 aeris,
3437 681 3520 734 vel
3557 682 3660 735 alia
3702 686 3866 754 qualis-

2256 784 2484 838 cunque
2543 767 2859 833 tribulatio,
2910 767 3104 820 statim
3155 767 3411 837 jejuuiis,
3463 768 3795 840 eleemosynis
3828 781 3867 827 et

2258 855 2744 911 obsecrationibus
2776 852 3002 909 Domini
3037 854 3427 909 misericordia
3450 856 3766 926 deprecetur.

2260 945 2386 1000 CAP.
2419 944 2551 999 XIX.
2586 973 2647 983 —
2685 946 2751 999 Ut
2778 944 2960 998 nullus
2991 946 3048 1023 in
3077 944 3166 996 die
3188 946 3467 1023 Dominica
3494 960 3588 1013 pro
3612 945 3871 999 abstinentia

2334 1088 2439 1150 (Ea!
2468 1088 2695 1141 concilio
2747 1020 3273 1154 Gangrewiijuc’afzite
3307 1084 3420 1155 18.)
3466 1084 3522 1140 Si
3560 1084 3675 1155 quis
3699 1090 3870 1156 propter

2261 1174 2698 1241 continentiam,
2760 1190 2888 1244 quae
2932 1177 3185 1244 putatur,
3230 1180 3330 1227 aut
3381 1178 3612 1243 propter
3651 1181 3873 1228 contuma-

2263 1262 2412 1317 ciam
2445 1264 2505 1317 in
2533 1262 2626 1316 die
2658 1262 2954 1315 Dominico
2972 1261 3218 1331 jejuuat,
3249 1262 3554 1314 anathema
3582 1260 3660 1314 sit.

2716 1350 2845 1405 CAP.
3019 1380 3087 1390 —
3122 1353 3193 1404 De
3216 1350 3404 1403 eadem
3429 1365 3503 1403 re.

2341 1443 2451 1506 (Είη
2494 1441 2717 1494 concilio
2751 1442 3038 1505 Turonen.,
3097 1442 3272 1507 capite
3319 1436 3437 1507 57.)
3470 1437 3524 1492 Si
3553 1436 3669 1508 quis
3703 1444 3875 1508 propter

2267 1528 2557 1600 publicam
2606 1527 3010 1598 paenitentiam
3067 1543 3100 1579 a
3160 1527 3455 1579 sacerdote
3496 1530 3771 1596 acceptam,
3813 1532 3879 1578 aut

2267 1633 2374 1687 pro
2409 1616 2602 1687 aliqua
2649 1617 3005 1678 necessitate,
3037 1613 3129 1668 die
3162 1614 3468 1668 Dominica
3495 1612 3643 1667 velut
3673 1630 3759 1683 pro
3780 1630 3879 1683 qua-

2190 1715 2231 1769 B
2270 1706 2403 1760 dam
2461 1704 2763 1775 religione,
2816 1703 3194 1775 jejunaverit,
3250 1703 3401 1756 sicut
3457 1702 3750 1765 Manichtei,
3792 1719 3883 1756 ana-

2268 1794 2464 1849 thema
2492 1793 2582 1848 sit.

2271 1883 2399 1938 CAP.
2430 1881 2560 1935 XXI.
2597 1911 2662 1919 —
2700 1883 2767 1935 Ut
2812 1881 3021 1948 placita
3062 1880 3352 1934 saecularia
3393 1881 3455 1934 in
3482 1879 3657 1934 diebus
3696 1878 3881 1933 Domini-

2340 1956 2437 2013 cis,
2469 1956 2518 2005 et
2560 1956 2615 2005 in
2661 1953 2954 2021 praecipuis
2995 1953 3176 2017 festis,
3207 1955 3259 2005 et
3296 1953 3357 2004 in
3405 1950 3591 2004 diebus
3625 1951 3883 2020 jejunium»:

2343 2039 2450 2077 non
2477 2028 2632 2077 ﬁant.
3948 2028 3949 2073 l

2476 2026 2722 2147 ﬁgitﬁilio
2764 2091 2914 2160 apud
2953 2093 3283 2161 Erphesfurt
3330 2092 3539 2161 habito,
3586 2093 3666 2146 cui
3701 2090 3887 2155 interfuit

2271 2183 2532 2236 Henricus
2574 2196 2694 2247 rem,
2740 2183 2916 2249 capite
2944 2180 3025 2250 2.)
3058 2181 3273 2235 Placita
3316 2179 3612 2235 saecularia
3655 2178 3887 2233 Dominicis

2271 2270 2476 2325 diebus
2526 2269 2615 2323 vel
2663 2268 2791 2322 aliis
2839 2268 3144 2339 praecipuis
3200 2268 3385 2335 festis,
3437 2285 3538 2323 seu
3565 2268 3721 2322 etiam
3762 2264 3888 2320 inhis

2275 2358 2475 2413 diebus
2530 2358 2591 2411 in
2625 2357 2834 2426 quibus
2887 2356 3145 2426 legitima
3186 2356 3421 2427 jejunia
3466 2358 3802 2420 celebrantur,
3831 2368 3891 2406 se.

2275 2445 2525 2499 cundum
2579 2444 2914 2498 canonicam
2942 2444 3420 2498 constitutionem
3452 2444 3677 2498 minime
3705 2440 3804 2496 ﬁeri
3826 2439 3893 2492 de-

2278 2533 2577 2587 crevimus.
2630 2534 2871 2602 Insuper
2924 2531 3098 2585 etiam
3147 2537 3346 2585 sancta
3397 2532 3642 2602 synodus
3691 2530 3891 2584 decrevit.

2277 2626 2339 2676 ut
2394 2622 2552 2674 nulla
2600 2620 2908 2691 judiciaria
2965 2625 3218 2690 potestas
3262 2620 3554 2675 licentiam
3602 2619 3794 2681 habeat,
3828 2632 3897 2669 sui

2280 2710 2617 2763 auctoritate
2696 2708 3048 2763 Christianos
3124 2709 3194 2762 ad
3251 2708 3532 2778 placitum
3587 2707 3825 2772 bannire,
3860 2704 3898 2755 in

2281 2796 2624 2868 supradictis
2655 2797 2878 2863 diebus,
2924 2796 2981 2850 id
3006 2801 3113 2863 est,
3148 2804 3371 2865 septem
3408 2796 3532 2849 dies
3559 2801 3679 2849 ante
3706 2792 3898 2847 Natalem

2282 2885 2512 2939 Domini
2544 2901 2723 2955 usque
2758 2884 2820 2938 in
2850 2888 3074 2939 octavas
3128 2885 3490 2954 Epiphaniae,
3523 2888 3578 2938 et
3617 2900 3649 2936 a
3676 2882 3901 2949 Quinqua-

480 2971 813 3058 dieijejunii
868 2988 1040 3040 vestri
1088 2971 1464 3041 inveniuntur
1495 2989 1811 3042 voluntates
1842 2992 2062 3054 vestrae,
2119 2990 2246 3044 etC
2282 2973 2502 3044 893mm
2556 2988 2738 3043 usque
2786 2973 2845 3025 in
2900 2977 3126 3026 οεῐδνδε
3176 2972 3432 3041 Pascha?»
3465 2976 3523 3026 et
3549 2988 3619 3025 V"
3673 2971 3776 3024 dies
3811 2972 3900 3020 an“

481 3092 681 3130 omnes
732 3074 1017 3129 debitores
1066 3080 1282 3128 vestros
1332 3075 1605 3146 repetitis.
1656 3077 1791 3129 Ecce
1845 3075 1911 3128 ad
1946 3075 2071 3128 lites
2120 3080 2177 3129 et

481 3165 552 3219 ad
581 3163 978 3217 contentiones
1003 3164 1296 3231 jejunatis,
1330 3168 1385 3216 et
1424 3163 1721 3233 percutitis
1756 3178 1950 3232 pugno
1976 3162 2174 3232 impie.

483 3270 614 3325 CAP.
663 3269 793 3322 XIV.
844 3297 915 3306 —
964 3270 1031 3322 Ut
1077 3269 1137 3321 in
1167 3269 1280 3322 illis
1326 3271 1560 3321 sacratis
1608 3268 1797 3321 diebus
1842 3268 2179 3335 jejuniorum

657 3339 940 3407 conjugati
970 3355 1005 3392 a
1034 3339 1352 3407 conjugibus
1382 3354 1437 3392 se
1465 3338 1736 3392 abstinere
1763 3339 2007 3393 debeant.

554 3428 709 3497 (Item
738 3427 997 3495 ejusdem,
1048 3430 1227 3495 capite
1257 3427 1328 3494 5.)
1362 3426 1780 3481 Abstinendum
1811 3436 1895 3481 est
1923 3428 2077 3481 enim
2120 3427 2181 3482 in

484 3517 575 3571 his
618 3515 1016 3569 sacratissimis
1044 3516 1508 3584 Quadragesimm
1550 3515 1750 3569 diebus
1777 3532 1810 3568 a
1841 3516 2182 3587 conjugibus

484 3612 543 3659 et
587 3608 738 3658 caste
782 3608 839 3657 et
869 3604 961 3674 pie
1014 3604 1344 3670 vivendum,
1398 3608 1463 3656 ut
1510 3604 1857 3659 sanetiticato
1908 3606 2076 3659 corde
2128 3610 2184 3658 et

483 3707 724 3762 corpore
770 3691 865 3744 isti
893 3691 1014 3745 dies
1045 3692 1457 3762 transigantur,
1491 3698 1549 3745 et
1595 3693 1674 3746 sic
1699 3693 2068 3762 perveniatur
2114 3693 2184 3747 ad

487 3780 640 3834 diem
688 3784 947 3832 sanctum
1000 3779 1248 3847 Paschaa,
1295 3778 1432 3849 quia
1478 3795 1623 3850 pene
1665 3781 1810 3834 nihil
1841 3782 1990 3834 valet
2030 3781 2184 3851 jeju-

487 3868 673 3933 nium,
705 3867 861 3936 quod
906 3867 1191 3936 conjugali
1219 3884 1391 3937 opere
1436 3868 1734 3936 polluitur,
1781 3872 1837 3922 et
1865 3869 2018 3938 quod
2050 3884 2185 3923 ora-

484 3957 691 4021 tiones,
723 3954 936 4025 vigilia:
975 3964 1032 4008 et
1060 3955 1440 4025 eleemosynaa
1473 3972 1586 4009 non
1615 3957 2038 4011 commendant.

489 4062 617 4116 CAP.
648 4060 755 4113 XV.
786 4089 855 4101 —
890 4063 959 4114 De
990 4060 1076 4113 his
1107 4062 1204 4126 qui
1232 4062 1292 4113 in
1321 4062 1458 4114 clero
1511 4066 1656 4128 sunt,
1689 4067 1741 4117 et
1768 4064 2013 4116 carnium
2039 4078 2185 4117 esum

1077 4131 1327 4183 habuerit
1357 4145 1596 4185 exosum.

562 4237 674 4333 (ιξῗπ
704 4237 923 4333 ⁶ο⁷ξ⁰ίίλίο
957 4236 1279 4333 ,Απίξίνξιξίον
1312 4238 1489 4333 θίξρίεξῖ
1537 4238 1645 4307 13ο)
1792 4239 2182 4333 (ἰαί-ίΠ-θίενο
2211 4267 2254 4321 D
2293 4236 2390 4316 tur
2431 4261 2728 4314 saturitate
2768 4236 3010 4331 jejunia,
3052 4260 3182 4315 ilico
3224 4277 3390 4316 mens
3424 4263 3645 4333 repleta
3670 4236 3912 4327 torpesCili
3948 4236 3949 4309 ξ

490 4328 625 4377 sunt
652 4323 973 4392 presbyteri
1003 4327 1103 4377 aut
1144 4322 1390 4391 diaconi,
1420 4328 1476 4378 et
1504 4340 1537 4378 a
1565 4327 1833 4381 carnibus
1873 4328 2182 4395 abstinent,

491 4410 728 4480 placuit,
778 4426 873 4464 eas
917 4410 1151 4479 quidem
1200 4411 1553 4482 contingere,
1586 4419 1640 4468 et
1691 4415 1771 4469 ita
1801 4415 1848 4468 si
1897 4416 2187 4470 voluerint

492 4502 881 4551 contemnere.
914 4498 1077 4562 Quod
1110 4498 1159 4551 si
1196 4498 1255 4552 in
1288 4504 1511 4554 tantum
1543 4518 1636 4554 eas
1666 4502 2089 4571 abominantur,
2122 4508 2187 4557 ut

491 4602 597 4641 nec
637 4587 833 4641 holera
879 4604 1007 4658 quae
1052 4603 1178 4640 cum
1214 4588 1296 4641 eis
1353 4594 1682 4659 coquuntur
1729 4591 2056 4646 existiment
2101 4608 2189 4646 co-

491 4675 796 4743 medenda,
844 4680 1124 4746 tauquam
1184 4692 1300 4731 non
1346 4679 1768 4732 consentientes
1815 4681 2052 4749 regulae,
2113 4679 2184 4733 ab

492 4763 695 4818 ordine
724 4780 942 4818 cessare
967 4765 1200 4820 debent.

795 4870 923 4925 CAP.
953 4871 1084 4924 XVI.
1113 4899 1186 4912 —
1219 4872 1297 4925 De
1318 4873 1526 4939 uigiliis
1550 4875 1882 4928 sanctorum.

565 4976 676 5048 (Ea:
715 4979 939 5032 concilio
978 4978 1294 5042 Aurelian,
1340 4981 1517 5046 capite
1568 4978 1641 5050 i.)
1680 4979 2002 5050 Presbyteri
2056 4995 2188 5032 cum

491 5078 677 5116 sacras
706 5062 1041 5116 festivitates
1061 5065 1277 5131 populo
1308 5064 1669 5130 annuntiant,
1700 5064 1874 5117 etiam
1901 5065 2188 5135 jejunium

490 5150 819 5217 vigiliarum
849 5167 945 5205 eos
979 5150 1327 5204 omnimodis
1362 5167 1584 5205 servare
1611 5158 1900 5207 moneant.

918 5256 1043 5312 CAP.
1077 5257 1233 5311 XVII.
1263 5286 1332 5295 —
1370 5257 1454 5310 De
1476 5258 1661 5312 eadem
1683 5274 1760 5312 re.

561 5360 671 5428 (Ea:
715 5352 879 5417 dictis
909 5364 1139 5417 Eusebii
1161 5378 1337 5431 papae,
1370 5365 1548 5431 capite
1595 5365 1699 5432 IO.)
1736 5365 1803 5419 Ut
1832 5364 1893 5418 in
1942 5363 2189 5418 Ecclesia

486 5463 520 5501 a
584 5451 973 5505 sacerdotibus
1027 5452 1249 5521 jejunia
1303 5452 1633 5519 constituta,
1688 5452 1812 5507 sine
1850 5455 2184 5508 necessitate

485 5536 836 5605 rationabili,
869 5555 987 5593 non
1017 5540 1327 5594 solvantur.

2286 3061 2644 3115 nativitatem
2724 3061 2905 3114 sancti
2987 3060 3222 3115 Joannis
3307 3062 3613 3131 Baptistae,
3690 3062 3905 3129 quatenus

2285 3149 2537 3203 adeundi
2612 3148 2938 3215 Ecclesiam,
2999 3148 3474 3220 orationibusque
3538 3147 3755 3201 vacandi
3808 3145 3908 3196 Iibe-

2288 3236 2408 3289 rius
2439 3237 2718 3291 habeatur
2747 3236 3008 3291 facultas.

2289 3324 2421 3379 CAP.
2445 3325 2609 3379 XXII.
2636 3356 2705 3363 —
2731 3328 2796 3380 Ut
2806 3325 3080 3450 jejuniuzi
3102 3326 3304 3450 zbsgue
3319 3326 3441 3381 cibo
3462 3327 3687 3381 luxuriae
3706 3320 3913 3378 obsonari

3071 3413 3097 3450 e
3133 3413 3196 3450 ea
3229 3437 3241 3448 .

3071 3402 3241 3450 ebeat.

2362 3484 2472 3556 (Ea:
2505 3485 2662 3539 dictis
2711 3484 3048 3555 Hieronym.)
3099 3485 3222 3539 Non
3259 3485 3388 3539 dico
3434 3483 3813 3547 hebdomadas,
3834 3494 3912 3532 non

2291 3574 2417 3628 dico
2473 3572 2759 3643 duplicata
2818 3573 3060 3643 jejunia,
3131 3574 3229 3627 sed
3288 3575 3498 3628 saltem
3548 3572 3779 3643 singulos
3833 3567 3911 3620 dies

2293 3662 2508 3732 absque
2541 3661 2798 3715 ciborum
2829 3662 3056 3715 luxuria
3086 3661 3497 3732 transigamus.

2294 3751 2423 3805 CAP.
2455 3749 2638 3805 XXIII.
2687 3778 2754 3788 —
2798 3750 2865 3803 Ut
2905 3749 3285 3818 quotidianum
3306 3752 3592 3819 jejunium
3628 3765 3724 3804 non
3748 3750 3808 3802 sit
3837 3746 3911 3797 sine

2877 3824 3161 3886 refectione
3189 3822 3404 3889 aliqua.

2366 3909 2481 3978 (Ea:
2514 3908 2678 3962 dictis
2730 3910 2960 3962 Pimenii
3002 3907 3296 3979 aeremitae.)
3339 3909 3470 3964 Sint
3514 3908 3619 3964 tibi
3662 3904 3913 3977 quotidiani

2290 3996 2533 4068 jejunis,
2583 4002 2640 4050 et
2685 3996 2914 4050 refectio
2956 3996 3286 4051 sacietatem
3332 3997 3587 4068 fugiens.
3642 3982 3776 4051 Nihil
3812 3989 3911 4045 enim

2295 4086 2526 4156 prodest
2579 4084 2684 4138 tibi
2748 4084 2923 4139 biduo
2989 4084 3293 4156 triduoque
3364 4086 3694 4140 transmisso
3740 4093 3911 4134 vacuum

2295 4178 2522 4245 portare
2571 4177 2831 4226 ventrem
2864 4172 2909 4226 si
2939 4172 3154 4243 pariter
3182 4173 3485 4229 obruatur.
3517 4174 3577 4229 Si
3616 4181 3911 4241 compensan-

2294 4355 2350 4404 et
2388 4349 2628 4419 irrigata
2676 4353 2831 4403 terra
2874 4348 3131 4419 corporis
3180 4348 3354 4419 hujus
3405 4351 3602 4421 spinas
3631 4353 3685 4404 et
3709 4345 3912 4401 carduum

2292 4438 2601 4508 germinat.

2757 4507 2885 4561 CAP.
2923 4508 3098 4563 XXIV.
3132 4538 3199 4548 —
3230 4511 3302 4562 De
3326 4508 3533 4564 eodem.

2368 4598 2515 4667 (Item
2544 4595 2726 4663 idem.)
2759 4595 2885 4650 Sint
2911 4596 3015 4649 tibi
3057 4596 3281 4666 jejunia
3317 4613 3491 4666 pura,
3527 4596 3790 4658 continua,
3828 4605 3917 4642 meo

2295 4685 2626 4754 derataque,
2655 4684 2710 4739 id
2748 4687 2851 4752 est,
2884 4683 3144 4755 quotidie
3176 4684 3417 4752 esurire,
3453 4691 3515 4740 et
3537 4682 3773 4757 quotidie
3796 4691 3917 4748 pran-

2297 4773 2451 4827 dere.

2295 4861 2422 4915 CAP.
2456 4861 2604 4914 XXV.
2631 4890 2700 4899 —
2719 4860 2870 4927 Quod
2883 4860 3159 4929 jejunium
3178 4865 3335 4915 curat
3354 4862 3586 4915 vulnera
3604 4854 3911 4926 delinquentis.

2368 4948 2682 5017 (Apostolus
2730 4950 2865 5002 dicit
2912 4948 2951 5019 :)
2984 4949 3110 5002 Noli
3158 4948 3345 5002 adhuc
3375 4965 3592 5019 aquam
3636 4935 3919 5005 biberase'1

2296 5036 2521 5089 modico
2572 5040 2731 5089 utere
2781 5036 2910 5089 vino
2948 5041 3189 5105 propter
3226 5036 3593 5090 inﬁrmitates
3621 5041 3774 5089 tuas:
3811 5032 3919 5082 cura!

2295 5123 2452 5177 enim
2513 5122 2752 5177 vulnera
2809 5123 3220 5195 delinquentis,
3279 5130 3627 5196 curatosque
3682 5114 3919 5177 sanctiﬁcat

2288 5211 2600 5281 jejunium.

2297 5299 2424 5356 CAP.
2457 5297 2633 5354 XXVI.
2665 5329 2735 5339 -
2765 5302 2839 5354 De
2868 5300 3100 5367 quodam
3130 5300 3415 5354 Alcibiade
3443 5301 3549 5369 qui
3569 5299 3675 5353 sibi
3703 5308 3841 5366 grave
3857 5290 3915 5357 μ’

2727 5387 2738 5397 ’
2774 5386 2902 5436 gum
2926 5372 3132 5439 jejunii
3158 5376 3512 5438 imposuerat.

2367 5457 2587 5527 (Eusebi
2630 5459 2689 5511 in
2738 5460 3026 5513 ecclesiast.
3070 5460 3341 5522 historia.)
3382 5456 3703 5511 Alcibiades
3745 5449 3915 5522 quidam

2299 5550 2422 5599 erat
2462 5561 2526 5598 ex
2557 5561 2799 5600 numero
2837 5562 3038 5601 eorum
3069 5546 3168 5617 qui
3195 5561 3302 5615 pro
3350 5545 3575 5601 Christo
3620 5542 3779 5599 vincti
3805 5544 3923 5592 tene-
