4010 6192
221 239 328 292 88‘.)

1007 233 1491 292 DECRETORUM
1535 233 1732 288 LIBRI
1757 233 1864 288 XX.
1904 263 1972 274 —-
2016 233 2218 288 LIBER
2262 231 2566 287 DECIMUS
2605 232 2944 296 QUARTUS.

3646 239 3751 290 890

221 359 459 412 bantur.
513 359 614 414 llic
639 360 812 414 vitam
845 358 980 412 satis
1003 359 1238 412 arduam
1273 361 1334 409 et
1365 357 1658 407 austeram
1691 354 1945 424 gerebat,
1983 361 2026 412 Α
2067 355 2300 425 ligiunis
2332 354 2440 408 sibi
2495 355 2774 424 imponat,
2835 371 3014 408 unum
3058 354 3212 410 diem
3257 373 3376 426 prie
3436 358 3562 411 aliis
3613 361 3764 414 exci-

223 447 375 500 nihil
411 448 523 500 cibi
555 449 754 500 volens
800 445 1078 515 accipere,
1112 445 1212 498 sed
1247 447 1480 498 tantum
1531 456 1702 508 pane,
1747 445 1805 493 et
1833 444 1950 495 sale

223 553 362 590 cum
391 555 542 608 aqua
568 539 857 591 utebatur.
910 537 1052 590 Cum
1105 536 1234 590 vita:
1261 534 1422 588 hubc
1473 531 1723 600 rigorem
1781 533 1952 585 vellet

225 627 412 680 etiam
445 627 504 680 in
559 643 784 680 carcere
843 626 1062 694 positus
1137 625 1422 682 obtinere,
1481 621 1668 672 Attalo
1723 619 1950 674 cuidam

225 731 402 766 servo
463 714 564 767 Dei
626 713 940 766 revelatum
1001 717 1128 766 est:
1167 711 1306 780 quia
1366 723 1484 760 non
1545 713 1692 761 recte
1741 707 1955 762 faceret

225 802 560 856 Alcibiades
592 800 866 854 creaturis
901 801 1022 868 Dei,
1051 807 1108 853 et
1137 799 1307 852 vellet.
1328 796 1459 850 aliis
1507 795 1751 849 formam
1796 813 1956 850 scan-

227 891 346 945 dali
391 891 812 960 derelinquere.
837 889 1054 952 Quibus
1084 887 1352 958 cognitis,
1384 884 1708 940 Alcibiades
1782 885 1954 955 cmpit

228 981 436 1033 omnia
460 995 592 1032 cum
643 977 958 1047 gratiarum
992 977 1210 1030 actione
1239 974 1540 1046 percipere
1573 989 1586 1026 :
1638 972 1774 1044 quia
1823 990 1952 1043 quae

229 1069 314 1122 illi
349 1067 646 1122 revelabat
693 1066 938 1136 Spiritus
973 1071 1032 1118 ut
1061 1065 1309 1130 doceret,
1345 1063 1480 1117 huic
1511 1069 1574 1115 ut
1617 1069 1955 1133 sequeretur

229 1157 396 1210 idem
425 1156 660 1226 spiritus
689 1154 1090 1224 persuadebat.

233 1246 368 1301 CAP.
398 1244 600 1298 XXVII.
625 1273 692 1280 —
715 1245 788 1295 De
807 1257 866 1295 eo
889 1244 985 1309 qui
1003 1243 1101 1294 sub
1121 1241 1341 1295 obtentu
1357 1241 1639 1308 religionis
1661 1241 1777 1293 sine
1789 1240 1954 1308 jussu

302 1317 550 1384 episcopi
579 1317 688 1378 sui,
734 1314 812 1366 uel
839 1313 1144 1380 presbyteri
1165 1312 1446 1380 jejunium
1475 1311 1583 1365 sibi
1616 1313 1871 1379 imponit.

303 1407 422 1470 (Ea:
461 1403 682 1456 conc-ilio
713 1401 866 1469 apud
896 1403 1228 1469 Erphesfurt
1263 1400 1469 1468 habito,
1511 1404 1772 1468 prasente
1817 1402 1954 1454 Uen-

234 1495 348 1547 rico
381 1508 520 1558 reg.,
553 1492 727 1558 capite
757 1487 834 1558 5.)
871 1489 937 1542 Ut
969 1503 1138 1541 nemo
1157 1487 1269 1541 nisi
1295 1489 1689 1542 consentiente
1717 1489 1952 1558 proprio

235 1581 533 1651 episcopo,
563 1583 661 1631 aut
699 1577 824 1646 ejus
869 1575 1065 1641 misso,
1095 1575 1384 1645 jejunium
1425 1575 1531 1630 sub
1581 1575 1818 1629 obtentu
1861 1592 1950 1630 re-

2065 445 2292 516 piendo,
2356 444 2690 497 omnimodo
2757 444 3172 505 interdicimus.
3226 446 3378 514 quod
3435 451 3492 499 et
3547 447 3760 504 factum

2063 533 2342 603 displicet,
2370 537 2427 584 et
2449 533 2506 584 in
2538 533 2792 586 futurum
2825 533 2950 586 ﬁeri
2980 534 3357 602 prohibemus
3390 551 3402 587 :
3452 534 3586 604 quia
3635 537 3764 604 plus

2062 639 2232 676 causa
2253 621 2534 675 ariolandi
2559 638 2680 675 esse
2703 621 3078 693 dignoscitur,
3104 639 3275 693 quam
3297 623 3765 692 supplementum

2062 710 2353 764 catholicae
2383 709 2543 778 legis.

2064 817 2190 872 CAP.
2207 815 2439 871 XXVIII.
2455 847 2522 853 —
2545 819 2607 870 Ut
2620 817 2798 869 nullus
2815 817 3155 872 Christianus
3169 817 3296 870 dum
3311 821 3500 870 sancta
3531 817 3644 871 loca
3665 833 3765 882 pro

2132 891 2434 940 reuerentia
2461 890 2696 954 petierit,
2742 889 2976 956 alicujus
3005 888 3235 956 publica:
3261 890 3547 956 potestatis
3588 889 3764 943 bannu

2132 959 2335 1013 ibidem
2361 961 2785 1026 constringatur.

2133 1049 2245 1116 (Ea:
2275 1045 2452 1099 eodem
2482 1045 2748 1114 concilio.)
2785 1045 3152 1115 Praacipimus
3185 1061 3435 1117 namque
3467 1051 3534 1100 ut
3573 1047 3766 1100 nullus

2063 1135 2418 1206 Christianus
2467 1151 2568 1203 pro
2609 1135 2928 1187 reverentia
2981 1134 3276 1187 ecclesiam
3329 1135 3597 1204 petendo,
3653 1135 3766 1188 ibi-

2063 1242 2175 1295 que
2209 1209 2514 1288 inanendo,
2567 1223 2816 1291 indeque
2849 1223 3186 1276 revertendo
3220 1223 3459 1291 alicujus
3522 1223 3766 1293 publiczc

2061 1311 2358 1382 potestatis
2443 1311 2653 1378 hanno,
2707 1311 2923 1364 ibidem
2973 1311 3445 1380 constringatur:
3489 1327 3560 1366 ne
3618 1313 3765 1364 forte

2061 1401 2198 1455 dum
2230 1399 2302 1453 ad
2333 1400 2628 1454 ecclesiam
2659 1415 2828 1452 causa
2849 1398 3126 1452 orationis
3157 1403 3447 1468 properat,
3494 1413 3598 1468 per
3623 1399 3766 1452 ban-

2061 1505 2202 1543 num
2225 1488 2577 1558 impediatur
2607 1504 2710 1559 pro
2759 1487 2942 1542 salute
2973 1485 3184 1541 animae
3228 1487 3430 1541 devote
3479 1486 3761 1540 insistere.

1527 1688 1702 1728 FINIS
1748 1688 1921 1728 LIBBI
1969 1687 2194 1728 DECIMI
2241 1688 2487 1727 TERTII.

901 1951 1198 2024 INDEX
1255 1952 1537 2024 CAPIT
1545 1953 1946 2026 ULORUM
2005 1954 2262 2027 LIBRI
2323 1952 2658 2025 DECIMI
2719 1951 3104 2036 QUARTI.

245 2108 372 2162 CAP.
409 2112 460 2162 l.
521 2107 680 2172 Quod
741 2105 977 2178 crapula
1024 2105 1274 2161 multum
1330 2108 1405 2162 sit
1451 2107 1787 2163 Christianis
1819 2125 1954 2162 con-
1987 2115 2026 2166 Β

585 2196 780 2250 traria.

423 2288 478 2340 2.
516 2286 584 2339 Ut
611 2286 830 2340 malum
856 2283 1148 2338 ebrietatis
1179 2282 1418 2336 omnino
1452 2284 1682 2338 vitetur.

427 2377 478 2428 3.
532 2373 691 2437 Quod
745 2372 1002 2444 episcopi
1063 2378 1120 2425 et
1165 2387 1368 2426 eorum
1423 2372 1673 2426 ministri
1725 2375 1957 2444 crapula

607 2469 662 2516 et
695 2461 970 2516 ebrietate
1001 2477 1116 2514 non
1145 2459 1392 2515 debeant
1421 2461 1668 2531 gravari.

431 2551 484 2603 4.
513 2550 592 2602 De
621 2550 819 2602 eadem
851 2564 934 2602 re.

435 2641 488 2694 5.
525 2639 602 2692 De
635 2639 834 2692 eadem
861 2652 944 2691 re.

435 2729 488 2780 6.
519 2728 594 2780 De
620 2717 820 2780 eadem
841 2741 924 2779 re.

433 2819 486 2869 7.
521 2815 724 2878 Quales
757 2813 1012 2868 convivae
1063 2813 1426 2869 sacerdotum
1467 2815 1651 2886 epulis
1681 2815 1956 2870 interesse

617 2902 880 2955 debeant.

437 2992 489 3044 8.
525 2990 602 3043 De
635 2991 833 3044 eadem
861 3006 946 3044 re.

2173 2113 2224 2162 9.
2257 2109 2334 2162 De
2369 2107 2568 2162 eadem
2599 2123 2679 2160 re.

2137 2199 2220 2250 10.
2253 2197 2334 2250 De
2365 2195 2565 2250 eadem
2615 2211 2694 2248 re.

2136 2288 2220 2339 11.
2255 2285 2363 2348 Qui
2393 2284 2586 2338 ebrius
2611 2282 2786 2337 fuerit
2813 2286 2876 2336 ut
2904 2281 3046 2336 ordo
3078 2281 3296 2352 patitur
3327 2279 3619 2351 paaniteat.

2137 2377 2220 2427 l2.
2257 2373 2418 2438 Quod
2474 2355 2616 2426 vino,
2664 2371 2936 2426 inebriari
2987 2387 3102 2424 non
3146 2371 3331 2435 liceat,
3391 2371 3488 2424 sed
3535 2369 3764 2440 fugien-

2348 2463 2487 2516 dum
2517 2461 2605 2516 sit.

2137 2554 2220 2604 l3.
2251 2551 2327 2604 De
2357 2551 2468 2603 illis
2499 2550 2598 2621 qui
2637 2565 2742 2620 per
2787 2547 3126 2602 ebrietatem
3176 2546 3458 2600 Vomitum
3503 2545 3762 2600 fecerint.

2141 2639 2223 2693 14.
2252 2640 2330 2692 De
2354 2639 2552 2693 eadem
2588 2654 2662 2690 re.

2141 2728 2222 2780 15.
2259 2728 2338 2780 De
2369 2727 2480 2780 illis
2511 2725 2611 2796 qui
2639 2741 2746 2795 per
2775 2723 3108 2796 superbiam
3139 2724 3280 2778 alios
3313 2723 3620 2776 inebriant.

2143 2817 2224 2868 l6.
2269 2814 2430 2878 Quod
2461 2815 2735 2884 fugienda
2765 2813 3122 2867 sitebrietas.
3203 2871 3210 2874 _

2139 2905 2220 2956 17.
2255 2905 2395 2957 Item
2421 2903 2490 2957 de
2522 2904 2817 2956 ebrietate.

2530 2993 2731 3048 Indicis
2764 2992 3126 3061 capitulorum
3149 2991 3298 3056 finis.

1605 3278 2450 3382 BURCHARDI

1257 3435 1666 3514 ECCLESIAJ
1713 3461 2344 3518 WORMACIENSIS
2397 3461 2766 3516 EPISCOPI

459 3633 1452 3764 DECRETOBUM
1577 3634 2024 3763 LIBER
2141 3634 2774 3765 DECIMUS
2911 3633 3572 3776 QUARTUS

1409 3867 1510 3930 DE
1559 3867 1933 3933 CRAPULA
1982 3867 2086 3932 ET
2135 3868 2613 3934 EBRIETATE.

733 4163 1216 4218 ABGUMENTUM
1277 4164 1487 4218 LIBRI.

337 4251 506 4305 Libro
589 4252 698 4305 hoc
780 4251 850 4305 de
905 4251 1255 4305 detestandis
1337 4251 1512 4318 vitiis,
1575 4254 1812 4322 crapula
1907 4255 1964 4305 et

260 4339 556 4406 ebrietate,
591 4339 854 4394 tractatio
875 4339 1214 4406 instituitur,
1250 4355 1495 4410 quaeque
1530 4340 1646 4394 illis
1677 4341 1778 4413 qui
1809 4341 1964 4394 hisce

259 4427 419 4481 vitiis
447 4426 816 4498 implicantur
847 4443 1014 4496 poena
1045 4428 1402 4498 injungenda
1430 4427 1523 4491 sit,
1557 4429 1817 4482 docetur.

391 4515 522 4570 CAP.
557 4517 578 4569 I
609 4545 676 4558 —-
706 4515 862 4582 Quod
883 4517 1106 4638 crapultu
1137 4518 1365 4596 multum
1399 4519 1472 4570 sit
1501 4517 1853 4573 Christianis.

964 4603 1058 4638 con
1086 4603 1258 4638 raria.

964 4603 1258 4640 contraria.

329 4674 448 4745 (Em
472 4674 626 4728 dictis
675 4673 992 4744 Benedicti.)
1025 4674 1173 4727 Nihil
1206 4675 1284 4726 sic
1330 4675 1682 4728 contrarium
1743 4681 1828 4728 est
1867 4675 1965 4729 ho-

259 4762 409 4816 mini
439 4762 761 4817 Christiano
795 4763 1088 4831 quomodo
1119 4762 1354 4831 crapula
1380 4765 1437 4815 et
1489 4763 1754 4828 ebrietas,
1817 4763 1965 4816 sicut

259 4850 341 4904 ait
359 4851 637 4904 Dominus
667 4850 728 4903 in
759 4850 1062 4918 Evangelio
1093 4866 1106 4903 :
1139 4851 1336 4904 Videte
1357 4865 1428 4903 ne
1450 4856 1761 4920 graventur
1790 4852 1964 4906 corda

259 4941 449 4993 vestra
475 4938 537 4991 in
563 4940 799 5008 crapula
828 4942 886 4991 et
922 4937 1216 4992 ebrietate.

388 5027 516 5082 Car.
551 5028 624 5080 II.
657 5057 722 5065 —
760 5029 826 5081 Ut
848 5029 1054 5080 malum
1083 5028 1358 5080 ebrietatis
1389 5027 1602 5080 omnino
1621 5030 1836 5080 vitetur.

332 5117 442 5186 (Ea:
485 5116 683 5171 decret.
725 5113 1018 5182 Eutychia.
1059 5131 1179 5183 pa.,
1213 5118 1390 5183 capite
1426 5117 1503 5182 9.)
1540 5115 1808 5183 Magnum
1841 5131 1958 5168 ma-

259 5205 381 5259 lum
431 5204 744 5268 ebrietatis,
821 5204 974 5257 unde
1025 5203 1220 5256 omnia
1263 5203 1398 5256 vitia
1446 5203 1749 5272 pullulant,
1799 5205 1958 5258 Chri-

261 5293 464 5346 stianis
493 5292 678 5346 modis
702 5291 972 5345 omnibus
993 5307 1191 5344 cavere
1209 5291 1596 5360 praecipimus.
1630 5291 1736 5354 Qui
1772 5299 1960 5345 autem

262 5383 372 5436 hoc
401 5381 580 5434 vitare
639 5379 904 5446 noluerit,
941 5377 1548 5432 exeommunicandum
1597 5395 1717 5432 esse
1765 5379 1958 5433 decre-

263 5469 470 5534 vimus,
499 5484 679 5538 usque
706 5469 776 5522 ad
807 5483 1124 5537 congruam
1156 5466 1638 5520 emendationem.

1998 4166 2038 4221 C
2077 4167 2205 4221 Car.
2235 4166 2326 4220 III.
2361 4197 2430 4206 —
2470 4165 2624 4238 quod
2661 4167 2898 4233 episcopi
2942 4170 3004 4238 et
3035 4181 3220 4220 eorum
3247 4168 3490 4221 ministri
3537 4169 3770 4238 crapula

2423 4242 2474 4289 et
2501 4237 2755 4290 ebrietate
2785 4251 2888 4289 non
2919 4237 3149 4290 debeant
3176 4240 3423 4303 gravari.

2146 4342 2254 4412 (Ea:
2282 4343 2476 4396 decret.
2526 4343 2785 4412 ejusdem,
2828 4346 3005 4412 capite
3041 4343 3113 4414 9.)
3157 4344 3418 4415 Episc0pi
3446 4349 3504 4398 et
3533 4343 3630 4399 Dei
3661 4343 3770 4397 mi-

2077 4430 2241 4484 nistri
2289 4448 2404 4483 non
2438 4431 2647 4484 debent
2703 4433 3278 4486 commessationibus
3339 4439 3394 4485 et
3448 4433 3771 4486 vinolentiis

2075 4519 2249 4572 nimis
2296 4519 2647 4587 incumbere,
2704 4521 2800 4573 sed
2843 4521 3208 4576 considerent
3266 4521 3610 4574 sententiam
3661 4522 3770 4573 Do-

2077 4607 2218 4660 mini
2245 4608 2483 4661 dicentis
2514 4624 2526 4661 :
2585 4608 2870 4661 Attendite
2905 4625 2974 4662 ne
3007 4613 3314 4678 graventur
3360 4610 3532 4662 corda
3588 4613 3773 4662 vestra

2075 4694 2133 4748 in
2165 4698 2397 4765 crapula
2449 4703 2504 4748 et
2551 4697 2839 4750 ebrietate.
2904 4697 3185 4750 Moderata
3249 4697 3402 4750 enim
3459 4697 3648 4750 cibum
3717 4701 3775 4748 et

2075 4785 2455 4836 necessarium
2506 4789 2796 4851 sumptum
2838 4789 3086 4850 sumant,
3124 4789 3183 4836 ut
3224 4785 3388 4853 juxta
3419 4785 3770 4854 'Apostolum

2076 4871 2250 4928 sobrii
2279 4871 2413 4938 sint,
2447 4877 2505 4925 et
2533 4871 2718 4941 parati
2753 4871 2824 4925 ad
2857 4871 3149 4926 servitium
3188 4871 3436 4927 Domini.

2535 4995 2663 5049 CAP.
2697 4997 2783 5049 1V.
2809 5027 2876 5034 —
2908 5001 2983 5051 De
3003 4996 3188 5050 eadem
3226 5012 3303 5050 re.

2145 5121 2253 5184 (E1:
2283 5119 2501 5171 concilio
2560 5119 2843 5178 Cabillon..
2902 5123 3078 5187 capite
3119 5119 3226 5188 10.)
3280 5120 3348 5173 Ut
3404 5119 3770 5177 sobrietatem

2075 5205 2398 5258 saeerdotes
2466 5209 2720 5272 teneant,
2772 5213 2826 5259 et
2879 5207 3027 5260 hanc
3099 5205 3427 5260 habendam
3499 5209 3766 5263 ﬁdelibus

2072 5291 2386 5361 praedicent
2418 5309 2430 5345 :
2465 5293 2560 5362 qui
2609 5310 2724 5346 non
2754 5299 2942 5362 potest
2976 5293 3152 5346 libere
3219 5295 3584 5349 sobrietatem
3615 5313 3764 5364 prze-
3809 5316 3814 5320 ·

2075 5379 2284 5442 dicare,
2320 5379 2508 5448 quise
2559 5397 2714 5433 mero
2767 5397 2946 5449 usque
2977 5381 3045 5434 ad
3095 5382 3502 5436 alienationem
3556 5385 3762 5436 mentis

1996 5469 2037 5519 D
2076 5467 2408 5536 ingurgitat.
2455 5468 2570 5521 IIoc
2603 5477 2660 5522 et
2704 5470 2774 5521 de
2806 5471 3394 5536 commessationibus,
3443 5477 3501 5524 et
3551 5472 3769 5525 caeteris
