  <div class='ocr_page' id='page_1' title='image "/cluster/home/n/w/nwhite01/storage/ocr_20150623/140/hvd.32044054760004/451.png"; bbox 0 0 3972 6192; ppageno 0'>
   <div class='ocr_carea' id='block_1_1' title="bbox 268 205 3749 264">
    <p class='ocr_par' dir='ltr' id='par_1_1' title="bbox 268 205 3749 264">
     <span class='ocr_line' id='line_1_1' title="bbox 268 205 3749 264; baseline 0.001 -5"><span class='ocrx_word' id='word_1_1' title='bbox 268 210 361 260; x_wconf 85' lang='lat' dir='ltr'>89l</span> <span class='ocrx_word' id='word_1_2' title='bbox 1333 208 1737 261; x_wconf 78' lang='lat' dir='ltr'>BURCHARDI</span> <span class='ocrx_word' id='word_1_3' title='bbox 1779 205 2310 262; x_wconf 80' lang='lat' dir='ltr'>WORMACIENSIS</span> <span class='ocrx_word' id='word_1_4' title='bbox 2350 205 2684 261; x_wconf 83' lang='lat' dir='ltr'>EPISCOPI.</span> <span class='ocrx_word' id='word_1_5' title='bbox 3655 214 3749 264; x_wconf 81' lang='lat'>892</span> 
     </span>
    </p>
   </div>
   <div class='ocr_carea' id='block_1_2' title="bbox 264 322 3750 397">
    <p class='ocr_par' dir='ltr' id='par_1_2' title="bbox 264 322 3750 397">
     <span class='ocr_line' id='line_1_2' title="bbox 264 322 3750 397; baseline 0.001 -19"><span class='ocrx_word' id='word_1_6' title='bbox 264 326 521 396; x_wconf 81' lang='lat' dir='ltr'>pestibus</span> <span class='ocrx_word' id='word_1_7' title='bbox 594 325 665 379; x_wconf 91' lang='lat' dir='ltr'>ad</span> <span class='ocrx_word' id='word_1_8' title='bbox 723 325 1183 395; x_wconf 88' lang='lat' dir='ltr'>gastrimargiam</span> <span class='ocrx_word' id='word_1_9' title='bbox 1260 325 1699 395; x_wconf 75' lang='lat' dir='ltr'>pertinentibus,</span> <span class='ocrx_word' id='word_1_10' title='bbox 1769 326 1963 379; x_wconf 87' lang='lat' dir='ltr'>obser-</span> <span class='ocrx_word' id='word_1_11' title='bbox 1999 329 2042 378; x_wconf 83' lang='lat' dir='ltr'><strong>A</strong></span> <span class='ocrx_word' id='word_1_12' title='bbox 2081 324 2329 392; x_wconf 83' lang='lat' dir='ltr'>conjuge</span> <span class='ocrx_word' id='word_1_13' title='bbox 2360 338 2480 387; x_wconf 88' lang='lat' dir='ltr'>sua,</span> <span class='ocrx_word' id='word_1_14' title='bbox 2524 327 2580 375; x_wconf 90' lang='lat' dir='ltr'>et</span> <span class='ocrx_word' id='word_1_15' title='bbox 2601 323 2759 391; x_wconf 87' lang='lat' dir='ltr'>prole</span> <span class='ocrx_word' id='word_1_16' title='bbox 2789 322 2922 376; x_wconf 81' lang='lat' dir='ltr'>velit</span> <span class='ocrx_word' id='word_1_17' title='bbox 2953 322 3244 378; x_wconf 79' lang='lat' dir='ltr'>vobiscum</span> <span class='ocrx_word' id='word_1_18' title='bbox 3286 325 3528 394; x_wconf 79' lang='lat' dir='ltr'>spiritali</span> <span class='ocrx_word' id='word_1_19' title='bbox 3565 329 3750 397; x_wconf 89' lang='lat' dir='ltr'>gaudio</span> 
     </span>
    </p>
   </div>
   <div class='ocr_carea' id='block_1_3' title="bbox 263 415 650 468">
    <p class='ocr_par' dir='ltr' id='par_1_3' title="bbox 263 415 650 468">
     <span class='ocr_line' id='line_1_3' title="bbox 263 415 650 468; baseline -0.003 0"><span class='ocrx_word' id='word_1_20' title='bbox 263 415 514 468; x_wconf 88' lang='lat' dir='ltr'>vandum</span> <span class='ocrx_word' id='word_1_21' title='bbox 548 419 650 468; x_wconf 88' lang='lat' dir='ltr'>est.</span> 
     </span>
    </p>
   </div>
   <div class='ocr_carea' id='block_1_4' title="bbox 739 496 1491 556">
    <p class='ocr_par' dir='ltr' id='par_1_4' title="bbox 739 496 1491 556">
     <span class='ocr_line' id='line_1_4' title="bbox 739 496 1491 556; baseline -0.001 0"><span class='ocrx_word' id='word_1_22' title='bbox 739 503 867 556; x_wconf 77' lang='lat' dir='ltr'>CAP.</span> <span class='ocrx_word' id='word_1_23' title='bbox 890 496 891 499; x_wconf 38' lang='grc'><em>“</em></span> <span class='ocrx_word' id='word_1_24' title='bbox 914 503 974 555; x_wconf 84' lang='grc' dir='ltr'><strong>ν.</strong></span> <span class='ocrx_word' id='word_1_25' title='bbox 1011 533 1075 540; x_wconf 92' lang='lat'>—-</span> <span class='ocrx_word' id='word_1_26' title='bbox 1105 503 1181 554; x_wconf 86' lang='lat' dir='ltr'>De</span> <span class='ocrx_word' id='word_1_27' title='bbox 1202 503 1386 555; x_wconf 85' lang='lat' dir='ltr'>eadem</span> <span class='ocrx_word' id='word_1_28' title='bbox 1416 517 1491 555; x_wconf 84' lang='lat' dir='ltr'>re.</span> 
     </span>
    </p>
   </div>
   <div class='ocr_carea' id='block_1_5' title="bbox 335 591 1964 661">
    <p class='ocr_par' dir='ltr' id='par_1_5' title="bbox 335 591 1964 661">
     <span class='ocr_line' id='line_1_5' title="bbox 335 591 1964 661; baseline -0.002 -16"><span class='ocrx_word' id='word_1_29' title='bbox 335 593 440 658; x_wconf 75' lang='lat' dir='ltr'>(Ea:</span> <span class='ocrx_word' id='word_1_30' title='bbox 463 607 654 645; x_wconf 87' lang='lat' dir='ltr'>canon.</span> <span class='ocrx_word' id='word_1_31' title='bbox 683 593 1065 660; x_wconf 81' lang='lat' dir='ltr'>apostolorum,</span> <span class='ocrx_word' id='word_1_32' title='bbox 1095 592 1239 644; x_wconf 84' lang='lat' dir='ltr'>titul.</span> <span class='ocrx_word' id='word_1_33' title='bbox 1276 592 1389 655; x_wconf 77' lang='grc'>42.)</span> <span class='ocrx_word' id='word_1_34' title='bbox 1447 591 1776 661; x_wconf 84' lang='lat' dir='ltr'>EpiscOpus,</span> <span class='ocrx_word' id='word_1_35' title='bbox 1838 606 1964 661; x_wconf 89' lang='lat' dir='ltr'>pre-</span> 
     </span>
    </p>
   </div>
   <div class='ocr_carea' id='block_1_6' title="bbox 261 679 1964 749">
    <p class='ocr_par' dir='ltr' id='par_1_6' title="bbox 261 679 1964 749">
     <span class='ocr_line' id='line_1_6' title="bbox 261 679 1964 749; baseline 0 -17"><span class='ocrx_word' id='word_1_36' title='bbox 261 681 470 748; x_wconf 87' lang='lat' dir='ltr'>sbyter,</span> <span class='ocrx_word' id='word_1_37' title='bbox 502 687 600 732; x_wconf 90' lang='lat' dir='ltr'>aut</span> <span class='ocrx_word' id='word_1_38' title='bbox 631 681 902 733; x_wconf 84' lang='lat' dir='ltr'>diaconus</span> <span class='ocrx_word' id='word_1_39' title='bbox 937 679 1073 732; x_wconf 70' lang='lat' dir='ltr'>aleae</span> <span class='ocrx_word' id='word_1_40' title='bbox 1102 684 1273 748; x_wconf 89' lang='lat' dir='ltr'>atque</span> <span class='ocrx_word' id='word_1_41' title='bbox 1315 680 1579 733; x_wconf 89' lang='lat' dir='ltr'>ebrietati</span> <span class='ocrx_word' id='word_1_42' title='bbox 1608 681 1964 749; x_wconf 61' lang='lat' dir='ltr'>ideserviens,</span> 
     </span>
    </p>
   </div>
   <div class='ocr_carea' id='block_1_7' title="bbox 261 765 1968 832">
    <p class='ocr_par' dir='ltr' id='par_1_7' title="bbox 261 765 1968 832">
     <span class='ocr_line' id='line_1_7' title="bbox 261 765 1968 832; baseline -0.001 -11"><span class='ocrx_word' id='word_1_43' title='bbox 261 773 360 822; x_wconf 89' lang='lat' dir='ltr'>aut</span> <span class='ocrx_word' id='word_1_44' title='bbox 391 767 630 829; x_wconf 78' lang='lat' dir='ltr'>desinat,</span> <span class='ocrx_word' id='word_1_45' title='bbox 673 774 770 820; x_wconf 88' lang='lat' dir='ltr'>aut</span> <span class='ocrx_word' id='word_1_46' title='bbox 809 771 958 820; x_wconf 89' lang='lat' dir='ltr'>certe</span> <span class='ocrx_word' id='word_1_47' title='bbox 1004 765 1329 821; x_wconf 84' lang='lat' dir='ltr'>damnetur.</span> <span class='ocrx_word' id='word_1_48' title='bbox 1391 768 1805 832; x_wconf 89' lang='lat' dir='ltr'>Subdiaconus,</span> <span class='ocrx_word' id='word_1_49' title='bbox 1872 773 1968 821; x_wconf 89' lang='lat' dir='ltr'>aut</span> 
     </span>
    </p>
   </div>
   <div class='ocr_carea' id='block_1_8' title="bbox 266 854 1967 923">
    <p class='ocr_par' dir='ltr' id='par_1_8' title="bbox 266 854 1967 923">
     <span class='ocr_line' id='line_1_8' title="bbox 266 854 1967 923; baseline 0.001 -14"><span class='ocrx_word' id='word_1_50' title='bbox 266 857 462 920; x_wconf 88' lang='lat' dir='ltr'>lector,</span> <span class='ocrx_word' id='word_1_51' title='bbox 494 861 591 909; x_wconf 89' lang='lat' dir='ltr'>aut</span> <span class='ocrx_word' id='word_1_52' title='bbox 631 861 826 909; x_wconf 88' lang='lat' dir='ltr'>cantor</span> <span class='ocrx_word' id='word_1_53' title='bbox 893 854 1101 907; x_wconf 82' lang='lat' dir='ltr'>similia</span> <span class='ocrx_word' id='word_1_54' title='bbox 1152 855 1381 923; x_wconf 85' lang='lat' dir='ltr'>faciens,</span> <span class='ocrx_word' id='word_1_55' title='bbox 1443 862 1539 910; x_wconf 90' lang='lat' dir='ltr'>aut</span> <span class='ocrx_word' id='word_1_56' title='bbox 1590 857 1830 922; x_wconf 81' lang='lat' dir='ltr'>desinat,</span> <span class='ocrx_word' id='word_1_57' title='bbox 1870 861 1967 910; x_wconf 90' lang='lat' dir='ltr'>aut</span> 
     </span>
    </p>
   </div>
   <div class='ocr_carea' id='block_1_9' title="bbox 263 943 1719 1015">
    <p class='ocr_par' dir='ltr' id='par_1_9' title="bbox 263 943 1719 1015">
     <span class='ocr_line' id='line_1_9' title="bbox 263 943 1719 1015; baseline 0 -17"><span class='ocrx_word' id='word_1_58' title='bbox 263 945 669 998; x_wconf 75' lang='lat' dir='ltr'>communione</span> <span class='ocrx_word' id='word_1_59' title='bbox 700 944 974 1015; x_wconf 84' lang='lat' dir='ltr'>privetur.</span> <span class='ocrx_word' id='word_1_60' title='bbox 1006 943 1282 997; x_wconf 75' lang='lat' dir='ltr'>Similiter</span> <span class='ocrx_word' id='word_1_61' title='bbox 1311 945 1482 997; x_wconf 88' lang='lat' dir='ltr'>etiam</span> <span class='ocrx_word' id='word_1_62' title='bbox 1526 945 1719 998; x_wconf 78' lang='lat' dir='ltr'>laicus.</span> 
     </span>
    </p>
   </div>
   <div class='ocr_carea' id='block_1_10' title="bbox 719 1031 1502 1087">
    <p class='ocr_par' dir='ltr' id='par_1_10' title="bbox 719 1031 1502 1087">
     <span class='ocr_line' id='line_1_10' title="bbox 719 1031 1502 1087; baseline 0.003 -2"><span class='ocrx_word' id='word_1_63' title='bbox 719 1034 844 1086; x_wconf 71' lang='lat' dir='ltr'>Car.</span> <span class='ocrx_word' id='word_1_64' title='bbox 879 1031 965 1084; x_wconf 85' lang='lat' dir='ltr'>Vl.</span> <span class='ocrx_word' id='word_1_65' title='bbox 999 1061 1069 1070; x_wconf 89' lang='lat'>——</span> <span class='ocrx_word' id='word_1_66' title='bbox 1102 1033 1182 1085; x_wconf 88' lang='lat' dir='ltr'>De</span> <span class='ocrx_word' id='word_1_67' title='bbox 1211 1034 1394 1086; x_wconf 84' lang='lat' dir='ltr'>eadem</span> <span class='ocrx_word' id='word_1_68' title='bbox 1427 1051 1502 1087; x_wconf 81' lang='lat' dir='ltr'>re.</span> 
     </span>
    </p>
   </div>
   <div class='ocr_carea' id='block_1_11' title="bbox 336 1120 1968 1192">
    <p class='ocr_par' dir='ltr' id='par_1_11' title="bbox 336 1120 1968 1192">
     <span class='ocr_line' id='line_1_11' title="bbox 336 1120 1968 1192; baseline 0.001 -18"><span class='ocrx_word' id='word_1_69' title='bbox 336 1120 442 1190; x_wconf 64' lang='lat' dir='ltr'>(E41:</span> <span class='ocrx_word' id='word_1_70' title='bbox 495 1121 694 1182; x_wconf 86' lang='lat' dir='ltr'>eodem,</span> <span class='ocrx_word' id='word_1_71' title='bbox 772 1123 948 1190; x_wconf 83' lang='lat' dir='ltr'>capite</span> <span class='ocrx_word' id='word_1_72' title='bbox 996 1120 1108 1190; x_wconf 58' lang='grc'>⁴13.)</span> <span class='ocrx_word' id='word_1_73' title='bbox 1158 1121 1214 1174; x_wconf 90' lang='lat' dir='ltr'>Si</span> <span class='ocrx_word' id='word_1_74' title='bbox 1275 1122 1404 1192; x_wconf 87' lang='lat' dir='ltr'>quis</span> <span class='ocrx_word' id='word_1_75' title='bbox 1469 1121 1793 1191; x_wconf 91' lang='lat' dir='ltr'>episcopus,</span> <span class='ocrx_word' id='word_1_76' title='bbox 1869 1125 1968 1175; x_wconf 89' lang='lat' dir='ltr'>aut</span> 
     </span>
    </p>
   </div>
   <div class='ocr_carea' id='block_1_12' title="bbox 264 1209 1963 1279">
    <p class='ocr_par' dir='ltr' id='par_1_12' title="bbox 264 1209 1963 1279">
     <span class='ocr_line' id='line_1_12' title="bbox 264 1209 1963 1279; baseline 0.001 -17"><span class='ocrx_word' id='word_1_77' title='bbox 264 1209 473 1279; x_wconf 86' lang='lat' dir='ltr'>aliquis</span> <span class='ocrx_word' id='word_1_78' title='bbox 517 1211 834 1276; x_wconf 88' lang='lat' dir='ltr'>ordinatus,</span> <span class='ocrx_word' id='word_1_79' title='bbox 876 1212 935 1264; x_wconf 91' lang='lat' dir='ltr'>in</span> <span class='ocrx_word' id='word_1_80' title='bbox 986 1211 1403 1265; x_wconf 86' lang='lat' dir='ltr'>consuetudine</span> <span class='ocrx_word' id='word_1_81' title='bbox 1470 1210 1727 1263; x_wconf 88' lang='lat' dir='ltr'>ebriosus</span> <span class='ocrx_word' id='word_1_82' title='bbox 1774 1209 1963 1278; x_wconf 79' lang='lat' dir='ltr'>fuerit,</span> 
     </span>
    </p>
   </div>
   <div class='ocr_carea' id='block_1_13' title="bbox 265 1299 1135 1371">
    <p class='ocr_par' dir='ltr' id='par_1_13' title="bbox 265 1299 1135 1371">
     <span class='ocr_line' id='line_1_13' title="bbox 265 1299 1135 1371; baseline 0.001 -19"><span class='ocrx_word' id='word_1_83' title='bbox 265 1302 363 1352; x_wconf 86' lang='lat' dir='ltr'>aut</span> <span class='ocrx_word' id='word_1_84' title='bbox 393 1299 637 1368; x_wconf 84' lang='lat' dir='ltr'>desinat,</span> <span class='ocrx_word' id='word_1_85' title='bbox 671 1305 767 1353; x_wconf 89' lang='lat' dir='ltr'>aut</span> <span class='ocrx_word' id='word_1_86' title='bbox 797 1301 1135 1371; x_wconf 83' lang='lat' dir='ltr'>deponatur.</span> 
     </span>
    </p>
   </div>
   <div class='ocr_carea' id='block_1_14' title="bbox 263 1406 1966 1532">
    <p class='ocr_par' dir='ltr' id='par_1_14' title="bbox 263 1406 1966 1532">
     <span class='ocr_line' id='line_1_14' title="bbox 263 1406 1966 1532; baseline -0.001 -71"><span class='ocrx_word' id='word_1_87' title='bbox 263 1407 392 1461; x_wconf 81' lang='lat' dir='ltr'>CAP.</span> <span class='ocrx_word' id='word_1_88' title='bbox 416 1406 529 1459; x_wconf 83' lang='lat' dir='ltr'>VII.</span> <span class='ocrx_word' id='word_1_89' title='bbox 553 1435 624 1446; x_wconf 89' lang='lat'>——</span> <span class='ocrx_word' id='word_1_90' title='bbox 651 1408 847 1472; x_wconf 80' lang='lat' dir='ltr'>Quales</span> <span class='ocrx_word' id='word_1_91' title='bbox 871 1410 1102 1532; x_wconf 55' lang='grc' dir='ltr'>εοηυᾶυῗ</span> <span class='ocrx_word' id='word_1_92' title='bbox 1123 1406 1462 1531; x_wconf 59' lang='grc' dir='ltr'>δαῗθνάοίωη</span> <span class='ocrx_word' id='word_1_93' title='bbox 1501 1407 1673 1475; x_wconf 88' lang='lat' dir='ltr'>epulis</span> <span class='ocrx_word' id='word_1_94' title='bbox 1712 1408 1966 1460; x_wconf 76' lang='lat' dir='ltr'>interesse</span> 
     </span>
     <span class='ocr_line' id='line_1_15' title="bbox 1025 1494 1230 1532; baseline -0.015 0"><span class='ocrx_word' id='word_1_95' title='bbox 1025 1496 1048 1532; x_wconf 91' lang='lat' dir='ltr'>e</span> <span class='ocrx_word' id='word_1_96' title='bbox 1088 1494 1184 1531; x_wconf 83' lang='lat' dir='ltr'>ean</span> <span class='ocrx_word' id='word_1_97' title='bbox 1219 1517 1230 1529; x_wconf 97' lang='lat'>.</span> 
     </span>
    </p>
   </div>
   <div class='ocr_carea' id='block_1_15' title="bbox 1025 1494 1230 1532">
    <p class='ocr_par' dir='ltr' id='par_1_15' title="bbox 1025 1494 1230 1532">
     <span class='ocr_line' id='line_1_16' title="bbox 1025 1494 1230 1532; baseline -0.01 0"><span class='ocrx_word' id='word_1_98' title='bbox 1025 1494 1230 1532; x_wconf 73' lang='grc' dir='ltr'>εοθαηι.</span> 
     </span>
    </p>
   </div>
   <div class='ocr_carea' id='block_1_16' title="bbox 337 1563 2036 1656">
    <p class='ocr_par' dir='ltr' id='par_1_16' title="bbox 337 1563 2036 1656">
     <span class='ocr_line' id='line_1_17' title="bbox 337 1563 2036 1656; baseline -0.001 -39"><span class='ocrx_word' id='word_1_99' title='bbox 337 1563 445 1634; x_wconf 70' lang='lat' dir='ltr'>(Ea:</span> <span class='ocrx_word' id='word_1_100' title='bbox 471 1564 666 1619; x_wconf 78' lang='lat' dir='ltr'>deerat.</span> <span class='ocrx_word' id='word_1_101' title='bbox 699 1567 922 1620; x_wconf 76' lang='lat' dir='ltr'>Eusebii</span> <span class='ocrx_word' id='word_1_102' title='bbox 959 1583 1076 1636; x_wconf 83' lang='lat' dir='ltr'>pa.,</span> <span class='ocrx_word' id='word_1_103' title='bbox 1119 1568 1296 1634; x_wconf 82' lang='lat' dir='ltr'>capite</span> <span class='ocrx_word' id='word_1_104' title='bbox 1338 1565 1448 1634; x_wconf 76' lang='lat'>10.)</span> <span class='ocrx_word' id='word_1_105' title='bbox 1484 1565 1720 1634; x_wconf 88' lang='lat' dir='ltr'>Oportet</span> <span class='ocrx_word' id='word_1_106' title='bbox 1749 1563 1966 1634; x_wconf 88' lang='lat' dir='ltr'>episco-</span> <span class='ocrx_word' id='word_1_107' title='bbox 2000 1605 2036 1656; x_wconf 76' lang='grc' dir='ltr'>Β</span> 
     </span>
    </p>
   </div>
   <div class='ocr_carea' id='block_1_17' title="bbox 263 1655 1964 1726">
    <p class='ocr_par' dir='ltr' id='par_1_17' title="bbox 263 1655 1964 1726">
     <span class='ocr_line' id='line_1_18' title="bbox 263 1655 1964 1726; baseline 0.001 -20"><span class='ocrx_word' id='word_1_108' title='bbox 263 1669 405 1723; x_wconf 91' lang='lat' dir='ltr'>pum</span> <span class='ocrx_word' id='word_1_109' title='bbox 453 1655 762 1708; x_wconf 82' lang='lat' dir='ltr'>moderatis</span> <span class='ocrx_word' id='word_1_110' title='bbox 835 1656 1019 1726; x_wconf 88' lang='lat' dir='ltr'>epulis</span> <span class='ocrx_word' id='word_1_111' title='bbox 1098 1661 1428 1709; x_wconf 86' lang='lat' dir='ltr'>contentum</span> <span class='ocrx_word' id='word_1_112' title='bbox 1508 1671 1649 1719; x_wconf 91' lang='lat' dir='ltr'>esse,</span> <span class='ocrx_word' id='word_1_113' title='bbox 1718 1670 1964 1724; x_wconf 91' lang='lat' dir='ltr'>suosque</span> 
     </span>
    </p>
   </div>
   <div class='ocr_carea' id='block_1_18' title="bbox 265 1741 1961 1814">
    <p class='ocr_par' dir='ltr' id='par_1_18' title="bbox 265 1741 1961 1814">
     <span class='ocr_line' id='line_1_19' title="bbox 265 1741 1961 1814; baseline 0.001 -20"><span class='ocrx_word' id='word_1_114' title='bbox 265 1741 527 1795; x_wconf 86' lang='lat' dir='ltr'>convivas</span> <span class='ocrx_word' id='word_1_115' title='bbox 559 1743 627 1796; x_wconf 92' lang='lat' dir='ltr'>ad</span> <span class='ocrx_word' id='word_1_116' title='bbox 667 1745 1081 1798; x_wconf 86' lang='lat' dir='ltr'>comedendum</span> <span class='ocrx_word' id='word_1_117' title='bbox 1135 1749 1190 1797; x_wconf 87' lang='lat' dir='ltr'>et</span> <span class='ocrx_word' id='word_1_118' title='bbox 1219 1744 1529 1814; x_wconf 87' lang='lat' dir='ltr'>potandum</span> <span class='ocrx_word' id='word_1_119' title='bbox 1573 1759 1687 1797; x_wconf 92' lang='lat' dir='ltr'>non</span> <span class='ocrx_word' id='word_1_120' title='bbox 1733 1759 1961 1812; x_wconf 85' lang='lat' dir='ltr'>urgere,</span> 
     </span>
    </p>
   </div>
   <div class='ocr_carea' id='block_1_19' title="bbox 265 1829 1960 1902">
    <p class='ocr_par' dir='ltr' id='par_1_19' title="bbox 265 1829 1960 1902">
     <span class='ocr_line' id='line_1_20' title="bbox 265 1829 1960 1902; baseline 0 -19"><span class='ocrx_word' id='word_1_121' title='bbox 265 1829 407 1900; x_wconf 89' lang='lat' dir='ltr'>quin</span> <span class='ocrx_word' id='word_1_122' title='bbox 453 1831 640 1901; x_wconf 90' lang='lat' dir='ltr'>potius</span> <span class='ocrx_word' id='word_1_123' title='bbox 673 1848 900 1902; x_wconf 88' lang='lat' dir='ltr'>semper</span> <span class='ocrx_word' id='word_1_124' title='bbox 957 1833 1275 1886; x_wconf 84' lang='lat' dir='ltr'>sobrietatis</span> <span class='ocrx_word' id='word_1_125' title='bbox 1307 1833 1562 1901; x_wconf 78' lang='lat' dir='ltr'>praebeat</span> <span class='ocrx_word' id='word_1_126' title='bbox 1611 1832 1960 1901; x_wconf 90' lang='lat' dir='ltr'>exemplum.</span> 
     </span>
    </p>
   </div>
   <div class='ocr_carea' id='block_1_20' title="bbox 265 1919 1966 1990">
    <p class='ocr_par' dir='ltr' id='par_1_20' title="bbox 265 1919 1966 1990">
     <span class='ocr_line' id='line_1_21' title="bbox 265 1919 1966 1990; baseline -0.001 -17"><span class='ocrx_word' id='word_1_127' title='bbox 265 1920 688 1973; x_wconf 80' lang='lat' dir='ltr'>Removeantur</span> <span class='ocrx_word' id='word_1_128' title='bbox 714 1921 782 1975; x_wconf 88' lang='lat' dir='ltr'>ab</span> <span class='ocrx_word' id='word_1_129' title='bbox 831 1920 953 1990; x_wconf 88' lang='lat' dir='ltr'>ejus</span> <span class='ocrx_word' id='word_1_130' title='bbox 983 1920 1239 1974; x_wconf 89' lang='lat' dir='ltr'>convivio</span> <span class='ocrx_word' id='word_1_131' title='bbox 1289 1924 1491 1972; x_wconf 88' lang='lat' dir='ltr'>cuncta</span> <span class='ocrx_word' id='word_1_132' title='bbox 1522 1919 1831 1989; x_wconf 89' lang='lat' dir='ltr'>turpidinis</span> <span class='ocrx_word' id='word_1_133' title='bbox 1872 1935 1966 1971; x_wconf 90' lang='lat' dir='ltr'>ar-</span> 
     </span>
    </p>
   </div>
   <div class='ocr_carea' id='block_1_21' title="bbox 264 2009 1966 2079">
    <p class='ocr_par' dir='ltr' id='par_1_21' title="bbox 264 2009 1966 2079">
     <span class='ocr_line' id='line_1_22' title="bbox 264 2009 1966 2079; baseline 0.001 -19"><span class='ocrx_word' id='word_1_134' title='bbox 264 2012 558 2078; x_wconf 86' lang='lat' dir='ltr'>gumenta,</span> <span class='ocrx_word' id='word_1_135' title='bbox 593 2025 706 2062; x_wconf 93' lang='lat' dir='ltr'>non</span> <span class='ocrx_word' id='word_1_136' title='bbox 763 2009 984 2062; x_wconf 90' lang='lat' dir='ltr'>ludicra</span> <span class='ocrx_word' id='word_1_137' title='bbox 1040 2009 1381 2079; x_wconf 87' lang='lat' dir='ltr'>spectacula,</span> <span class='ocrx_word' id='word_1_138' title='bbox 1429 2024 1546 2061; x_wconf 91' lang='lat' dir='ltr'>non</span> <span class='ocrx_word' id='word_1_139' title='bbox 1612 2013 1966 2061; x_wconf 88' lang='lat' dir='ltr'>acromatum</span> 
     </span>
    </p>
   </div>
   <div class='ocr_carea' id='block_1_22' title="bbox 268 2096 1968 2166">
    <p class='ocr_par' dir='ltr' id='par_1_22' title="bbox 268 2096 1968 2166">
     <span class='ocr_line' id='line_1_23' title="bbox 268 2096 1968 2166; baseline 0.001 -18"><span class='ocrx_word' id='word_1_140' title='bbox 268 2096 612 2166; x_wconf 88' lang='lat' dir='ltr'>vaniloquia,</span> <span class='ocrx_word' id='word_1_141' title='bbox 649 2114 766 2150; x_wconf 88' lang='lat' dir='ltr'>non</span> <span class='ocrx_word' id='word_1_142' title='bbox 826 2098 1117 2151; x_wconf 84' lang='lat' dir='ltr'>fatuorum</span> <span class='ocrx_word' id='word_1_143' title='bbox 1165 2097 1542 2166; x_wconf 82' lang='lat' dir='ltr'>stultiloquia,</span> <span class='ocrx_word' id='word_1_144' title='bbox 1593 2113 1710 2150; x_wconf 89' lang='lat' dir='ltr'>non</span> <span class='ocrx_word' id='word_1_145' title='bbox 1765 2097 1968 2150; x_wconf 90' lang='lat' dir='ltr'>scurri-</span> 
     </span>
    </p>
   </div>
   <div class='ocr_carea' id='block_1_23' title="bbox 263 2184 1968 2257">
    <p class='ocr_par' dir='ltr' id='par_1_23' title="bbox 263 2184 1968 2257">
     <span class='ocr_line' id='line_1_24' title="bbox 263 2184 1968 2257; baseline -0.001 -19"><span class='ocrx_word' id='word_1_146' title='bbox 263 2184 408 2239; x_wconf 87' lang='lat' dir='ltr'>lium</span> <span class='ocrx_word' id='word_1_147' title='bbox 478 2185 856 2239; x_wconf 89' lang='lat' dir='ltr'>admittantur</span> <span class='ocrx_word' id='word_1_148' title='bbox 912 2186 1219 2257; x_wconf 74' lang='lat' dir='ltr'>prmstigia.</span> <span class='ocrx_word' id='word_1_149' title='bbox 1273 2185 1476 2238; x_wconf 81' lang='lat' dir='ltr'>Adsint</span> <span class='ocrx_word' id='word_1_150' title='bbox 1534 2185 1846 2255; x_wconf 81' lang='lat' dir='ltr'>peregrini,</span> <span class='ocrx_word' id='word_1_151' title='bbox 1911 2190 1968 2238; x_wconf 90' lang='lat' dir='ltr'>et</span> 
     </span>
    </p>
   </div>
   <div class='ocr_carea' id='block_1_24' title="bbox 263 2273 1968 2345">
    <p class='ocr_par' dir='ltr' id='par_1_24' title="bbox 263 2273 1968 2345">
     <span class='ocr_line' id='line_1_25' title="bbox 263 2273 1968 2345; baseline 0 -19"><span class='ocrx_word' id='word_1_152' title='bbox 263 2289 568 2342; x_wconf 85' lang='lat' dir='ltr'>pauperes,</span> <span class='ocrx_word' id='word_1_153' title='bbox 623 2278 676 2328; x_wconf 92' lang='lat' dir='ltr'>et</span> <span class='ocrx_word' id='word_1_154' title='bbox 729 2275 968 2340; x_wconf 87' lang='lat' dir='ltr'>debiles,</span> <span class='ocrx_word' id='word_1_155' title='bbox 1031 2275 1130 2345; x_wconf 88' lang='lat' dir='ltr'>qui</span> <span class='ocrx_word' id='word_1_156' title='bbox 1199 2274 1266 2325; x_wconf 93' lang='lat' dir='ltr'>de</span> <span class='ocrx_word' id='word_1_157' title='bbox 1342 2273 1676 2326; x_wconf 82' lang='lat' dir='ltr'>sacerdotali</span> <span class='ocrx_word' id='word_1_158' title='bbox 1769 2289 1968 2326; x_wconf 89' lang='lat' dir='ltr'>mensa</span> 
     </span>
    </p>
   </div>
   <div class='ocr_carea' id='block_1_25' title="bbox 266 2361 1963 2430">
    <p class='ocr_par' dir='ltr' id='par_1_25' title="bbox 266 2361 1963 2430">
     <span class='ocr_line' id='line_1_26' title="bbox 266 2361 1963 2430; baseline 0 -16"><span class='ocrx_word' id='word_1_159' title='bbox 266 2361 555 2415; x_wconf 89' lang='lat' dir='ltr'>Christum</span> <span class='ocrx_word' id='word_1_160' title='bbox 612 2363 1012 2416; x_wconf 88' lang='lat' dir='ltr'>benedicentes</span> <span class='ocrx_word' id='word_1_161' title='bbox 1082 2361 1544 2415; x_wconf 86' lang='lat' dir='ltr'>benedictionem</span> <span class='ocrx_word' id='word_1_162' title='bbox 1622 2361 1963 2430; x_wconf 87' lang='lat' dir='ltr'>percipiant.</span> 
     </span>
    </p>
   </div>
   <div class='ocr_carea' id='block_1_26' title="bbox 265 2450 1967 2518">
    <p class='ocr_par' dir='ltr' id='par_1_26' title="bbox 265 2450 1967 2518">
     <span class='ocr_line' id='line_1_27' title="bbox 265 2450 1967 2518; baseline -0.002 -13"><span class='ocrx_word' id='word_1_163' title='bbox 265 2450 554 2505; x_wconf 82' lang='lat' dir='ltr'>Recitetur</span> <span class='ocrx_word' id='word_1_164' title='bbox 607 2467 764 2504; x_wconf 86' lang='lat' dir='ltr'>sacra</span> <span class='ocrx_word' id='word_1_165' title='bbox 847 2450 1035 2511; x_wconf 85' lang='lat' dir='ltr'>lectio,</span> <span class='ocrx_word' id='word_1_166' title='bbox 1135 2450 1515 2518; x_wconf 81' lang='lat' dir='ltr'>subsequatur</span> <span class='ocrx_word' id='word_1_167' title='bbox 1590 2450 1732 2503; x_wconf 67' lang='lat' dir='ltr'>vivas</span> <span class='ocrx_word' id='word_1_168' title='bbox 1816 2450 1967 2503; x_wconf 87' lang='lat' dir='ltr'>vocis</span> 
     </span>
    </p>
   </div>
   <div class='ocr_carea' id='block_1_27' title="bbox 265 2537 1970 2605">
    <p class='ocr_par' dir='ltr' id='par_1_27' title="bbox 265 2537 1970 2605">
     <span class='ocr_line' id='line_1_28' title="bbox 265 2537 1970 2605; baseline -0.001 -15"><span class='ocrx_word' id='word_1_169' title='bbox 265 2538 602 2602; x_wconf 74' lang='lat' dir='ltr'>exhortatio,</span> <span class='ocrx_word' id='word_1_170' title='bbox 638 2544 702 2590; x_wconf 91' lang='lat' dir='ltr'>ut</span> <span class='ocrx_word' id='word_1_171' title='bbox 737 2554 853 2590; x_wconf 87' lang='lat' dir='ltr'>non</span> <span class='ocrx_word' id='word_1_172' title='bbox 900 2543 1123 2590; x_wconf 90' lang='lat' dir='ltr'>tantum</span> <span class='ocrx_word' id='word_1_173' title='bbox 1157 2537 1442 2605; x_wconf 85' lang='lat' dir='ltr'>corporali</span> <span class='ocrx_word' id='word_1_174' title='bbox 1483 2537 1627 2604; x_wconf 90' lang='lat' dir='ltr'>cibo,</span> <span class='ocrx_word' id='word_1_175' title='bbox 1681 2537 1797 2590; x_wconf 91' lang='lat' dir='ltr'>imo</span> <span class='ocrx_word' id='word_1_176' title='bbox 1846 2554 1970 2591; x_wconf 80' lang='lat' dir='ltr'>ver-</span> 
     </span>
    </p>
   </div>
   <div class='ocr_carea' id='block_1_28' title="bbox 266 2625 1964 2695">
    <p class='ocr_par' dir='ltr' id='par_1_28' title="bbox 266 2625 1964 2695">
     <span class='ocr_line' id='line_1_29' title="bbox 266 2625 1964 2695; baseline -0.001 -15"><span class='ocrx_word' id='word_1_177' title='bbox 266 2626 352 2680; x_wconf 88' lang='lat' dir='ltr'>bis</span> <span class='ocrx_word' id='word_1_178' title='bbox 392 2625 662 2695; x_wconf 89' lang='lat' dir='ltr'>spiritalis</span> <span class='ocrx_word' id='word_1_179' title='bbox 713 2626 986 2679; x_wconf 87' lang='lat' dir='ltr'>alimento</span> <span class='ocrx_word' id='word_1_180' title='bbox 1045 2625 1408 2678; x_wconf 81' lang='lat' dir='ltr'>convivautes</span> <span class='ocrx_word' id='word_1_181' title='bbox 1449 2642 1505 2679; x_wconf 89' lang='lat' dir='ltr'>se</span> <span class='ocrx_word' id='word_1_182' title='bbox 1558 2626 1964 2694; x_wconf 85' lang='lat' dir='ltr'>refectos-gra-</span> 
     </span>
    </p>
   </div>
   <div class='ocr_carea' id='block_1_29' title="bbox 265 2714 1966 2784">
    <p class='ocr_par' dir='ltr' id='par_1_29' title="bbox 265 2714 1966 2784">
     <span class='ocr_line' id='line_1_30' title="bbox 265 2714 1966 2784; baseline 0 -16"><span class='ocrx_word' id='word_1_183' title='bbox 265 2715 540 2781; x_wconf 90' lang='lat' dir='ltr'>tulentur,</span> <span class='ocrx_word' id='word_1_184' title='bbox 565 2719 630 2768; x_wconf 86' lang='lat' dir='ltr'>ut</span> <span class='ocrx_word' id='word_1_185' title='bbox 649 2715 710 2768; x_wconf 91' lang='lat' dir='ltr'>in</span> <span class='ocrx_word' id='word_1_186' title='bbox 733 2714 999 2768; x_wconf 90' lang='lat' dir='ltr'>omnibus</span> <span class='ocrx_word' id='word_1_187' title='bbox 1020 2714 1433 2768; x_wconf 84' lang='lat' dir='ltr'>honoriﬁcetur</span> <span class='ocrx_word' id='word_1_188' title='bbox 1457 2716 1624 2781; x_wconf 89' lang='lat' dir='ltr'>Deus,</span> <span class='ocrx_word' id='word_1_189' title='bbox 1648 2731 1752 2784; x_wconf 92' lang='lat' dir='ltr'>per</span> <span class='ocrx_word' id='word_1_190' title='bbox 1774 2716 1966 2769; x_wconf 82' lang='lat' dir='ltr'>Jesum</span> 
     </span>
    </p>
   </div>
   <div class='ocr_carea' id='block_1_30' title="bbox 269 2802 1218 2857">
    <p class='ocr_par' dir='ltr' id='par_1_30' title="bbox 269 2802 1218 2857">
     <span class='ocr_line' id='line_1_31' title="bbox 269 2802 1218 2857; baseline -0.002 0"><span class='ocrx_word' id='word_1_191' title='bbox 269 2802 556 2857; x_wconf 87' lang='lat' dir='ltr'>Christum</span> <span class='ocrx_word' id='word_1_192' title='bbox 585 2803 894 2857; x_wconf 88' lang='lat' dir='ltr'>Dominum</span> <span class='ocrx_word' id='word_1_193' title='bbox 938 2807 1218 2856; x_wconf 89' lang='lat' dir='ltr'>nostrum.</span> 
     </span>
    </p>
   </div>
   <div class='ocr_carea' id='block_1_31' title="bbox 711 2890 1519 2947">
    <p class='ocr_par' dir='ltr' id='par_1_31' title="bbox 711 2890 1519 2947">
     <span class='ocr_line' id='line_1_32' title="bbox 711 2890 1519 2947; baseline -0.005 -1"><span class='ocrx_word' id='word_1_194' title='bbox 711 2893 840 2947; x_wconf 75' lang='lat' dir='ltr'>CAP.</span> <span class='ocrx_word' id='word_1_195' title='bbox 864 2892 1000 2945; x_wconf 89' lang='lat' dir='ltr'>VIII.</span> <span class='ocrx_word' id='word_1_196' title='bbox 1024 2921 1092 2929; x_wconf 89' lang='lat'>—</span> <span class='ocrx_word' id='word_1_197' title='bbox 1123 2894 1198 2944; x_wconf 91' lang='lat' dir='ltr'>De</span> <span class='ocrx_word' id='word_1_198' title='bbox 1222 2890 1405 2944; x_wconf 87' lang='lat' dir='ltr'>eadem</span> <span class='ocrx_word' id='word_1_199' title='bbox 1443 2906 1519 2943; x_wconf 85' lang='lat' dir='ltr'>re.</span> 
     </span>
    </p>
   </div>
   <div class='ocr_carea' id='block_1_32' title="bbox 342 2978 1970 3049">
    <p class='ocr_par' dir='ltr' id='par_1_32' title="bbox 342 2978 1970 3049">
     <span class='ocr_line' id='line_1_33' title="bbox 342 2978 1970 3049; baseline -0.001 -15"><span class='ocrx_word' id='word_1_200' title='bbox 342 2983 452 3049; x_wconf 76' lang='lat' dir='ltr'>(Ea:</span> <span class='ocrx_word' id='word_1_201' title='bbox 530 2981 891 3049; x_wconf 81' lang='lat' dir='ltr'>pamitentiali</span> <span class='ocrx_word' id='word_1_202' title='bbox 978 2978 1223 3047; x_wconf 86' lang='lat' dir='ltr'>Theodo.)</span> <span class='ocrx_word' id='word_1_203' title='bbox 1283 2978 1553 3032; x_wconf 86' lang='lat' dir='ltr'>Sacerdos</span> <span class='ocrx_word' id='word_1_204' title='bbox 1626 2978 1869 3049; x_wconf 87' lang='lat' dir='ltr'>quilibet</span> <span class='ocrx_word' id='word_1_205' title='bbox 1922 2979 1970 3033; x_wconf 87' lang='lat' dir='ltr'>si</span> 
     </span>
    </p>
   </div>
   <div class='ocr_carea' id='block_1_33' title="bbox 267 3067 1965 3138">
    <p class='ocr_par' dir='ltr' id='par_1_33' title="bbox 267 3067 1965 3138">
     <span class='ocr_line' id='line_1_34' title="bbox 267 3067 1965 3138; baseline -0.001 -17"><span class='ocrx_word' id='word_1_206' title='bbox 267 3068 588 3122; x_wconf 85' lang='lat' dir='ltr'>inebrietur</span> <span class='ocrx_word' id='word_1_207' title='bbox 625 3083 729 3138; x_wconf 88' lang='lat' dir='ltr'>per</span> <span class='ocrx_word' id='word_1_208' title='bbox 781 3067 1191 3137; x_wconf 80' lang='lat' dir='ltr'>ignorantiam,</span> <span class='ocrx_word' id='word_1_209' title='bbox 1245 3072 1463 3137; x_wconf 89' lang='lat' dir='ltr'>septem</span> <span class='ocrx_word' id='word_1_210' title='bbox 1511 3067 1630 3120; x_wconf 90' lang='lat' dir='ltr'>dies</span> <span class='ocrx_word' id='word_1_211' title='bbox 1673 3068 1965 3137; x_wconf 77' lang='lat' dir='ltr'>pmniteat,</span> 
     </span>
    </p>
   </div>
   <div class='ocr_carea' id='block_1_34' title="bbox 269 3154 1966 3226">
    <p class='ocr_par' dir='ltr' id='par_1_34' title="bbox 269 3154 1966 3226">
     <span class='ocr_line' id='line_1_35' title="bbox 269 3154 1966 3226; baseline -0.001 -16"><span class='ocrx_word' id='word_1_212' title='bbox 269 3157 328 3211; x_wconf 92' lang='lat' dir='ltr'>in</span> <span class='ocrx_word' id='word_1_213' title='bbox 377 3173 525 3226; x_wconf 89' lang='lat' dir='ltr'>pane</span> <span class='ocrx_word' id='word_1_214' title='bbox 583 3162 639 3209; x_wconf 89' lang='lat' dir='ltr'>et</span> <span class='ocrx_word' id='word_1_215' title='bbox 697 3173 879 3226; x_wconf 90' lang='lat' dir='ltr'>aqua;</span> <span class='ocrx_word' id='word_1_216' title='bbox 938 3157 985 3209; x_wconf 92' lang='lat' dir='ltr'>si</span> <span class='ocrx_word' id='word_1_217' title='bbox 1027 3172 1134 3225; x_wconf 86' lang='lat' dir='ltr'>per</span> <span class='ocrx_word' id='word_1_218' title='bbox 1177 3154 1608 3225; x_wconf 80' lang='lat' dir='ltr'>negligentiam,</span> <span class='ocrx_word' id='word_1_219' title='bbox 1682 3171 1751 3208; x_wconf 83' lang='lat' dir='ltr'>xv</span> <span class='ocrx_word' id='word_1_220' title='bbox 1817 3155 1966 3223; x_wconf 90' lang='lat' dir='ltr'>dies;</span> 
     </span>
    </p>
   </div>
   <div class='ocr_carea' id='block_1_35' title="bbox 269 3242 1966 3314">
    <p class='ocr_par' dir='ltr' id='par_1_35' title="bbox 269 3242 1966 3314">
     <span class='ocr_line' id='line_1_36' title="bbox 269 3242 1966 3314; baseline -0.001 -16"><span class='ocrx_word' id='word_1_221' title='bbox 269 3246 316 3298; x_wconf 87' lang='lat' dir='ltr'>si</span> <span class='ocrx_word' id='word_1_222' title='bbox 337 3261 441 3313; x_wconf 90' lang='lat' dir='ltr'>per</span> <span class='ocrx_word' id='word_1_223' title='bbox 471 3249 866 3313; x_wconf 89' lang='lat' dir='ltr'>contemptum</span> <span class='ocrx_word' id='word_1_224' title='bbox 897 3259 968 3297; x_wconf 84' lang='lat' dir='ltr'><strong>XL</strong></span> <span class='ocrx_word' id='word_1_225' title='bbox 997 3244 1138 3298; x_wconf 90' lang='lat' dir='ltr'>dies.</span> <span class='ocrx_word' id='word_1_226' title='bbox 1171 3242 1453 3296; x_wconf 90' lang='lat' dir='ltr'>Diaconus</span> <span class='ocrx_word' id='word_1_227' title='bbox 1503 3244 1594 3296; x_wconf 84' lang='lat' dir='ltr'>vel</span> <span class='ocrx_word' id='word_1_228' title='bbox 1632 3245 1966 3314; x_wconf 84' lang='lat' dir='ltr'>monachus,</span> 
     </span>
    </p>
   </div>
   <div class='ocr_carea' id='block_1_36' title="bbox 269 3331 1970 3402">
    <p class='ocr_par' dir='ltr' id='par_1_36' title="bbox 269 3331 1970 3402">
     <span class='ocr_line' id='line_1_37' title="bbox 269 3331 1970 3402; baseline 0 -18"><span class='ocrx_word' id='word_1_229' title='bbox 269 3331 584 3384; x_wconf 87' lang='lat' dir='ltr'>secundum</span> <span class='ocrx_word' id='word_1_230' title='bbox 614 3331 896 3396; x_wconf 89' lang='lat' dir='ltr'>ordinem,</span> <span class='ocrx_word' id='word_1_231' title='bbox 932 3335 992 3384; x_wconf 92' lang='lat' dir='ltr'>ut</span> <span class='ocrx_word' id='word_1_232' title='bbox 1040 3331 1316 3399; x_wconf 81' lang='lat' dir='ltr'>scriptun:</span> <span class='ocrx_word' id='word_1_233' title='bbox 1370 3336 1477 3398; x_wconf 88' lang='lat' dir='ltr'>est,</span> <span class='ocrx_word' id='word_1_234' title='bbox 1512 3346 1611 3383; x_wconf 92' lang='lat' dir='ltr'>seu</span> <span class='ocrx_word' id='word_1_235' title='bbox 1647 3335 1704 3383; x_wconf 91' lang='lat' dir='ltr'>et</span> <span class='ocrx_word' id='word_1_236' title='bbox 1759 3331 1970 3402; x_wconf 90' lang='lat' dir='ltr'>reliqui</span> 
     </span>
    </p>
   </div>
   <div class='ocr_carea' id='block_1_37' title="bbox 269 3418 1969 3490">
    <p class='ocr_par' dir='ltr' id='par_1_37' title="bbox 269 3418 1969 3490">
     <span class='ocr_line' id='line_1_38' title="bbox 269 3418 1969 3490; baseline 0.001 -18"><span class='ocrx_word' id='word_1_237' title='bbox 269 3419 479 3487; x_wconf 89' lang='lat' dir='ltr'>clerici,</span> <span class='ocrx_word' id='word_1_238' title='bbox 504 3425 561 3472; x_wconf 90' lang='lat' dir='ltr'>et</span> <span class='ocrx_word' id='word_1_239' title='bbox 592 3419 839 3473; x_wconf 88' lang='lat' dir='ltr'>ministri</span> <span class='ocrx_word' id='word_1_240' title='bbox 863 3421 1024 3490; x_wconf 86' lang='lat' dir='ltr'>juxta</span> <span class='ocrx_word' id='word_1_241' title='bbox 1075 3418 1358 3483; x_wconf 88' lang='lat' dir='ltr'>ordinem,</span> <span class='ocrx_word' id='word_1_242' title='bbox 1394 3419 1612 3488; x_wconf 84' lang='lat' dir='ltr'>judicio</span> <span class='ocrx_word' id='word_1_243' title='bbox 1661 3420 1969 3474; x_wconf 87' lang='lat' dir='ltr'>sacerdotis</span> 
     </span>
    </p>
   </div>
   <div class='ocr_carea' id='block_1_38' title="bbox 269 3507 1972 3579">
    <p class='ocr_par' dir='ltr' id='par_1_38' title="bbox 269 3507 1972 3579">
     <span class='ocr_line' id='line_1_39' title="bbox 269 3507 1972 3579; baseline 0.001 -17"><span class='ocrx_word' id='word_1_244' title='bbox 269 3507 604 3579; x_wconf 86' lang='lat' dir='ltr'>poeniteant.</span> <span class='ocrx_word' id='word_1_245' title='bbox 641 3507 791 3562; x_wconf 87' lang='lat' dir='ltr'>Laici</span> <span class='ocrx_word' id='word_1_246' title='bbox 813 3509 966 3562; x_wconf 90' lang='lat' dir='ltr'>velut</span> <span class='ocrx_word' id='word_1_247' title='bbox 993 3514 1120 3561; x_wconf 88' lang='lat' dir='ltr'>vota</span> <span class='ocrx_word' id='word_1_248' title='bbox 1151 3524 1266 3561; x_wconf 90' lang='lat' dir='ltr'>non</span> <span class='ocrx_word' id='word_1_249' title='bbox 1289 3507 1562 3561; x_wconf 88' lang='lat' dir='ltr'>habentes</span> <span class='ocrx_word' id='word_1_250' title='bbox 1595 3507 1644 3560; x_wconf 90' lang='lat' dir='ltr'>si</span> <span class='ocrx_word' id='word_1_251' title='bbox 1689 3507 1972 3563; x_wconf 89' lang='lat' dir='ltr'>inebrian-</span> 
     </span>
    </p>
   </div>
   <div class='ocr_carea' id='block_1_39' title="bbox 270 3596 1968 3667">
    <p class='ocr_par' dir='ltr' id='par_1_39' title="bbox 270 3596 1968 3667">
     <span class='ocr_line' id='line_1_40' title="bbox 270 3596 1968 3667; baseline 0.001 -17"><span class='ocrx_word' id='word_1_252' title='bbox 270 3602 384 3663; x_wconf 90' lang='lat' dir='ltr'>tur,</span> <span class='ocrx_word' id='word_1_253' title='bbox 431 3602 749 3666; x_wconf 82' lang='lat' dir='ltr'>arguantur</span> <span class='ocrx_word' id='word_1_254' title='bbox 800 3614 832 3650; x_wconf 90' lang='lat' dir='ltr'>a</span> <span class='ocrx_word' id='word_1_255' title='bbox 887 3597 1195 3661; x_wconf 85' lang='lat' dir='ltr'>sacerdote,</span> <span class='ocrx_word' id='word_1_256' title='bbox 1257 3596 1410 3667; x_wconf 89' lang='lat' dir='ltr'>quod</span> <span class='ocrx_word' id='word_1_257' title='bbox 1461 3596 1670 3650; x_wconf 89' lang='lat' dir='ltr'>ebriosi</span> <span class='ocrx_word' id='word_1_258' title='bbox 1726 3613 1968 3667; x_wconf 77' lang='lat' dir='ltr'>regnum</span> 
     </span>
    </p>
   </div>
   <div class='ocr_carea' id='block_1_40' title="bbox 273 3684 1972 3756">
    <p class='ocr_par' dir='ltr' id='par_1_40' title="bbox 273 3684 1972 3756">
     <span class='ocr_line' id='line_1_41' title="bbox 273 3684 1972 3756; baseline 0.001 -16"><span class='ocrx_word' id='word_1_259' title='bbox 273 3687 372 3740; x_wconf 90' lang='lat' dir='ltr'>Dei</span> <span class='ocrx_word' id='word_1_260' title='bbox 416 3702 535 3739; x_wconf 92' lang='lat' dir='ltr'>non</span> <span class='ocrx_word' id='word_1_261' title='bbox 590 3686 987 3756; x_wconf 90' lang='lat' dir='ltr'>possidebunt,</span> <span class='ocrx_word' id='word_1_262' title='bbox 1039 3693 1095 3740; x_wconf 89' lang='lat' dir='ltr'>et</span> <span class='ocrx_word' id='word_1_263' title='bbox 1145 3684 1412 3738; x_wconf 91' lang='lat' dir='ltr'>interitus</span> <span class='ocrx_word' id='word_1_264' title='bbox 1467 3685 1539 3738; x_wconf 91' lang='lat' dir='ltr'>sit</span> <span class='ocrx_word' id='word_1_265' title='bbox 1596 3686 1860 3753; x_wconf 84' lang='lat' dir='ltr'>ebrietas,</span> <span class='ocrx_word' id='word_1_266' title='bbox 1917 3692 1972 3742; x_wconf 91' lang='lat' dir='ltr'>et</span> 
     </span>
    </p>
   </div>
   <div class='ocr_carea' id='block_1_41' title="bbox 269 3773 1970 3844">
    <p class='ocr_par' dir='ltr' id='par_1_41' title="bbox 269 3773 1970 3844">
     <span class='ocr_line' id='line_1_42' title="bbox 269 3773 1970 3844; baseline 0.001 -17"><span class='ocrx_word' id='word_1_267' title='bbox 269 3775 574 3844; x_wconf 89' lang='lat' dir='ltr'>compellat</span> <span class='ocrx_word' id='word_1_268' title='bbox 605 3791 701 3827; x_wconf 91' lang='lat' dir='ltr'>eos</span> <span class='ocrx_word' id='word_1_269' title='bbox 736 3774 1032 3843; x_wconf 78' lang='lat' dir='ltr'>pmuitere.</span> <span class='ocrx_word' id='word_1_270' title='bbox 1071 3773 1178 3838; x_wconf 86' lang='lat' dir='ltr'>Qui</span> <span class='ocrx_word' id='word_1_271' title='bbox 1208 3773 1358 3844; x_wconf 85' lang='lat' dir='ltr'>cogit</span> <span class='ocrx_word' id='word_1_272' title='bbox 1405 3773 1699 3827; x_wconf 86' lang='lat' dir='ltr'>hominem</span> <span class='ocrx_word' id='word_1_273' title='bbox 1752 3781 1813 3827; x_wconf 89' lang='lat' dir='ltr'>ut</span> <span class='ocrx_word' id='word_1_274' title='bbox 1876 3775 1970 3828; x_wconf 91' lang='lat' dir='ltr'>in-</span> 
     </span>
    </p>
   </div>
   <div class='ocr_carea' id='block_1_42' title="bbox 270 3862 1967 3933">
    <p class='ocr_par' dir='ltr' id='par_1_42' title="bbox 270 3862 1967 3933">
     <span class='ocr_line' id='line_1_43' title="bbox 270 3862 1967 3933; baseline 0 -17"><span class='ocrx_word' id='word_1_275' title='bbox 270 3863 522 3916; x_wconf 90' lang='lat' dir='ltr'>ebrietur</span> <span class='ocrx_word' id='word_1_276' title='bbox 542 3863 915 3916; x_wconf 85' lang='lat' dir='ltr'>humanitatis</span> <span class='ocrx_word' id='word_1_277' title='bbox 967 3862 1169 3932; x_wconf 86' lang='lat' dir='ltr'>gratia,</span> <span class='ocrx_word' id='word_1_278' title='bbox 1237 3863 1544 3916; x_wconf 87' lang='lat' dir='ltr'>accerrime</span> <span class='ocrx_word' id='word_1_279' title='bbox 1603 3863 1967 3933; x_wconf 88' lang='lat' dir='ltr'>corripiatur,</span> 
     </span>
    </p>
   </div>
   <div class='ocr_carea' id='block_1_43' title="bbox 271 3950 1971 4021">
    <p class='ocr_par' dir='ltr' id='par_1_43' title="bbox 271 3950 1971 4021">
     <span class='ocr_line' id='line_1_44' title="bbox 271 3950 1971 4021; baseline 0.001 -17"><span class='ocrx_word' id='word_1_280' title='bbox 271 3956 326 4004; x_wconf 92' lang='lat' dir='ltr'>et</span> <span class='ocrx_word' id='word_1_281' title='bbox 395 3968 468 4004; x_wconf 83' lang='lat' dir='ltr'>vn</span> <span class='ocrx_word' id='word_1_282' title='bbox 553 3951 674 4004; x_wconf 88' lang='lat' dir='ltr'>dies</span> <span class='ocrx_word' id='word_1_283' title='bbox 741 3951 1051 4019; x_wconf 79' lang='lat' dir='ltr'>pmniteat;</span> <span class='ocrx_word' id='word_1_284' title='bbox 1109 3950 1155 4002; x_wconf 81' lang='lat' dir='ltr'>si</span> <span class='ocrx_word' id='word_1_285' title='bbox 1203 3967 1305 4021; x_wconf 90' lang='lat' dir='ltr'>per</span> <span class='ocrx_word' id='word_1_286' title='bbox 1360 3955 1772 4020; x_wconf 88' lang='lat' dir='ltr'>contemptum,</span> <span class='ocrx_word' id='word_1_287' title='bbox 1862 3969 1971 4006; x_wconf 81' lang='lat' dir='ltr'>xxx</span> 
     </span>
    </p>
   </div>
   <div class='ocr_carea' id='block_1_44' title="bbox 269 4037 1968 4108">
    <p class='ocr_par' dir='ltr' id='par_1_44' title="bbox 269 4037 1968 4108">
     <span class='ocr_line' id='line_1_45' title="bbox 269 4037 1968 4108; baseline 0 -16"><span class='ocrx_word' id='word_1_288' title='bbox 269 4038 410 4092; x_wconf 89' lang='lat' dir='ltr'>dies.</span> <span class='ocrx_word' id='word_1_289' title='bbox 447 4039 646 4092; x_wconf 86' lang='lat' dir='ltr'>Nullus</span> <span class='ocrx_word' id='word_1_290' title='bbox 674 4038 1032 4093; x_wconf 88' lang='lat' dir='ltr'>Christianus</span> <span class='ocrx_word' id='word_1_291' title='bbox 1062 4037 1237 4091; x_wconf 90' lang='lat' dir='ltr'>alium</span> <span class='ocrx_word' id='word_1_292' title='bbox 1284 4038 1668 4092; x_wconf 87' lang='lat' dir='ltr'>Christianum</span> <span class='ocrx_word' id='word_1_293' title='bbox 1718 4040 1847 4108; x_wconf 87' lang='lat' dir='ltr'>plus</span> <span class='ocrx_word' id='word_1_294' title='bbox 1878 4039 1968 4092; x_wconf 82' lang='lat' dir='ltr'>bi-</span> 
     </span>
    </p>
   </div>
   <div class='ocr_carea' id='block_1_45' title="bbox 272 4125 2040 4216">
    <p class='ocr_par' dir='ltr' id='par_1_45' title="bbox 272 4125 2040 4216">
     <span class='ocr_line' id='line_1_46' title="bbox 272 4125 2040 4216; baseline 0.001 -37"><span class='ocrx_word' id='word_1_295' title='bbox 272 4128 406 4216; x_wconf 83' lang='lat' dir='ltr'>bere</span> <span class='ocrx_word' id='word_1_296' title='bbox 455 4133 623 4216; x_wconf 83' lang='lat' dir='ltr'>cogat</span> <span class='ocrx_word' id='word_1_297' title='bbox 671 4143 843 4216; x_wconf 87' lang='lat' dir='ltr'>quam</span> <span class='ocrx_word' id='word_1_298' title='bbox 867 4125 1401 4216; x_wconf 54' lang='lat' dir='ltr'>naturarsufficiat.</span> <span class='ocrx_word' id='word_1_299' title='bbox 1458 4127 1617 4190; x_wconf 89' lang='lat' dir='ltr'>Quod</span> <span class='ocrx_word' id='word_1_300' title='bbox 1661 4126 1709 4216; x_wconf 83' lang='lat' dir='ltr'>si</span> <span class='ocrx_word' id='word_1_301' title='bbox 1752 4128 1966 4194; x_wconf 88' lang='lat' dir='ltr'>fecerit,</span> <span class='ocrx_word' id='word_1_302' title='bbox 1997 4164 2040 4216; x_wconf 69' lang='grc' dir='ltr'>Β</span> 
     </span>
    </p>
   </div>
   <div class='ocr_carea' id='block_1_46' title="bbox 266 4214 1824 4286">
    <p class='ocr_par' dir='ltr' id='par_1_46' title="bbox 266 4214 1824 4286">
     <span class='ocr_line' id='line_1_47' title="bbox 266 4214 1824 4286; baseline 0.001 -18"><span class='ocrx_word' id='word_1_303' title='bbox 266 4215 432 4284; x_wconf 83' lang='lat' dir='ltr'>juxta</span> <span class='ocrx_word' id='word_1_304' title='bbox 460 4215 518 4269; x_wconf 91' lang='lat' dir='ltr'>id</span> <span class='ocrx_word' id='word_1_305' title='bbox 550 4216 702 4286; x_wconf 89' lang='lat' dir='ltr'>quod</span> <span class='ocrx_word' id='word_1_306' title='bbox 733 4215 792 4268; x_wconf 91' lang='lat' dir='ltr'>in</span> <span class='ocrx_word' id='word_1_307' title='bbox 826 4214 1207 4285; x_wconf 89' lang='lat' dir='ltr'>poenitentiali</span> <span class='ocrx_word' id='word_1_308' title='bbox 1236 4214 1496 4282; x_wconf 86' lang='lat' dir='ltr'>habetur,</span> <span class='ocrx_word' id='word_1_309' title='bbox 1530 4214 1824 4285; x_wconf 88' lang='lat' dir='ltr'>poeniteat.</span> 
     </span>
    </p>
   </div>
   <div class='ocr_carea' id='block_1_47' title="bbox 735 4301 1509 4356">
    <p class='ocr_par' dir='ltr' id='par_1_47' title="bbox 735 4301 1509 4356">
     <span class='ocr_line' id='line_1_48' title="bbox 735 4301 1509 4356; baseline 0 0"><span class='ocrx_word' id='word_1_310' title='bbox 735 4303 862 4356; x_wconf 79' lang='lat' dir='ltr'>CAP.</span> <span class='ocrx_word' id='word_1_311' title='bbox 901 4303 984 4356; x_wconf 86' lang='lat' dir='ltr'>IX.</span> <span class='ocrx_word' id='word_1_312' title='bbox 1017 4332 1087 4341; x_wconf 90' lang='lat'>—-</span> <span class='ocrx_word' id='word_1_313' title='bbox 1123 4305 1190 4356; x_wconf 91' lang='lat' dir='ltr'>De</span> <span class='ocrx_word' id='word_1_314' title='bbox 1215 4301 1399 4356; x_wconf 85' lang='lat' dir='ltr'>eadem</span> <span class='ocrx_word' id='word_1_315' title='bbox 1433 4318 1509 4356; x_wconf 88' lang='lat' dir='ltr'>re.</span> 
     </span>
    </p>
   </div>
   <div class='ocr_carea' id='block_1_48' title="bbox 345 4390 1972 4461">
    <p class='ocr_par' dir='ltr' id='par_1_48' title="bbox 345 4390 1972 4461">
     <span class='ocr_line' id='line_1_49' title="bbox 345 4390 1972 4461; baseline 0.002 -18"><span class='ocrx_word' id='word_1_316' title='bbox 345 4391 458 4459; x_wconf 74' lang='lat' dir='ltr'>(Ea:</span> <span class='ocrx_word' id='word_1_317' title='bbox 481 4390 641 4444; x_wconf 88' lang='lat' dir='ltr'>dictis</span> <span class='ocrx_word' id='word_1_318' title='bbox 680 4391 967 4444; x_wconf 81' lang='lat' dir='ltr'>Fructuosi</span> <span class='ocrx_word' id='word_1_319' title='bbox 1014 4393 1295 4459; x_wconf 78' lang='lat' dir='ltr'>episcopi.)</span> <span class='ocrx_word' id='word_1_320' title='bbox 1327 4390 1385 4444; x_wconf 93' lang='lat' dir='ltr'>Si</span> <span class='ocrx_word' id='word_1_321' title='bbox 1432 4390 1559 4461; x_wconf 89' lang='lat' dir='ltr'>quis</span> <span class='ocrx_word' id='word_1_322' title='bbox 1598 4391 1972 4446; x_wconf 87' lang='lat' dir='ltr'>ecclesiastica</span> 
     </span>
    </p>
   </div>
   <div class='ocr_carea' id='block_1_49' title="bbox 273 4477 1974 4550">
    <p class='ocr_par' dir='ltr' id='par_1_49' title="bbox 273 4477 1974 4550">
     <span class='ocr_line' id='line_1_50' title="bbox 273 4477 1974 4550; baseline 0.003 -19"><span class='ocrx_word' id='word_1_323' title='bbox 273 4479 548 4550; x_wconf 63' lang='lat' dir='ltr'>praeditus</span> <span class='ocrx_word' id='word_1_324' title='bbox 572 4477 954 4545; x_wconf 88' lang='lat' dir='ltr'>ordinatione,</span> <span class='ocrx_word' id='word_1_325' title='bbox 1017 4483 1116 4532; x_wconf 89' lang='lat' dir='ltr'>aut</span> <span class='ocrx_word' id='word_1_326' title='bbox 1165 4480 1477 4533; x_wconf 88' lang='lat' dir='ltr'>monachus</span> <span class='ocrx_word' id='word_1_327' title='bbox 1517 4486 1777 4550; x_wconf 90' lang='lat' dir='ltr'>repertus</span> <span class='ocrx_word' id='word_1_328' title='bbox 1799 4482 1974 4536; x_wconf 89' lang='lat' dir='ltr'>fuerit</span> 
     </span>
    </p>
   </div>
   <div class='ocr_carea' id='block_1_50' title="bbox 273 4567 1971 4638">
    <p class='ocr_par' dir='ltr' id='par_1_50' title="bbox 273 4567 1971 4638">
     <span class='ocr_line' id='line_1_51' title="bbox 273 4567 1971 4638; baseline 0.001 -16"><span class='ocrx_word' id='word_1_329' title='bbox 273 4567 555 4635; x_wconf 89' lang='lat' dir='ltr'>ebriosus,</span> <span class='ocrx_word' id='word_1_330' title='bbox 598 4568 659 4621; x_wconf 94' lang='lat' dir='ltr'>in</span> <span class='ocrx_word' id='word_1_331' title='bbox 707 4584 856 4638; x_wconf 90' lang='lat' dir='ltr'>pane</span> <span class='ocrx_word' id='word_1_332' title='bbox 905 4574 961 4621; x_wconf 86' lang='lat' dir='ltr'>et</span> <span class='ocrx_word' id='word_1_333' title='bbox 1012 4585 1162 4638; x_wconf 90' lang='lat' dir='ltr'>aqua</span> <span class='ocrx_word' id='word_1_334' title='bbox 1211 4568 1392 4622; x_wconf 90' lang='lat' dir='ltr'>tribus</span> <span class='ocrx_word' id='word_1_335' title='bbox 1431 4569 1705 4638; x_wconf 69' lang='lat' dir='ltr'>poeniteat</span> <span class='ocrx_word' id='word_1_336' title='bbox 1759 4571 1971 4625; x_wconf 92' lang='lat' dir='ltr'>mensi-</span> 
     </span>
    </p>
   </div>
   <div class='ocr_carea' id='block_1_51' title="bbox 273 4658 396 4713">
    <p class='ocr_par' dir='ltr' id='par_1_51' title="bbox 273 4658 396 4713">
     <span class='ocr_line' id='line_1_52' title="bbox 273 4658 396 4713; baseline -0.024 0"><span class='ocrx_word' id='word_1_337' title='bbox 273 4658 396 4713; x_wconf 90' lang='lat' dir='ltr'>bus.</span> 
     </span>
    </p>
   </div>
   <div class='ocr_carea' id='block_1_52' title="bbox 745 4745 1496 4799">
    <p class='ocr_par' dir='ltr' id='par_1_52' title="bbox 745 4745 1496 4799">
     <span class='ocr_line' id='line_1_53' title="bbox 745 4745 1496 4799; baseline 0.001 -1"><span class='ocrx_word' id='word_1_338' title='bbox 745 4745 872 4798; x_wconf 59' lang='lat' dir='ltr'>Car.</span> <span class='ocrx_word' id='word_1_339' title='bbox 909 4745 971 4798; x_wconf 86' lang='grc' dir='ltr'>Χ.</span> <span class='ocrx_word' id='word_1_340' title='bbox 999 4773 1064 4784; x_wconf 89' lang='grc'><strong><em>-</em></strong></span> <span class='ocrx_word' id='word_1_341' title='bbox 1097 4745 1177 4798; x_wconf 91' lang='lat' dir='ltr'>De</span> <span class='ocrx_word' id='word_1_342' title='bbox 1206 4745 1389 4799; x_wconf 87' lang='lat' dir='ltr'>eadem</span> <span class='ocrx_word' id='word_1_343' title='bbox 1419 4761 1496 4799; x_wconf 86' lang='lat' dir='ltr'>re.</span> 
     </span>
    </p>
   </div>
   <div class='ocr_carea' id='block_1_53' title="bbox 343 4834 1969 4907">
    <p class='ocr_par' dir='ltr' id='par_1_53' title="bbox 343 4834 1969 4907">
     <span class='ocr_line' id='line_1_54' title="bbox 343 4834 1969 4907; baseline -0.001 -17"><span class='ocrx_word' id='word_1_344' title='bbox 343 4835 452 4907; x_wconf 76' lang='lat' dir='ltr'>(Ea:</span> <span class='ocrx_word' id='word_1_345' title='bbox 507 4834 619 4888; x_wconf 85' lang='lat' dir='ltr'>dec.</span> <span class='ocrx_word' id='word_1_346' title='bbox 678 4835 952 4901; x_wconf 82' lang='lat' dir='ltr'>Eutychia</span> <span class='ocrx_word' id='word_1_347' title='bbox 1001 4849 1182 4903; x_wconf 74' lang='lat' dir='ltr'>papae,</span> <span class='ocrx_word' id='word_1_348' title='bbox 1254 4837 1430 4903; x_wconf 83' lang='lat' dir='ltr'>capite</span> <span class='ocrx_word' id='word_1_349' title='bbox 1489 4836 1598 4902; x_wconf 81' lang='lat' dir='ltr'>t3.)</span> <span class='ocrx_word' id='word_1_350' title='bbox 1650 4834 1969 4889; x_wconf 87' lang='lat' dir='ltr'>Observan-</span> 
     </span>
    </p>
   </div>
   <div class='ocr_carea' id='block_1_54' title="bbox 272 4921 1970 4988">
    <p class='ocr_par' dir='ltr' id='par_1_54' title="bbox 272 4921 1970 4988">
     <span class='ocr_line' id='line_1_55' title="bbox 272 4921 1970 4988; baseline 0.002 -14"><span class='ocrx_word' id='word_1_351' title='bbox 272 4921 409 4975; x_wconf 91' lang='lat' dir='ltr'>dum</span> <span class='ocrx_word' id='word_1_352' title='bbox 442 4927 526 4976; x_wconf 89' lang='lat' dir='ltr'>est</span> <span class='ocrx_word' id='word_1_353' title='bbox 554 4921 733 4988; x_wconf 90' lang='lat' dir='ltr'>vobis,</span> <span class='ocrx_word' id='word_1_354' title='bbox 767 4925 832 4974; x_wconf 91' lang='lat' dir='ltr'>ut</span> <span class='ocrx_word' id='word_1_355' title='bbox 893 4925 949 4974; x_wconf 93' lang='lat' dir='ltr'>et</span> <span class='ocrx_word' id='word_1_356' title='bbox 1005 4937 1103 4974; x_wconf 85' lang='lat' dir='ltr'>vos</span> <span class='ocrx_word' id='word_1_357' title='bbox 1159 4922 1230 4974; x_wconf 91' lang='lat' dir='ltr'>ab</span> <span class='ocrx_word' id='word_1_358' title='bbox 1281 4922 1556 4976; x_wconf 87' lang='lat' dir='ltr'>ebrietate</span> <span class='ocrx_word' id='word_1_359' title='bbox 1615 4923 1970 4986; x_wconf 88' lang='lat' dir='ltr'>abstineatis,</span> 
     </span>
    </p>
   </div>
   <div class='ocr_carea' id='block_1_55' title="bbox 272 5008 1971 5079">
    <p class='ocr_par' dir='ltr' id='par_1_55' title="bbox 272 5008 1971 5079">
     <span class='ocr_line' id='line_1_56' title="bbox 272 5008 1971 5079; baseline 0.001 -18"><span class='ocrx_word' id='word_1_360' title='bbox 272 5015 327 5061; x_wconf 90' lang='lat' dir='ltr'>et</span> <span class='ocrx_word' id='word_1_361' title='bbox 357 5015 422 5062; x_wconf 91' lang='lat' dir='ltr'>ut</span> <span class='ocrx_word' id='word_1_362' title='bbox 448 5010 645 5079; x_wconf 89' lang='lat' dir='ltr'>plebes</span> <span class='ocrx_word' id='word_1_363' title='bbox 695 5009 938 5063; x_wconf 67' lang='lat' dir='ltr'>sudditm</span> <span class='ocrx_word' id='word_1_364' title='bbox 987 5008 1328 5076; x_wconf 86' lang='lat' dir='ltr'>abstineant,</span> <span class='ocrx_word' id='word_1_365' title='bbox 1373 5009 1712 5078; x_wconf 65' lang='lat' dir='ltr'>praedicetis.</span> <span class='ocrx_word' id='word_1_366' title='bbox 1756 5011 1820 5063; x_wconf 89' lang='lat' dir='ltr'>Et</span> <span class='ocrx_word' id='word_1_367' title='bbox 1870 5026 1971 5064; x_wconf 90' lang='lat' dir='ltr'>ne-</span> 
     </span>
    </p>
   </div>
   <div class='ocr_carea' id='block_1_56' title="bbox 274 5096 1973 5166">
    <p class='ocr_par' dir='ltr' id='par_1_56' title="bbox 274 5096 1973 5166">
     <span class='ocr_line' id='line_1_57' title="bbox 274 5096 1973 5166; baseline 0.002 -18"><span class='ocrx_word' id='word_1_368' title='bbox 274 5112 385 5166; x_wconf 92' lang='lat' dir='ltr'>que</span> <span class='ocrx_word' id='word_1_369' title='bbox 416 5113 517 5166; x_wconf 92' lang='lat' dir='ltr'>per</span> <span class='ocrx_word' id='word_1_370' title='bbox 541 5098 806 5152; x_wconf 85' lang='lat' dir='ltr'>tabernas</span> <span class='ocrx_word' id='word_1_371' title='bbox 837 5097 978 5151; x_wconf 89' lang='lat' dir='ltr'>eatis</span> <span class='ocrx_word' id='word_1_372' title='bbox 1007 5096 1278 5164; x_wconf 89' lang='lat' dir='ltr'>bibendo,</span> <span class='ocrx_word' id='word_1_373' title='bbox 1313 5103 1412 5150; x_wconf 92' lang='lat' dir='ltr'>aut</span> <span class='ocrx_word' id='word_1_374' title='bbox 1457 5098 1834 5160; x_wconf 89' lang='lat' dir='ltr'>comedendo,</span> <span class='ocrx_word' id='word_1_375' title='bbox 1878 5115 1973 5152; x_wconf 90' lang='lat' dir='ltr'>ne-</span> 
     </span>
    </p>
   </div>
   <div class='ocr_carea' id='block_1_57' title="bbox 273 5185 1967 5256">
    <p class='ocr_par' dir='ltr' id='par_1_57' title="bbox 273 5185 1967 5256">
     <span class='ocr_line' id='line_1_58' title="bbox 273 5185 1967 5256; baseline 0.002 -20"><span class='ocrx_word' id='word_1_376' title='bbox 273 5201 384 5255; x_wconf 89' lang='lat' dir='ltr'>que</span> <span class='ocrx_word' id='word_1_377' title='bbox 412 5185 632 5252; x_wconf 90' lang='lat' dir='ltr'>domos,</span> <span class='ocrx_word' id='word_1_378' title='bbox 660 5191 758 5240; x_wconf 88' lang='lat' dir='ltr'>aut</span> <span class='ocrx_word' id='word_1_379' title='bbox 786 5187 936 5239; x_wconf 90' lang='lat' dir='ltr'>vicos</span> <span class='ocrx_word' id='word_1_380' title='bbox 967 5185 1298 5239; x_wconf 89' lang='lat' dir='ltr'>curiositate</span> <span class='ocrx_word' id='word_1_381' title='bbox 1347 5187 1604 5256; x_wconf 90' lang='lat' dir='ltr'>qualibet</span> <span class='ocrx_word' id='word_1_382' title='bbox 1631 5188 1967 5256; x_wconf 87' lang='lat' dir='ltr'>peragretis,</span> 
     </span>
    </p>
   </div>
   <div class='ocr_carea' id='block_1_58' title="bbox 274 5265 1972 5345">
    <p class='ocr_par' dir='ltr' id='par_1_58' title="bbox 274 5265 1972 5345">
     <span class='ocr_line' id='line_1_59' title="bbox 274 5265 1972 5345; baseline 0.001 -19"><span class='ocrx_word' id='word_1_383' title='bbox 274 5288 460 5342; x_wconf 88' lang='lat' dir='ltr'>neque</span> <span class='ocrx_word' id='word_1_384' title='bbox 491 5289 621 5326; x_wconf 90' lang='lat' dir='ltr'>cum</span> <span class='ocrx_word' id='word_1_385' title='bbox 674 5265 942 5340; x_wconf 62' lang='lat' dir='ltr'>feminis,</span> <span class='ocrx_word' id='word_1_386' title='bbox 986 5279 1084 5328; x_wconf 89' lang='lat' dir='ltr'>aut</span> <span class='ocrx_word' id='word_1_387' title='bbox 1113 5290 1241 5328; x_wconf 91' lang='lat' dir='ltr'>cum</span> <span class='ocrx_word' id='word_1_388' title='bbox 1304 5275 1657 5345; x_wconf 88' lang='lat' dir='ltr'>quibuslibet</span> <span class='ocrx_word' id='word_1_389' title='bbox 1711 5276 1972 5345; x_wconf 89' lang='lat' dir='ltr'>personis</span> 
     </span>
    </p>
   </div>
   <div class='ocr_carea' id='block_1_59' title="bbox 273 5359 1972 5432">
    <p class='ocr_par' dir='ltr' id='par_1_59' title="bbox 273 5359 1972 5432">
     <span class='ocr_line' id='line_1_60' title="bbox 273 5359 1972 5432; baseline 0.002 -20"><span class='ocrx_word' id='word_1_390' title='bbox 273 5359 516 5430; x_wconf 86' lang='lat' dir='ltr'>impuris</span> <span class='ocrx_word' id='word_1_391' title='bbox 569 5361 826 5415; x_wconf 88' lang='lat' dir='ltr'>convivia</span> <span class='ocrx_word' id='word_1_392' title='bbox 853 5362 1184 5428; x_wconf 85' lang='lat' dir='ltr'>exerceatis,</span> <span class='ocrx_word' id='word_1_393' title='bbox 1219 5361 1330 5415; x_wconf 85' lang='lat' dir='ltr'>nisi</span> <span class='ocrx_word' id='word_1_394' title='bbox 1385 5362 1531 5415; x_wconf 89' lang='lat' dir='ltr'>forte</span> <span class='ocrx_word' id='word_1_395' title='bbox 1562 5363 1972 5432; x_wconf 83' lang='lat' dir='ltr'>paterfamilias</span> 
     </span>
    </p>
   </div>
   <div class='ocr_carea' id='block_1_60' title="bbox 274 5448 1973 5519">
    <p class='ocr_par' dir='ltr' id='par_1_60' title="bbox 274 5448 1973 5519">
     <span class='ocr_line' id='line_1_61' title="bbox 274 5448 1973 5519; baseline 0.004 -20"><span class='ocrx_word' id='word_1_396' title='bbox 274 5448 517 5519; x_wconf 78' lang='lat' dir='ltr'>quilibet</span> <span class='ocrx_word' id='word_1_397' title='bbox 556 5465 654 5501; x_wconf 90' lang='lat' dir='ltr'>vos</span> <span class='ocrx_word' id='word_1_398' title='bbox 714 5449 783 5502; x_wconf 86' lang='lat' dir='ltr'>ad</span> <span class='ocrx_word' id='word_1_399' title='bbox 841 5450 1078 5504; x_wconf 91' lang='lat' dir='ltr'>domum</span> <span class='ocrx_word' id='word_1_400' title='bbox 1136 5468 1297 5504; x_wconf 87' lang='lat' dir='ltr'>suam</span> <span class='ocrx_word' id='word_1_401' title='bbox 1336 5451 1680 5518; x_wconf 84' lang='lat' dir='ltr'>invitaverit,</span> <span class='ocrx_word' id='word_1_402' title='bbox 1737 5458 1792 5505; x_wconf 90' lang='lat' dir='ltr'>et</span> <span class='ocrx_word' id='word_1_403' title='bbox 1842 5468 1973 5505; x_wconf 88' lang='lat' dir='ltr'>cum</span> 
     </span>
    </p>
   </div>
   <div class='ocr_carea' id='block_1_61' title="bbox 1999 2882 2526 2960">
    <p class='ocr_par' dir='ltr' id='par_1_61' title="bbox 1999 2882 2526 2960">
     <span class='ocr_line' id='line_1_62' title="bbox 1999 2882 2526 2960; baseline -0.004 -14"><span class='ocrx_word' id='word_1_404' title='bbox 1999 2882 2039 2937; x_wconf 64' lang='grc' dir='ltr'>(ἶ</span> <span class='ocrx_word' id='word_1_405' title='bbox 2078 2890 2477 2960; x_wconf 74' lang='lat' dir='ltr'>pmnitentiam</span> <span class='ocrx_word' id='word_1_406' title='bbox 2515 2905 2526 2944; x_wconf 94' lang='lat'>:</span> 
     </span>
    </p>
   </div>
   <div class='ocr_carea' id='block_1_62' title="bbox 2077 411 3749 486">
    <p class='ocr_par' dir='ltr' id='par_1_62' title="bbox 2077 411 3749 486">
     <span class='ocr_line' id='line_1_63' title="bbox 2077 411 3749 486; baseline 0.002 -21"><span class='ocrx_word' id='word_1_407' title='bbox 2077 411 2279 476; x_wconf 84' lang='lat' dir='ltr'>laetari,</span> <span class='ocrx_word' id='word_1_408' title='bbox 2308 415 2365 463; x_wconf 88' lang='lat' dir='ltr'>et</span> <span class='ocrx_word' id='word_1_409' title='bbox 2417 411 2721 464; x_wconf 89' lang='lat' dir='ltr'>verborum</span> <span class='ocrx_word' id='word_1_410' title='bbox 2771 417 3092 466; x_wconf 87' lang='lat' dir='ltr'>vestrorum</span> <span class='ocrx_word' id='word_1_411' title='bbox 3135 413 3508 467; x_wconf 85' lang='lat' dir='ltr'>refectionem</span> <span class='ocrx_word' id='word_1_412' title='bbox 3554 416 3749 486; x_wconf 87' lang='lat' dir='ltr'>accipe-</span> 
     </span>
    </p>
   </div>
   <div class='ocr_carea' id='block_1_63' title="bbox 2078 499 3752 567">
    <p class='ocr_par' dir='ltr' id='par_1_63' title="bbox 2078 499 3752 567">
     <span class='ocr_line' id='line_1_64' title="bbox 2078 499 3752 567; baseline 0.003 -14"><span class='ocrx_word' id='word_1_413' title='bbox 2078 517 2157 567; x_wconf 88' lang='lat' dir='ltr'>re,</span> <span class='ocrx_word' id='word_1_414' title='bbox 2192 505 2246 554; x_wconf 90' lang='lat' dir='ltr'>et</span> <span class='ocrx_word' id='word_1_415' title='bbox 2284 499 2446 552; x_wconf 89' lang='lat' dir='ltr'>vobis</span> <span class='ocrx_word' id='word_1_416' title='bbox 2499 499 2866 554; x_wconf 73' lang='lat' dir='ltr'>refectionem</span> <span class='ocrx_word' id='word_1_417' title='bbox 2913 503 3198 555; x_wconf 89' lang='lat' dir='ltr'>carnalem</span> <span class='ocrx_word' id='word_1_418' title='bbox 3253 502 3547 556; x_wconf 83' lang='lat' dir='ltr'>charitatis</span> <span class='ocrx_word' id='word_1_419' title='bbox 3588 505 3752 558; x_wconf 74' lang='lat' dir='ltr'>officio</span> 
     </span>
    </p>
   </div>
   <div class='ocr_carea' id='block_1_64' title="bbox 2077 588 3755 661">
    <p class='ocr_par' dir='ltr' id='par_1_64' title="bbox 2077 588 3755 661">
     <span class='ocr_line' id='line_1_65' title="bbox 2077 588 3755 661; baseline 0.002 -19"><span class='ocrx_word' id='word_1_420' title='bbox 2077 589 2362 642; x_wconf 86' lang='lat' dir='ltr'>exhibere.</span> <span class='ocrx_word' id='word_1_421' title='bbox 2411 589 2648 658; x_wconf 89' lang='lat' dir='ltr'>Oportet</span> <span class='ocrx_word' id='word_1_422' title='bbox 2675 588 2852 656; x_wconf 90' lang='lat' dir='ltr'>enim,</span> <span class='ocrx_word' id='word_1_423' title='bbox 2882 595 2948 643; x_wconf 88' lang='lat' dir='ltr'>ut</span> <span class='ocrx_word' id='word_1_424' title='bbox 2977 590 3023 642; x_wconf 90' lang='lat' dir='ltr'>si</span> <span class='ocrx_word' id='word_1_425' title='bbox 3077 590 3309 659; x_wconf 88' lang='lat' dir='ltr'>quando</span> <span class='ocrx_word' id='word_1_426' title='bbox 3349 591 3591 661; x_wconf 90' lang='lat' dir='ltr'>quilibet</span> <span class='ocrx_word' id='word_1_427' title='bbox 3640 593 3755 646; x_wconf 88' lang='lat' dir='ltr'>Iide-</span> 
     </span>
    </p>
   </div>
   <div class='ocr_carea' id='block_1_65' title="bbox 2075 676 3754 748">
    <p class='ocr_par' dir='ltr' id='par_1_65' title="bbox 2075 676 3754 748">
     <span class='ocr_line' id='line_1_66' title="bbox 2075 676 3754 748; baseline 0.002 -17"><span class='ocrx_word' id='word_1_428' title='bbox 2075 677 2239 743; x_wconf 91' lang='lat' dir='ltr'>lium,</span> <span class='ocrx_word' id='word_1_429' title='bbox 2273 676 2598 730; x_wconf 86' lang='lat' dir='ltr'>carnalibus</span> <span class='ocrx_word' id='word_1_430' title='bbox 2645 692 2745 729; x_wconf 90' lang='lat' dir='ltr'>vos</span> <span class='ocrx_word' id='word_1_431' title='bbox 2776 676 2955 731; x_wconf 83' lang='lat' dir='ltr'>reﬁcit</span> <span class='ocrx_word' id='word_1_432' title='bbox 3011 677 3216 748; x_wconf 90' lang='lat' dir='ltr'>epulis,</span> <span class='ocrx_word' id='word_1_433' title='bbox 3251 694 3286 731; x_wconf 86' lang='lat' dir='ltr'>a</span> <span class='ocrx_word' id='word_1_434' title='bbox 3353 679 3512 732; x_wconf 77' lang='lat' dir='ltr'>\obis</span> <span class='ocrx_word' id='word_1_435' title='bbox 3559 680 3754 734; x_wconf 80' lang='lat' dir='ltr'>reﬁcia-</span> 
     </span>
    </p>
   </div>
   <div class='ocr_carea' id='block_1_66' title="bbox 2075 765 2774 836">
    <p class='ocr_par' dir='ltr' id='par_1_66' title="bbox 2075 765 2774 836">
     <span class='ocr_line' id='line_1_67' title="bbox 2075 765 2774 836; baseline -0.001 -16"><span class='ocrx_word' id='word_1_436' title='bbox 2075 771 2168 820; x_wconf 86' lang='lat' dir='ltr'>tur</span> <span class='ocrx_word' id='word_1_437' title='bbox 2199 766 2381 836; x_wconf 90' lang='lat' dir='ltr'>epulis</span> <span class='ocrx_word' id='word_1_438' title='bbox 2402 765 2774 835; x_wconf 88' lang='lat' dir='ltr'>spiritalibus.</span> 
     </span>
    </p>
   </div>
   <div class='ocr_carea' id='block_1_67' title="bbox 2074 872 3747 996">
    <p class='ocr_par' dir='ltr' id='par_1_67' title="bbox 2074 872 3747 996">
     <span class='ocr_line' id='line_1_68' title="bbox 2074 872 3747 996; baseline 0 -71"><span class='ocrx_word' id='word_1_439' title='bbox 2074 873 2202 926; x_wconf 73' lang='lat' dir='ltr'>CAP.</span> <span class='ocrx_word' id='word_1_440' title='bbox 2237 873 2324 926; x_wconf 84' lang='lat' dir='ltr'>XI.</span> <span class='ocrx_word' id='word_1_441' title='bbox 2359 901 2428 910; x_wconf 90' lang='lat'><strong>—</strong></span> <span class='ocrx_word' id='word_1_442' title='bbox 2485 872 2589 938; x_wconf 84' lang='lat' dir='ltr'>Qui</span> <span class='ocrx_word' id='word_1_443' title='bbox 2615 873 2793 926; x_wconf 87' lang='lat' dir='ltr'>ebrius</span> <span class='ocrx_word' id='word_1_444' title='bbox 2818 873 3009 996; x_wconf 56' lang='grc' dir='ltr'>νιῖθνὲι,</span> <span class='ocrx_word' id='word_1_445' title='bbox 3044 877 3106 926; x_wconf 84' lang='lat' dir='ltr'>ut</span> <span class='ocrx_word' id='word_1_446' title='bbox 3143 873 3276 926; x_wconf 84' lang='lat' dir='ltr'>ordo</span> <span class='ocrx_word' id='word_1_447' title='bbox 3315 876 3548 941; x_wconf 85' lang='lat' dir='ltr'>patitur,</span> <span class='ocrx_word' id='word_1_448' title='bbox 3590 879 3747 943; x_wconf 69' lang='lat' dir='ltr'>paeni.</span> 
     </span>
     <span class='ocr_line' id='line_1_69' title="bbox 2881 959 2986 996; baseline 0 0"><span class='ocrx_word' id='word_1_449' title='bbox 2881 959 2943 996; x_wconf 87' lang='lat' dir='ltr'>ea</span> <span class='ocrx_word' id='word_1_450' title='bbox 2974 983 2986 996; x_wconf 95' lang='lat'>.</span> 
     </span>
    </p>
   </div>
   <div class='ocr_carea' id='block_1_68' title="bbox 2859 949 2986 997">
    <p class='ocr_par' dir='ltr' id='par_1_68' title="bbox 2859 949 2986 997">
     <span class='ocr_line' id='line_1_70' title="bbox 2859 949 2986 997; baseline 0 -1"><span class='ocrx_word' id='word_1_451' title='bbox 2859 949 2986 997; x_wconf 85' lang='lat' dir='ltr'>teat.</span> 
     </span>
    </p>
   </div>
   <div class='ocr_carea' id='block_1_69' title="bbox 2145 1033 3751 1104">
    <p class='ocr_par' dir='ltr' id='par_1_69' title="bbox 2145 1033 3751 1104">
     <span class='ocr_line' id='line_1_71' title="bbox 2145 1033 3751 1104; baseline 0.001 -17"><span class='ocrx_word' id='word_1_452' title='bbox 2145 1033 2253 1104; x_wconf 68' lang='lat' dir='ltr'>(Em</span> <span class='ocrx_word' id='word_1_453' title='bbox 2279 1033 2500 1087; x_wconf 86' lang='lat' dir='ltr'>concilio</span> <span class='ocrx_word' id='word_1_454' title='bbox 2529 1033 2827 1100; x_wconf 86' lang='lat' dir='ltr'>Agathen.,</span> <span class='ocrx_word' id='word_1_455' title='bbox 2861 1037 3037 1102; x_wconf 82' lang='lat' dir='ltr'>capite</span> <span class='ocrx_word' id='word_1_456' title='bbox 3074 1033 3177 1101; x_wconf 81' lang='lat'>10.)</span> <span class='ocrx_word' id='word_1_457' title='bbox 3207 1034 3410 1104; x_wconf 87' lang='lat' dir='ltr'>Itaque</span> <span class='ocrx_word' id='word_1_458' title='bbox 3439 1050 3568 1088; x_wconf 92' lang='lat' dir='ltr'>eum</span> <span class='ocrx_word' id='word_1_459' title='bbox 3607 1050 3751 1104; x_wconf 87' lang='lat' dir='ltr'>quem</span> 
     </span>
    </p>
   </div>
   <div class='ocr_carea' id='block_1_70' title="bbox 2074 1120 3750 1192">
    <p class='ocr_par' dir='ltr' id='par_1_70' title="bbox 2074 1120 3750 1192">
     <span class='ocr_line' id='line_1_72' title="bbox 2074 1120 3750 1192; baseline 0.002 -19"><span class='ocrx_word' id='word_1_460' title='bbox 2074 1120 2296 1174; x_wconf 92' lang='lat' dir='ltr'>ebrium</span> <span class='ocrx_word' id='word_1_461' title='bbox 2324 1120 2496 1173; x_wconf 89' lang='lat' dir='ltr'>fuisse</span> <span class='ocrx_word' id='word_1_462' title='bbox 2554 1121 2891 1186; x_wconf 89' lang='lat' dir='ltr'>constiterit,</span> <span class='ocrx_word' id='word_1_463' title='bbox 2952 1126 3014 1174; x_wconf 91' lang='lat' dir='ltr'>ut</span> <span class='ocrx_word' id='word_1_464' title='bbox 3047 1122 3184 1174; x_wconf 89' lang='lat' dir='ltr'>ordo</span> <span class='ocrx_word' id='word_1_465' title='bbox 3237 1123 3478 1192; x_wconf 84' lang='lat' dir='ltr'>patitur,</span> <span class='ocrx_word' id='word_1_466' title='bbox 3543 1128 3632 1176; x_wconf 90' lang='lat' dir='ltr'>aut</span> <span class='ocrx_word' id='word_1_467' title='bbox 3673 1125 3750 1176; x_wconf 92' lang='lat' dir='ltr'>tri-</span> 
     </span>
    </p>
   </div>
   <div class='ocr_carea' id='block_1_71' title="bbox 2073 1209 3751 1280">
    <p class='ocr_par' dir='ltr' id='par_1_71' title="bbox 2073 1209 3751 1280">
     <span class='ocr_line' id='line_1_73' title="bbox 2073 1209 3751 1280; baseline 0.002 -19"><span class='ocrx_word' id='word_1_468' title='bbox 2073 1210 2230 1280; x_wconf 87' lang='lat' dir='ltr'>ginta</span> <span class='ocrx_word' id='word_1_469' title='bbox 2259 1209 2482 1262; x_wconf 90' lang='lat' dir='ltr'>dierum</span> <span class='ocrx_word' id='word_1_470' title='bbox 2533 1210 2720 1279; x_wconf 89' lang='lat' dir='ltr'>spacio</span> <span class='ocrx_word' id='word_1_471' title='bbox 2772 1226 2805 1262; x_wconf 88' lang='lat' dir='ltr'>a</span> <span class='ocrx_word' id='word_1_472' title='bbox 2847 1211 3256 1263; x_wconf 85' lang='lat' dir='ltr'>communione</span> <span class='ocrx_word' id='word_1_473' title='bbox 3299 1210 3602 1263; x_wconf 88' lang='lat' dir='ltr'>statuimus</span> <span class='ocrx_word' id='word_1_474' title='bbox 3641 1212 3751 1265; x_wconf 83' lang='lat' dir='ltr'>sub-</span> 
     </span>
    </p>
   </div>
   <div class='ocr_carea' id='block_1_72' title="bbox 2073 1297 3536 1369">
    <p class='ocr_par' dir='ltr' id='par_1_72' title="bbox 2073 1297 3536 1369">
     <span class='ocr_line' id='line_1_74' title="bbox 2073 1297 3536 1369; baseline 0.001 -18"><span class='ocrx_word' id='word_1_475' title='bbox 2073 1298 2442 1363; x_wconf 84' lang='lat' dir='ltr'>movendum,</span> <span class='ocrx_word' id='word_1_476' title='bbox 2476 1302 2573 1351; x_wconf 90' lang='lat' dir='ltr'>aut</span> <span class='ocrx_word' id='word_1_477' title='bbox 2603 1297 2883 1368; x_wconf 89' lang='lat' dir='ltr'>corporali</span> <span class='ocrx_word' id='word_1_478' title='bbox 2935 1299 3191 1352; x_wconf 89' lang='lat' dir='ltr'>dandum</span> <span class='ocrx_word' id='word_1_479' title='bbox 3235 1299 3536 1369; x_wconf 91' lang='lat' dir='ltr'>supplicio.</span> 
     </span>
    </p>
   </div>
   <div class='ocr_carea' id='block_1_73' title="bbox 2075 1403 3747 1469">
    <p class='ocr_par' dir='ltr' id='par_1_73' title="bbox 2075 1403 3747 1469">
     <span class='ocr_line' id='line_1_75' title="bbox 2075 1403 3747 1469; baseline -0.001 -11"><span class='ocrx_word' id='word_1_480' title='bbox 2075 1405 2201 1458; x_wconf 74' lang='lat' dir='ltr'>CAP.</span> <span class='ocrx_word' id='word_1_481' title='bbox 2232 1404 2345 1458; x_wconf 87' lang='lat' dir='ltr'>XII.</span> <span class='ocrx_word' id='word_1_482' title='bbox 2401 1433 2471 1444; x_wconf 91' lang='lat'>—</span> <span class='ocrx_word' id='word_1_483' title='bbox 2505 1403 2660 1469; x_wconf 88' lang='lat' dir='ltr'>Quod</span> <span class='ocrx_word' id='word_1_484' title='bbox 2701 1406 2827 1457; x_wconf 71' lang='lat' dir='ltr'>vino</span> <span class='ocrx_word' id='word_1_485' title='bbox 2859 1404 3126 1457; x_wconf 78' lang='lat' dir='ltr'>inebriari</span> <span class='ocrx_word' id='word_1_486' title='bbox 3169 1420 3278 1458; x_wconf 86' lang='lat' dir='ltr'>non</span> <span class='ocrx_word' id='word_1_487' title='bbox 3338 1405 3480 1462; x_wconf 85' lang='lat' dir='ltr'>licet.</span> <span class='ocrx_word' id='word_1_488' title='bbox 3540 1403 3626 1458; x_wconf 86' lang='lat' dir='ltr'>sed</span> <span class='ocrx_word' id='word_1_489' title='bbox 3674 1406 3747 1468; x_wconf 76' lang='lat' dir='ltr'>fu-</span> 
     </span>
    </p>
   </div>
   <div class='ocr_carea' id='block_1_74' title="bbox 2730 1475 3117 1542">
    <p class='ocr_par' dir='ltr' id='par_1_74' title="bbox 2730 1475 3117 1542">
     <span class='ocr_line' id='line_1_76' title="bbox 2730 1475 3117 1542; baseline 0.003 -15"><span class='ocrx_word' id='word_1_490' title='bbox 2730 1475 2985 1542; x_wconf 85' lang='lat' dir='ltr'>giendum</span> <span class='ocrx_word' id='word_1_491' title='bbox 3024 1479 3117 1528; x_wconf 83' lang='lat' dir='ltr'>sit.</span> 
     </span>
    </p>
   </div>
   <div class='ocr_carea' id='block_1_75' title="bbox 2147 1561 3746 1633">
    <p class='ocr_par' dir='ltr' id='par_1_75' title="bbox 2147 1561 3746 1633">
     <span class='ocr_line' id='line_1_77' title="bbox 2147 1561 3746 1633; baseline -0.002 -15"><span class='ocrx_word' id='word_1_492' title='bbox 2147 1563 2255 1633; x_wconf 77' lang='lat' dir='ltr'>(Ea:</span> <span class='ocrx_word' id='word_1_493' title='bbox 2293 1563 2454 1616; x_wconf 85' lang='lat' dir='ltr'>dictis</span> <span class='ocrx_word' id='word_1_494' title='bbox 2488 1561 2750 1631; x_wconf 83' lang='lat' dir='ltr'>August)</span> <span class='ocrx_word' id='word_1_495' title='bbox 2806 1564 2958 1633; x_wconf 85' lang='lat' dir='ltr'>Fuge</span> <span class='ocrx_word' id='word_1_496' title='bbox 2997 1563 3196 1616; x_wconf 87' lang='lat' dir='ltr'>vinum</span> <span class='ocrx_word' id='word_1_497' title='bbox 3253 1562 3414 1616; x_wconf 88' lang='lat' dir='ltr'>velut</span> <span class='ocrx_word' id='word_1_498' title='bbox 3479 1577 3746 1629; x_wconf 87' lang='lat' dir='ltr'>venenum,</span> 
     </span>
    </p>
   </div>
   <div class='ocr_carea' id='block_1_76' title="bbox 2077 1651 3748 1722">
    <p class='ocr_par' dir='ltr' id='par_1_76' title="bbox 2077 1651 3748 1722">
     <span class='ocr_line' id='line_1_78' title="bbox 2077 1651 3748 1722; baseline 0 -17"><span class='ocrx_word' id='word_1_499' title='bbox 2077 1669 2147 1705; x_wconf 88' lang='lat' dir='ltr'>ne</span> <span class='ocrx_word' id='word_1_500' title='bbox 2178 1653 2423 1706; x_wconf 85' lang='lat' dir='ltr'>ebrietas</span> <span class='ocrx_word' id='word_1_501' title='bbox 2447 1658 2678 1722; x_wconf 88' lang='lat' dir='ltr'>superet</span> <span class='ocrx_word' id='word_1_502' title='bbox 2709 1658 2784 1718; x_wconf 87' lang='lat' dir='ltr'>te,</span> <span class='ocrx_word' id='word_1_503' title='bbox 2835 1653 3305 1722; x_wconf 81' lang='lat' dir='ltr'>expoliatumque</span> <span class='ocrx_word' id='word_1_504' title='bbox 3361 1651 3653 1706; x_wconf 86' lang='lat' dir='ltr'>virtutibus</span> <span class='ocrx_word' id='word_1_505' title='bbox 3706 1658 3748 1705; x_wconf 89' lang='lat' dir='ltr'>te</span> 
     </span>
    </p>
   </div>
   <div class='ocr_carea' id='block_1_77' title="bbox 2075 1739 3748 1809">
    <p class='ocr_par' dir='ltr' id='par_1_77' title="bbox 2075 1739 3748 1809">
     <span class='ocr_line' id='line_1_79' title="bbox 2075 1739 3748 1809; baseline -0.001 -16"><span class='ocrx_word' id='word_1_506' title='bbox 2075 1741 2295 1794; x_wconf 90' lang='lat' dir='ltr'>nudum</span> <span class='ocrx_word' id='word_1_507' title='bbox 2319 1739 2546 1794; x_wconf 77' lang='lat' dir='ltr'>efﬁciat.</span> <span class='ocrx_word' id='word_1_508' title='bbox 2577 1740 2784 1793; x_wconf 88' lang='lat' dir='ltr'>Vinum</span> <span class='ocrx_word' id='word_1_509' title='bbox 2816 1742 2991 1805; x_wconf 84' lang='lat' dir='ltr'>enim,</span> <span class='ocrx_word' id='word_1_510' title='bbox 3030 1746 3092 1794; x_wconf 92' lang='lat' dir='ltr'>ut</span> <span class='ocrx_word' id='word_1_511' title='bbox 3119 1745 3316 1793; x_wconf 87' lang='lat' dir='ltr'>sancta</span> <span class='ocrx_word' id='word_1_512' title='bbox 3364 1739 3643 1809; x_wconf 87' lang='lat' dir='ltr'>Scriptura</span> <span class='ocrx_word' id='word_1_513' title='bbox 3675 1740 3748 1793; x_wconf 80' lang='lat' dir='ltr'>di-</span> 
     </span>
    </p>
   </div>
   <div class='ocr_carea' id='block_1_78' title="bbox 2076 1827 3746 1898">
    <p class='ocr_par' dir='ltr' id='par_1_78' title="bbox 2076 1827 3746 1898">
     <span class='ocr_line' id='line_1_80' title="bbox 2076 1827 3746 1898; baseline -0.001 -17"><span class='ocrx_word' id='word_1_514' title='bbox 2076 1829 2168 1894; x_wconf 90' lang='lat' dir='ltr'>cit,</span> <span class='ocrx_word' id='word_1_515' title='bbox 2186 1833 2506 1898; x_wconf 87' lang='lat' dir='ltr'>apostatare</span> <span class='ocrx_word' id='word_1_516' title='bbox 2522 1827 2839 1882; x_wconf 89' lang='lat' dir='ltr'>facitetiam</span> <span class='ocrx_word' id='word_1_517' title='bbox 2854 1829 3158 1898; x_wconf 87' lang='lat' dir='ltr'>sapientes.</span> <span class='ocrx_word' id='word_1_518' title='bbox 3176 1829 3425 1882; x_wconf 80' lang='lat' dir='ltr'>Attende</span> <span class='ocrx_word' id='word_1_519' title='bbox 3457 1830 3565 1882; x_wconf 73' lang='lat' dir='ltr'>Noe</span> <span class='ocrx_word' id='word_1_520' title='bbox 3591 1828 3746 1880; x_wconf 86' lang='lat' dir='ltr'>virum</span> 
     </span>
    </p>
   </div>
   <div class='ocr_carea' id='block_1_79' title="bbox 2075 1916 3745 1987">
    <p class='ocr_par' dir='ltr' id='par_1_79' title="bbox 2075 1916 3745 1987">
     <span class='ocr_line' id='line_1_81' title="bbox 2075 1916 3745 1987; baseline -0.001 -17"><span class='ocrx_word' id='word_1_521' title='bbox 2075 1917 2390 1987; x_wconf 88' lang='lat' dir='ltr'>sapientem</span> <span class='ocrx_word' id='word_1_522' title='bbox 2421 1922 2478 1971; x_wconf 89' lang='lat' dir='ltr'>et</span> <span class='ocrx_word' id='word_1_523' title='bbox 2507 1923 2787 1985; x_wconf 90' lang='lat' dir='ltr'>sanctum,</span> <span class='ocrx_word' id='word_1_524' title='bbox 2821 1917 3112 1987; x_wconf 84' lang='lat' dir='ltr'>quomodo</span> <span class='ocrx_word' id='word_1_525' title='bbox 3146 1933 3250 1987; x_wconf 90' lang='lat' dir='ltr'>per</span> <span class='ocrx_word' id='word_1_526' title='bbox 3279 1916 3609 1970; x_wconf 87' lang='lat' dir='ltr'>ebrietatem</span> <span class='ocrx_word' id='word_1_527' title='bbox 3660 1932 3745 1969; x_wconf 87' lang='lat' dir='ltr'>nu-</span> 
     </span>
    </p>
   </div>
   <div class='ocr_carea' id='block_1_80' title="bbox 2075 2007 3741 2078">
    <p class='ocr_par' dir='ltr' id='par_1_80' title="bbox 2075 2007 3741 2078">
     <span class='ocr_line' id='line_1_82' title="bbox 2075 2007 3741 2078; baseline -0.001 -16"><span class='ocrx_word' id='word_1_528' title='bbox 2075 2009 2237 2062; x_wconf 89' lang='lat' dir='ltr'>datus</span> <span class='ocrx_word' id='word_1_529' title='bbox 2286 2013 2388 2075; x_wconf 89' lang='lat' dir='ltr'>est,</span> <span class='ocrx_word' id='word_1_530' title='bbox 2435 2007 2744 2062; x_wconf 90' lang='lat' dir='ltr'>dormiens.</span> <span class='ocrx_word' id='word_1_531' title='bbox 2792 2009 3031 2062; x_wconf 85' lang='lat' dir='ltr'>Attende</span> <span class='ocrx_word' id='word_1_532' title='bbox 3077 2012 3136 2062; x_wconf 90' lang='lat' dir='ltr'>et</span> <span class='ocrx_word' id='word_1_533' title='bbox 3196 2008 3345 2062; x_wconf 90' lang='lat' dir='ltr'>Loth</span> <span class='ocrx_word' id='word_1_534' title='bbox 3384 2007 3741 2078; x_wconf 88' lang='lat' dir='ltr'>patriarcham,</span> 
     </span>
    </p>
   </div>
   <div class='ocr_carea' id='block_1_81' title="bbox 2077 2095 3742 2167">
    <p class='ocr_par' dir='ltr' id='par_1_81' title="bbox 2077 2095 3742 2167">
     <span class='ocr_line' id='line_1_83' title="bbox 2077 2095 3742 2167; baseline -0.001 -17"><span class='ocrx_word' id='word_1_535' title='bbox 2077 2098 2176 2167; x_wconf 90' lang='lat' dir='ltr'>qui</span> <span class='ocrx_word' id='word_1_536' title='bbox 2211 2113 2311 2166; x_wconf 92' lang='lat' dir='ltr'>per</span> <span class='ocrx_word' id='word_1_537' title='bbox 2342 2097 2678 2151; x_wconf 87' lang='lat' dir='ltr'>ebrietatem</span> <span class='ocrx_word' id='word_1_538' title='bbox 2731 2096 3098 2166; x_wconf 90' lang='lat' dir='ltr'>impudenter</span> <span class='ocrx_word' id='word_1_539' title='bbox 3136 2113 3195 2150; x_wconf 90' lang='lat' dir='ltr'>se</span> <span class='ocrx_word' id='word_1_540' title='bbox 3225 2097 3581 2150; x_wconf 90' lang='lat' dir='ltr'>commiscuit</span> <span class='ocrx_word' id='word_1_541' title='bbox 3625 2095 3742 2148; x_wconf 87' lang='lat' dir='ltr'>ﬁlia-</span> 
     </span>
    </p>
   </div>
   <div class='ocr_carea' id='block_1_82' title="bbox 2073 2184 3744 2255">
    <p class='ocr_par' dir='ltr' id='par_1_82' title="bbox 2073 2184 3744 2255">
     <span class='ocr_line' id='line_1_84' title="bbox 2073 2184 3744 2255; baseline -0.002 -17"><span class='ocrx_word' id='word_1_542' title='bbox 2073 2186 2201 2239; x_wconf 85' lang='lat' dir='ltr'>bus.</span> <span class='ocrx_word' id='word_1_543' title='bbox 2240 2186 2379 2238; x_wconf 88' lang='lat' dir='ltr'>Hinc</span> <span class='ocrx_word' id='word_1_544' title='bbox 2407 2186 2606 2239; x_wconf 90' lang='lat' dir='ltr'>beatus</span> <span class='ocrx_word' id='word_1_545' title='bbox 2647 2185 2885 2239; x_wconf 84' lang='lat' dir='ltr'>Basilius</span> <span class='ocrx_word' id='word_1_546' title='bbox 2933 2185 3070 2239; x_wconf 90' lang='lat' dir='ltr'>dicit</span> <span class='ocrx_word' id='word_1_547' title='bbox 3105 2201 3118 2238; x_wconf 87' lang='lat'><strong>:</strong></span> <span class='ocrx_word' id='word_1_548' title='bbox 3170 2186 3332 2239; x_wconf 86' lang='lat' dir='ltr'>Multi</span> <span class='ocrx_word' id='word_1_549' title='bbox 3362 2201 3466 2255; x_wconf 91' lang='lat' dir='ltr'>per</span> <span class='ocrx_word' id='word_1_550' title='bbox 3508 2184 3681 2237; x_wconf 86' lang='lat' dir='ltr'>vinum</span> <span class='ocrx_word' id='word_1_551' title='bbox 3718 2200 3744 2235; x_wconf 88' lang='lat' dir='ltr'>a</span> 
     </span>
    </p>
   </div>
   <div class='ocr_carea' id='block_1_83' title="bbox 2077 2273 3740 2343">
    <p class='ocr_par' dir='ltr' id='par_1_83' title="bbox 2077 2273 3740 2343">
     <span class='ocr_line' id='line_1_85' title="bbox 2077 2273 3740 2343; baseline -0.002 -17"><span class='ocrx_word' id='word_1_552' title='bbox 2077 2273 2434 2326; x_wconf 68' lang='lat' dir='ltr'>daemonibus</span> <span class='ocrx_word' id='word_1_553' title='bbox 2467 2274 2615 2343; x_wconf 90' lang='lat' dir='ltr'>capti</span> <span class='ocrx_word' id='word_1_554' title='bbox 2650 2280 2784 2328; x_wconf 88' lang='lat' dir='ltr'>sunt</span> <span class='ocrx_word' id='word_1_555' title='bbox 2825 2291 2838 2327; x_wconf 88' lang='lat'><strong>:</strong></span> <span class='ocrx_word' id='word_1_556' title='bbox 2870 2290 2974 2327; x_wconf 90' lang='lat' dir='ltr'>nec</span> <span class='ocrx_word' id='word_1_557' title='bbox 3012 2279 3099 2327; x_wconf 86' lang='lat' dir='ltr'>est</span> <span class='ocrx_word' id='word_1_558' title='bbox 3139 2274 3299 2327; x_wconf 88' lang='lat' dir='ltr'>aliud</span> <span class='ocrx_word' id='word_1_559' title='bbox 3349 2273 3583 2326; x_wconf 86' lang='lat' dir='ltr'>ebrietas</span> <span class='ocrx_word' id='word_1_560' title='bbox 3601 2287 3740 2342; x_wconf 87' lang='lat' dir='ltr'>quam</span> 
     </span>
    </p>
   </div>
   <div class='ocr_carea' id='block_1_84' title="bbox 2076 2359 3742 2431">
    <p class='ocr_par' dir='ltr' id='par_1_84' title="bbox 2076 2359 3742 2431">
     <span class='ocr_line' id='line_1_86' title="bbox 2076 2359 3742 2431; baseline -0.002 -17"><span class='ocrx_word' id='word_1_561' title='bbox 2076 2361 2578 2415; x_wconf 86' lang='lat' dir='ltr'>manifestissimus</span> <span class='ocrx_word' id='word_1_562' title='bbox 2626 2361 2870 2415; x_wconf 64' lang='lat' dir='ltr'>daemon.</span> <span class='ocrx_word' id='word_1_563' title='bbox 2909 2361 3049 2416; x_wconf 88' lang='lat' dir='ltr'>Hinc</span> <span class='ocrx_word' id='word_1_564' title='bbox 3089 2361 3376 2431; x_wconf 86' lang='lat' dir='ltr'>propheta</span> <span class='ocrx_word' id='word_1_565' title='bbox 3422 2361 3535 2414; x_wconf 90' lang='lat' dir='ltr'>ait:</span> <span class='ocrx_word' id='word_1_566' title='bbox 3579 2359 3742 2413; x_wconf 85' lang='lat' dir='ltr'>Forni-</span> 
     </span>
    </p>
   </div>
   <div class='ocr_carea' id='block_1_85' title="bbox 2077 2449 3742 2518">
    <p class='ocr_par' dir='ltr' id='par_1_85' title="bbox 2077 2449 3742 2518">
     <span class='ocr_line' id='line_1_87' title="bbox 2077 2449 3742 2518; baseline -0.002 -16"><span class='ocrx_word' id='word_1_567' title='bbox 2077 2449 2222 2502; x_wconf 89' lang='lat' dir='ltr'>catio</span> <span class='ocrx_word' id='word_1_568' title='bbox 2255 2455 2308 2503; x_wconf 85' lang='lat' dir='ltr'>et</span> <span class='ocrx_word' id='word_1_569' title='bbox 2332 2449 2578 2503; x_wconf 85' lang='lat' dir='ltr'>ebrietas</span> <span class='ocrx_word' id='word_1_570' title='bbox 2637 2449 2824 2503; x_wconf 83' lang='lat' dir='ltr'>aufert</span> <span class='ocrx_word' id='word_1_571' title='bbox 2871 2467 2988 2503; x_wconf 89' lang='lat' dir='ltr'>cor.</span> <span class='ocrx_word' id='word_1_572' title='bbox 3037 2451 3298 2504; x_wconf 76' lang='lat' dir='ltr'>Ebrietas</span> <span class='ocrx_word' id='word_1_573' title='bbox 3346 2450 3498 2503; x_wconf 90' lang='lat' dir='ltr'>enim</span> <span class='ocrx_word' id='word_1_574' title='bbox 3549 2454 3742 2518; x_wconf 87' lang='lat' dir='ltr'>pertur-</span> 
     </span>
    </p>
   </div>
   <div class='ocr_carea' id='block_1_86' title="bbox 2076 2537 3743 2607">
    <p class='ocr_par' dir='ltr' id='par_1_86' title="bbox 2076 2537 3743 2607">
     <span class='ocr_line' id='line_1_88' title="bbox 2076 2537 3743 2607; baseline -0.004 -15"><span class='ocrx_word' id='word_1_575' title='bbox 2076 2537 2367 2592; x_wconf 86' lang='lat' dir='ltr'>bationem</span> <span class='ocrx_word' id='word_1_576' title='bbox 2403 2538 2572 2607; x_wconf 88' lang='lat' dir='ltr'>parit,</span> <span class='ocrx_word' id='word_1_577' title='bbox 2607 2537 2794 2607; x_wconf 88' lang='lat' dir='ltr'>gignit</span> <span class='ocrx_word' id='word_1_578' title='bbox 2820 2538 3029 2591; x_wconf 88' lang='lat' dir='ltr'>mentis</span> <span class='ocrx_word' id='word_1_579' title='bbox 3072 2538 3351 2606; x_wconf 89' lang='lat' dir='ltr'>furorem,</span> <span class='ocrx_word' id='word_1_580' title='bbox 3394 2543 3449 2591; x_wconf 87' lang='lat' dir='ltr'>et</span> <span class='ocrx_word' id='word_1_581' title='bbox 3490 2537 3743 2590; x_wconf 87' lang='lat' dir='ltr'>ﬂammam</span> 
     </span>
    </p>
   </div>
   <div class='ocr_carea' id='block_1_87' title="bbox 2077 2623 3745 2696">
    <p class='ocr_par' dir='ltr' id='par_1_87' title="bbox 2077 2623 3745 2696">
     <span class='ocr_line' id='line_1_89' title="bbox 2077 2623 3745 2696; baseline -0.003 -17"><span class='ocrx_word' id='word_1_582' title='bbox 2077 2626 2312 2680; x_wconf 86' lang='lat' dir='ltr'>suscitat</span> <span class='ocrx_word' id='word_1_583' title='bbox 2341 2625 2613 2680; x_wconf 91' lang='lat' dir='ltr'>libidinis.</span> <span class='ocrx_word' id='word_1_584' title='bbox 2639 2628 2904 2696; x_wconf 87' lang='lat' dir='ltr'>Apostolo</span> <span class='ocrx_word' id='word_1_585' title='bbox 2926 2631 3067 2680; x_wconf 87' lang='lat' dir='ltr'>teste</span> <span class='ocrx_word' id='word_1_586' title='bbox 3101 2643 3114 2680; x_wconf 88' lang='lat'><strong>:</strong></span> <span class='ocrx_word' id='word_1_587' title='bbox 3176 2627 3370 2680; x_wconf 79' lang='lat' dir='ltr'>Nolite</span> <span class='ocrx_word' id='word_1_588' title='bbox 3410 2624 3662 2679; x_wconf 90' lang='lat' dir='ltr'>inebriari</span> <span class='ocrx_word' id='word_1_589' title='bbox 3682 2623 3745 2674; x_wconf 90' lang='lat' dir='ltr'>vi-</span> 
     </span>
    </p>
   </div>
   <div class='ocr_carea' id='block_1_88' title="bbox 2077 2712 3743 2784">
    <p class='ocr_par' dir='ltr' id='par_1_88' title="bbox 2077 2712 3743 2784">
     <span class='ocr_line' id='line_1_90' title="bbox 2077 2712 3743 2784; baseline -0.003 -17"><span class='ocrx_word' id='word_1_590' title='bbox 2077 2730 2175 2779; x_wconf 90' lang='lat' dir='ltr'>no,</span> <span class='ocrx_word' id='word_1_591' title='bbox 2213 2714 2273 2766; x_wconf 93' lang='lat' dir='ltr'>in</span> <span class='ocrx_word' id='word_1_592' title='bbox 2301 2730 2415 2784; x_wconf 89' lang='lat' dir='ltr'>quo</span> <span class='ocrx_word' id='word_1_593' title='bbox 2461 2719 2547 2768; x_wconf 87' lang='lat' dir='ltr'>est</span> <span class='ocrx_word' id='word_1_594' title='bbox 2585 2714 2822 2767; x_wconf 85' lang='lat' dir='ltr'>luxuria.</span> <span class='ocrx_word' id='word_1_595' title='bbox 2874 2714 2931 2768; x_wconf 93' lang='lat' dir='ltr'>Si</span> <span class='ocrx_word' id='word_1_596' title='bbox 2978 2714 3106 2784; x_wconf 91' lang='lat' dir='ltr'>quis</span> <span class='ocrx_word' id='word_1_597' title='bbox 3155 2719 3354 2768; x_wconf 86' lang='lat' dir='ltr'>autem</span> <span class='ocrx_word' id='word_1_598' title='bbox 3408 2718 3592 2767; x_wconf 89' lang='lat' dir='ltr'>contra</span> <span class='ocrx_word' id='word_1_599' title='bbox 3643 2712 3743 2764; x_wconf 70' lang='lat' dir='ltr'>haec</span> 
     </span>
    </p>
   </div>
   <div class='ocr_carea' id='block_1_89' title="bbox 2075 2801 3744 2872">
    <p class='ocr_par' dir='ltr' id='par_1_89' title="bbox 2075 2801 3744 2872">
     <span class='ocr_line' id='line_1_91' title="bbox 2075 2801 3744 2872; baseline -0.003 -17"><span class='ocrx_word' id='word_1_600' title='bbox 2075 2802 2274 2856; x_wconf 88' lang='lat' dir='ltr'>fecerit</span> <span class='ocrx_word' id='word_1_601' title='bbox 2317 2805 2642 2856; x_wconf 86' lang='lat' dir='ltr'>sanctorum</span> <span class='ocrx_word' id='word_1_602' title='bbox 2688 2807 2916 2868; x_wconf 89' lang='lat' dir='ltr'>statuta,</span> <span class='ocrx_word' id='word_1_603' title='bbox 2968 2802 3201 2872; x_wconf 90' lang='lat' dir='ltr'>dignam</span> <span class='ocrx_word' id='word_1_604' title='bbox 3249 2819 3317 2856; x_wconf 91' lang='lat' dir='ltr'>ac</span> <span class='ocrx_word' id='word_1_605' title='bbox 3363 2801 3585 2870; x_wconf 83' lang='lat' dir='ltr'>longam</span> <span class='ocrx_word' id='word_1_606' title='bbox 3637 2802 3744 2867; x_wconf 84' lang='lat' dir='ltr'>agat</span> 
     </span>
    </p>
   </div>
   <div class='ocr_carea' id='block_1_90' title="bbox 2585 2888 3740 2961">
    <p class='ocr_par' dir='ltr' id='par_1_90' title="bbox 2585 2888 3740 2961">
     <span class='ocr_line' id='line_1_92' title="bbox 2585 2888 3740 2961; baseline -0.003 -20"><span class='ocrx_word' id='word_1_607' title='bbox 2585 2890 2720 2960; x_wconf 89' lang='lat' dir='ltr'>quia</span> <span class='ocrx_word' id='word_1_608' title='bbox 2755 2907 2933 2944; x_wconf 88' lang='lat' dir='ltr'>unum</span> <span class='ocrx_word' id='word_1_609' title='bbox 2990 2895 3075 2944; x_wconf 90' lang='lat' dir='ltr'>est</span> <span class='ocrx_word' id='word_1_610' title='bbox 3106 2907 3172 2944; x_wconf 87' lang='lat' dir='ltr'>ex</span> <span class='ocrx_word' id='word_1_611' title='bbox 3228 2890 3322 2944; x_wconf 90' lang='lat' dir='ltr'>his</span> <span class='ocrx_word' id='word_1_612' title='bbox 3373 2888 3597 2961; x_wconf 89' lang='lat' dir='ltr'>peccatis</span> <span class='ocrx_word' id='word_1_613' title='bbox 3635 2903 3740 2957; x_wconf 74' lang='lat' dir='ltr'>qua:</span> 
     </span>
    </p>
   </div>
   <div class='ocr_carea' id='block_1_91' title="bbox 2074 2975 3740 3050">
    <p class='ocr_par' dir='ltr' id='par_1_91' title="bbox 2074 2975 3740 3050">
     <span class='ocr_line' id='line_1_93' title="bbox 2074 2975 3740 3050; baseline -0.003 -18"><span class='ocrx_word' id='word_1_614' title='bbox 2074 2979 2372 3033; x_wconf 89' lang='lat' dir='ltr'>hominem</span> <span class='ocrx_word' id='word_1_615' title='bbox 2419 2995 2452 3032; x_wconf 88' lang='lat' dir='ltr'>a</span> <span class='ocrx_word' id='word_1_616' title='bbox 2501 2995 2678 3048; x_wconf 88' lang='lat' dir='ltr'>regno</span> <span class='ocrx_word' id='word_1_617' title='bbox 2727 2979 2828 3032; x_wconf 91' lang='lat' dir='ltr'>Dei</span> <span class='ocrx_word' id='word_1_618' title='bbox 2894 2984 3183 3050; x_wconf 87' lang='lat' dir='ltr'>separant,</span> <span class='ocrx_word' id='word_1_619' title='bbox 3239 2979 3463 3033; x_wconf 84' lang='lat' dir='ltr'>dicente</span> <span class='ocrx_word' id='word_1_620' title='bbox 3525 2975 3740 3047; x_wconf 88' lang='lat' dir='ltr'>apostolo</span> 
     </span>
    </p>
   </div>
   <div class='ocr_carea' id='block_1_92' title="bbox 2079 3067 3596 3138">
    <p class='ocr_par' dir='ltr' id='par_1_92' title="bbox 2079 3067 3596 3138">
     <span class='ocr_line' id='line_1_94' title="bbox 2079 3067 3596 3138; baseline -0.003 -17"><span class='ocrx_word' id='word_1_621' title='bbox 2079 3068 2254 3121; x_wconf 89' lang='lat' dir='ltr'>Paulo</span> <span class='ocrx_word' id='word_1_622' title='bbox 2286 3083 2299 3121; x_wconf 93' lang='lat'>:</span> <span class='ocrx_word' id='word_1_623' title='bbox 2335 3069 2528 3137; x_wconf 89' lang='lat' dir='ltr'>Neque</span> <span class='ocrx_word' id='word_1_624' title='bbox 2561 3067 2768 3121; x_wconf 88' lang='lat' dir='ltr'>ebriosi</span> <span class='ocrx_word' id='word_1_625' title='bbox 2803 3084 3044 3138; x_wconf 88' lang='lat' dir='ltr'>regnum</span> <span class='ocrx_word' id='word_1_626' title='bbox 3083 3069 3184 3121; x_wconf 88' lang='lat' dir='ltr'>Dei</span> <span class='ocrx_word' id='word_1_627' title='bbox 3214 3067 3596 3138; x_wconf 89' lang='lat' dir='ltr'>possidebunt.</span> 
     </span>
    </p>
   </div>
   <div class='ocr_carea' id='block_1_93' title="bbox 2078 3153 3739 3223">
    <p class='ocr_par' dir='ltr' id='par_1_93' title="bbox 2078 3153 3739 3223">
     <span class='ocr_line' id='line_1_95' title="bbox 2078 3153 3739 3223; baseline -0.003 -15"><span class='ocrx_word' id='word_1_628' title='bbox 2078 3153 2206 3208; x_wconf 72' lang='lat' dir='ltr'>CAP.</span> <span class='ocrx_word' id='word_1_629' title='bbox 2239 3156 2376 3210; x_wconf 86' lang='lat' dir='ltr'>XIII.</span> <span class='ocrx_word' id='word_1_630' title='bbox 2414 3156 2498 3208; x_wconf 89' lang='lat' dir='ltr'>De</span> <span class='ocrx_word' id='word_1_631' title='bbox 2526 3156 2638 3208; x_wconf 81' lang='lat' dir='ltr'>illis</span> <span class='ocrx_word' id='word_1_632' title='bbox 2669 3157 2765 3223; x_wconf 88' lang='lat' dir='ltr'>qui</span> <span class='ocrx_word' id='word_1_633' title='bbox 2790 3171 2888 3223; x_wconf 89' lang='lat' dir='ltr'>per</span> <span class='ocrx_word' id='word_1_634' title='bbox 2908 3156 3222 3210; x_wconf 73' lang='lat' dir='ltr'>ebrietatem</span> <span class='ocrx_word' id='word_1_635' title='bbox 3246 3159 3505 3209; x_wconf 83' lang='lat' dir='ltr'>vomitum</span> <span class='ocrx_word' id='word_1_636' title='bbox 3541 3155 3739 3220; x_wconf 85' lang='lat' dir='ltr'>faciunt.</span> 
     </span>
    </p>
   </div>
   <div class='ocr_carea' id='block_1_94' title="bbox 2151 3243 3740 3314">
    <p class='ocr_par' dir='ltr' id='par_1_94' title="bbox 2151 3243 3740 3314">
     <span class='ocr_line' id='line_1_96' title="bbox 2151 3243 3740 3314; baseline -0.004 -16"><span class='ocrx_word' id='word_1_637' title='bbox 2151 3244 2258 3312; x_wconf 75' lang='lat' dir='ltr'>(Ea:</span> <span class='ocrx_word' id='word_1_638' title='bbox 2287 3245 2648 3312; x_wconf 81' lang='lat' dir='ltr'>pcenitcntiali</span> <span class='ocrx_word' id='word_1_639' title='bbox 2691 3244 2969 3314; x_wconf 83' lang='lat' dir='ltr'>Romano.)</span> <span class='ocrx_word' id='word_1_640' title='bbox 3003 3243 3110 3307; x_wconf 88' lang='lat' dir='ltr'>Qui</span> <span class='ocrx_word' id='word_1_641' title='bbox 3159 3259 3262 3314; x_wconf 90' lang='lat' dir='ltr'>per</span> <span class='ocrx_word' id='word_1_642' title='bbox 3322 3244 3634 3297; x_wconf 85' lang='lat' dir='ltr'>ebrietatem</span> <span class='ocrx_word' id='word_1_643' title='bbox 3667 3257 3740 3293; x_wconf 84' lang='lat' dir='ltr'>vo-</span> 
     </span>
    </p>
   </div>
   <div class='ocr_carea' id='block_1_95' title="bbox 2077 3330 3742 3403">
    <p class='ocr_par' dir='ltr' id='par_1_95' title="bbox 2077 3330 3742 3403">
     <span class='ocr_line' id='line_1_97' title="bbox 2077 3330 3742 3403; baseline -0.004 -18"><span class='ocrx_word' id='word_1_644' title='bbox 2077 3332 2283 3385; x_wconf 89' lang='lat' dir='ltr'>mitum</span> <span class='ocrx_word' id='word_1_645' title='bbox 2336 3332 2489 3400; x_wconf 83' lang='lat' dir='ltr'>facit,</span> <span class='ocrx_word' id='word_1_646' title='bbox 2526 3333 2573 3385; x_wconf 91' lang='lat' dir='ltr'>si</span> <span class='ocrx_word' id='word_1_647' title='bbox 2630 3333 2930 3403; x_wconf 80' lang='lat' dir='ltr'>presbyter</span> <span class='ocrx_word' id='word_1_648' title='bbox 2961 3340 3058 3386; x_wconf 89' lang='lat' dir='ltr'>aut</span> <span class='ocrx_word' id='word_1_649' title='bbox 3096 3333 3374 3386; x_wconf 86' lang='lat' dir='ltr'>diaconus</span> <span class='ocrx_word' id='word_1_650' title='bbox 3402 3337 3504 3397; x_wconf 88' lang='lat' dir='ltr'>est,</span> <span class='ocrx_word' id='word_1_651' title='bbox 3542 3348 3602 3385; x_wconf 72' lang='grc' dir='ltr'>ιι.</span> <span class='ocrx_word' id='word_1_652' title='bbox 3645 3330 3742 3382; x_wconf 86' lang='lat' dir='ltr'>dies</span> 
     </span>
    </p>
   </div>
   <div class='ocr_carea' id='block_1_96' title="bbox 2075 3417 3740 3492">
    <p class='ocr_par' dir='ltr' id='par_1_96' title="bbox 2075 3417 3740 3492">
     <span class='ocr_line' id='line_1_98' title="bbox 2075 3417 3740 3492; baseline -0.004 -17"><span class='ocrx_word' id='word_1_653' title='bbox 2075 3421 2366 3492; x_wconf 84' lang='lat' dir='ltr'>poeniteat.</span> <span class='ocrx_word' id='word_1_654' title='bbox 2419 3420 2478 3474; x_wconf 90' lang='lat' dir='ltr'>Si</span> <span class='ocrx_word' id='word_1_655' title='bbox 2507 3422 2821 3474; x_wconf 90' lang='lat' dir='ltr'>monachus</span> <span class='ocrx_word' id='word_1_656' title='bbox 2873 3438 2977 3475; x_wconf 88' lang='lat' dir='ltr'>xxx</span> <span class='ocrx_word' id='word_1_657' title='bbox 3033 3421 3153 3475; x_wconf 90' lang='lat' dir='ltr'>dies</span> <span class='ocrx_word' id='word_1_658' title='bbox 3177 3422 3482 3490; x_wconf 87' lang='lat' dir='ltr'>poeniteat;</span> <span class='ocrx_word' id='word_1_659' title='bbox 3533 3419 3576 3472; x_wconf 89' lang='lat' dir='ltr'>si</span> <span class='ocrx_word' id='word_1_660' title='bbox 3646 3417 3740 3470; x_wconf 88' lang='lat' dir='ltr'>cle-</span> 
     </span>
    </p>
   </div>
   <div class='ocr_carea' id='block_1_97' title="bbox 2076 3509 3112 3576">
    <p class='ocr_par' dir='ltr' id='par_1_97' title="bbox 2076 3509 3112 3576">
     <span class='ocr_line' id='line_1_99' title="bbox 2076 3509 3112 3576; baseline -0.001 -14"><span class='ocrx_word' id='word_1_661' title='bbox 2076 3509 2250 3576; x_wconf 89' lang='lat' dir='ltr'>ricus,</span> <span class='ocrx_word' id='word_1_662' title='bbox 2280 3526 2349 3563; x_wconf 89' lang='lat' dir='ltr'>xx</span> <span class='ocrx_word' id='word_1_663' title='bbox 2371 3509 2523 3575; x_wconf 89' lang='lat' dir='ltr'>dies;</span> <span class='ocrx_word' id='word_1_664' title='bbox 2557 3509 2603 3562; x_wconf 84' lang='lat' dir='ltr'>si</span> <span class='ocrx_word' id='word_1_665' title='bbox 2633 3510 2825 3572; x_wconf 88' lang='lat' dir='ltr'>laicus,</span> <span class='ocrx_word' id='word_1_666' title='bbox 2859 3526 2931 3563; x_wconf 86' lang='lat' dir='ltr'>xv</span> <span class='ocrx_word' id='word_1_667' title='bbox 2970 3510 3112 3576; x_wconf 88' lang='lat' dir='ltr'>dies,</span> 
     </span>
    </p>
   </div>
   <div class='ocr_carea' id='block_1_98' title="bbox 2520 3599 3332 3653">
    <p class='ocr_par' dir='ltr' id='par_1_98' title="bbox 2520 3599 3332 3653">
     <span class='ocr_line' id='line_1_100' title="bbox 2520 3599 3332 3653; baseline -0.001 -1"><span class='ocrx_word' id='word_1_668' title='bbox 2520 3599 2645 3652; x_wconf 77' lang='lat' dir='ltr'>CAP.</span> <span class='ocrx_word' id='word_1_669' title='bbox 2670 3599 2801 3653; x_wconf 84' lang='lat' dir='ltr'>XIV.</span> <span class='ocrx_word' id='word_1_670' title='bbox 2831 3629 2900 3637; x_wconf 95' lang='lat'>—</span> <span class='ocrx_word' id='word_1_671' title='bbox 2941 3603 3011 3653; x_wconf 88' lang='lat' dir='ltr'>De</span> <span class='ocrx_word' id='word_1_672' title='bbox 3040 3599 3223 3653; x_wconf 83' lang='lat' dir='ltr'>eadem</span> <span class='ocrx_word' id='word_1_673' title='bbox 3254 3614 3332 3652; x_wconf 83' lang='lat' dir='ltr'>re.</span> 
     </span>
    </p>
   </div>
   <div class='ocr_carea' id='block_1_99' title="bbox 2151 3681 3738 3756">
    <p class='ocr_par' dir='ltr' id='par_1_99' title="bbox 2151 3681 3738 3756">
     <span class='ocr_line' id='line_1_101' title="bbox 2151 3681 3738 3756; baseline -0.006 -16"><span class='ocrx_word' id='word_1_674' title='bbox 2151 3688 2254 3749; x_wconf 70' lang='lat' dir='ltr'>(Ex</span> <span class='ocrx_word' id='word_1_675' title='bbox 2290 3688 2658 3754; x_wconf 72' lang='lat' dir='ltr'>pmnitentiali</span> <span class='ocrx_word' id='word_1_676' title='bbox 2723 3688 2876 3741; x_wconf 52' lang='lat' dir='ltr'>Beda</span> <span class='ocrx_word' id='word_1_677' title='bbox 2920 3687 3268 3756; x_wconf 82' lang='lat' dir='ltr'>presbyteri.)</span> <span class='ocrx_word' id='word_1_678' title='bbox 3328 3685 3541 3750; x_wconf 88' lang='lat' dir='ltr'>Laicus,</span> <span class='ocrx_word' id='word_1_679' title='bbox 3583 3681 3622 3735; x_wconf 88' lang='lat' dir='ltr'>si</span> <span class='ocrx_word' id='word_1_680' title='bbox 3657 3694 3738 3750; x_wconf 85' lang='lat' dir='ltr'>per</span> 
     </span>
    </p>
   </div>
   <div class='ocr_carea' id='block_1_100' title="bbox 2079 3769 3734 3844">
    <p class='ocr_par' dir='ltr' id='par_1_100' title="bbox 2079 3769 3734 3844">
     <span class='ocr_line' id='line_1_102' title="bbox 2079 3769 3734 3844; baseline 0.002 -17"><span class='ocrx_word' id='word_1_681' title='bbox 2079 3773 2416 3827; x_wconf 87' lang='lat' dir='ltr'>ebrietatem</span> <span class='ocrx_word' id='word_1_682' title='bbox 2477 3775 2755 3828; x_wconf 89' lang='lat' dir='ltr'>vomitum</span> <span class='ocrx_word' id='word_1_683' title='bbox 2813 3775 2965 3844; x_wconf 87' lang='lat' dir='ltr'>facit,</span> <span class='ocrx_word' id='word_1_684' title='bbox 3024 3781 3134 3829; x_wconf 91' lang='lat' dir='ltr'>tres</span> <span class='ocrx_word' id='word_1_685' title='bbox 3180 3792 3211 3829; x_wconf 88' lang='lat' dir='ltr'>a</span> <span class='ocrx_word' id='word_1_686' title='bbox 3263 3791 3452 3840; x_wconf 86' lang='lat' dir='ltr'>carne,</span> <span class='ocrx_word' id='word_1_687' title='bbox 3503 3777 3553 3825; x_wconf 89' lang='lat' dir='ltr'>et</span> <span class='ocrx_word' id='word_1_688' title='bbox 3610 3769 3734 3830; x_wconf 78' lang='lat' dir='ltr'>vino.</span> 
     </span>
    </p>
   </div>
   <div class='ocr_carea' id='block_1_101' title="bbox 2079 3862 2724 3918">
    <p class='ocr_par' dir='ltr' id='par_1_101' title="bbox 2079 3862 2724 3918">
     <span class='ocr_line' id='line_1_103' title="bbox 2079 3862 2724 3918; baseline 0.005 -4"><span class='ocrx_word' id='word_1_689' title='bbox 2079 3867 2135 3915; x_wconf 91' lang='lat' dir='ltr'>et</span> <span class='ocrx_word' id='word_1_690' title='bbox 2163 3862 2402 3915; x_wconf 90' lang='lat' dir='ltr'>cervisia</span> <span class='ocrx_word' id='word_1_691' title='bbox 2427 3863 2724 3918; x_wconf 88' lang='lat' dir='ltr'>abstineat.</span> 
     </span>
    </p>
   </div>
   <div class='ocr_carea' id='block_1_102' title="bbox 2079 3947 3732 4020">
    <p class='ocr_par' dir='ltr' id='par_1_102' title="bbox 2079 3947 3732 4020">
     <span class='ocr_line' id='line_1_104' title="bbox 2079 3947 3732 4020; baseline -0.007 -15"><span class='ocrx_word' id='word_1_692' title='bbox 2079 3951 2203 4005; x_wconf 81' lang='lat' dir='ltr'>CAP.</span> <span class='ocrx_word' id='word_1_693' title='bbox 2235 3951 2339 4005; x_wconf 81' lang='lat' dir='ltr'>XV.</span> <span class='ocrx_word' id='word_1_694' title='bbox 2370 3981 2438 3989; x_wconf 89' lang='lat'>—</span> <span class='ocrx_word' id='word_1_695' title='bbox 2472 3951 2551 4005; x_wconf 90' lang='lat' dir='ltr'>De</span> <span class='ocrx_word' id='word_1_696' title='bbox 2580 3953 2692 4005; x_wconf 89' lang='lat' dir='ltr'>illis</span> <span class='ocrx_word' id='word_1_697' title='bbox 2723 3953 2820 4019; x_wconf 87' lang='lat' dir='ltr'>qui</span> <span class='ocrx_word' id='word_1_698' title='bbox 2848 3967 2942 4020; x_wconf 84' lang='lat' dir='ltr'>per</span> <span class='ocrx_word' id='word_1_699' title='bbox 2979 3951 3288 4019; x_wconf 83' lang='lat' dir='ltr'>superbiam</span> <span class='ocrx_word' id='word_1_700' title='bbox 3328 3952 3460 4004; x_wconf 85' lang='lat' dir='ltr'>alios</span> <span class='ocrx_word' id='word_1_701' title='bbox 3482 3947 3732 4001; x_wconf 84' lang='lat' dir='ltr'>inebriant.</span> 
     </span>
    </p>
   </div>
   <div class='ocr_carea' id='block_1_103' title="bbox 2151 4033 3732 4110">
    <p class='ocr_par' dir='ltr' id='par_1_103' title="bbox 2151 4033 3732 4110">
     <span class='ocr_line' id='line_1_105' title="bbox 2151 4033 3732 4110; baseline -0.006 -17"><span class='ocrx_word' id='word_1_702' title='bbox 2151 4040 2259 4110; x_wconf 72' lang='lat' dir='ltr'>(Em</span> <span class='ocrx_word' id='word_1_703' title='bbox 2285 4040 2507 4109; x_wconf 79' lang='lat' dir='ltr'>eodem.)</span> <span class='ocrx_word' id='word_1_704' title='bbox 2554 4039 2609 4094; x_wconf 84' lang='lat' dir='ltr'>Si</span> <span class='ocrx_word' id='word_1_705' title='bbox 2643 4040 2770 4110; x_wconf 90' lang='lat' dir='ltr'>quis</span> <span class='ocrx_word' id='word_1_706' title='bbox 2801 4055 2903 4108; x_wconf 89' lang='lat' dir='ltr'>per</span> <span class='ocrx_word' id='word_1_707' title='bbox 2932 4039 3250 4109; x_wconf 84' lang='lat' dir='ltr'>nequitiam</span> <span class='ocrx_word' id='word_1_708' title='bbox 3283 4041 3456 4093; x_wconf 88' lang='lat' dir='ltr'>alium</span> <span class='ocrx_word' id='word_1_709' title='bbox 3506 4033 3732 4097; x_wconf 87' lang='lat' dir='ltr'>inebriat,</span> 
     </span>
    </p>
   </div>
   <div class='ocr_carea' id='block_1_104' title="bbox 2079 4120 3734 4198">
    <p class='ocr_par' dir='ltr' id='par_1_104' title="bbox 2079 4120 3734 4198">
     <span class='ocr_line' id='line_1_106' title="bbox 2079 4120 3734 4198; baseline -0.006 -18"><span class='ocrx_word' id='word_1_710' title='bbox 2079 4127 2460 4198; x_wconf 87' lang='lat' dir='ltr'>quadraginta</span> <span class='ocrx_word' id='word_1_711' title='bbox 2491 4127 2611 4180; x_wconf 88' lang='lat' dir='ltr'>dies</span> <span class='ocrx_word' id='word_1_712' title='bbox 2640 4127 2927 4197; x_wconf 71' lang='lat' dir='ltr'>poeniteat.</span> <span class='ocrx_word' id='word_1_713' title='bbox 2970 4126 3128 4189; x_wconf 90' lang='lat' dir='ltr'>Quod</span> <span class='ocrx_word' id='word_1_714' title='bbox 3159 4127 3206 4179; x_wconf 90' lang='lat' dir='ltr'>si</span> <span class='ocrx_word' id='word_1_715' title='bbox 3254 4127 3311 4180; x_wconf 88' lang='lat' dir='ltr'>in</span> <span class='ocrx_word' id='word_1_716' title='bbox 3369 4120 3734 4180; x_wconf 87' lang='lat' dir='ltr'>consuetudine</span> 
     </span>
    </p>
   </div>
   <div class='ocr_carea' id='block_1_105' title="bbox 2079 4207 3733 4284">
    <p class='ocr_par' dir='ltr' id='par_1_105' title="bbox 2079 4207 3733 4284">
     <span class='ocr_line' id='line_1_107' title="bbox 2079 4207 3733 4284; baseline -0.005 -15"><span class='ocrx_word' id='word_1_717' title='bbox 2079 4215 2365 4283; x_wconf 89' lang='lat' dir='ltr'>habuerit,</span> <span class='ocrx_word' id='word_1_718' title='bbox 2401 4215 2809 4269; x_wconf 91' lang='lat' dir='ltr'>communione</span> <span class='ocrx_word' id='word_1_719' title='bbox 2841 4214 3115 4284; x_wconf 84' lang='lat' dir='ltr'>privetur,</span> <span class='ocrx_word' id='word_1_720' title='bbox 3165 4215 3347 4270; x_wconf 91' lang='lat' dir='ltr'>donec</span> <span class='ocrx_word' id='word_1_721' title='bbox 3388 4214 3548 4284; x_wconf 89' lang='lat' dir='ltr'>digne</span> <span class='ocrx_word' id='word_1_722' title='bbox 3578 4207 3733 4280; x_wconf 73' lang='lat' dir='ltr'>pmni-</span> 
     </span>
    </p>
   </div>
   <div class='ocr_carea' id='block_1_106' title="bbox 2080 4303 3144 4374">
    <p class='ocr_par' dir='ltr' id='par_1_106' title="bbox 2080 4303 3144 4374">
     <span class='ocr_line' id='line_1_108' title="bbox 2080 4303 3144 4374; baseline -0.002 -16"><span class='ocrx_word' id='word_1_723' title='bbox 2080 4309 2217 4369; x_wconf 88' lang='lat' dir='ltr'>teat,</span> <span class='ocrx_word' id='word_1_724' title='bbox 2249 4308 2305 4357; x_wconf 89' lang='lat' dir='ltr'>et</span> <span class='ocrx_word' id='word_1_725' title='bbox 2332 4303 2792 4358; x_wconf 88' lang='lat' dir='ltr'>emendationem</span> <span class='ocrx_word' id='word_1_726' title='bbox 2834 4303 3144 4374; x_wconf 88' lang='lat' dir='ltr'>promittat.</span> 
     </span>
    </p>
   </div>
   <div class='ocr_carea' id='block_1_107' title="bbox 2295 4391 3551 4458">
    <p class='ocr_par' dir='ltr' id='par_1_107' title="bbox 2295 4391 3551 4458">
     <span class='ocr_line' id='line_1_109' title="bbox 2295 4391 3551 4458; baseline -0.006 -11"><span class='ocrx_word' id='word_1_727' title='bbox 2295 4393 2426 4447; x_wconf 60' lang='lat' dir='ltr'>Cap.</span> <span class='ocrx_word' id='word_1_728' title='bbox 2461 4393 2591 4446; x_wconf 86' lang='lat' dir='ltr'>XVI.</span> <span class='ocrx_word' id='word_1_729' title='bbox 2623 4421 2694 4430; x_wconf 96' lang='lat'>—</span> <span class='ocrx_word' id='word_1_730' title='bbox 2727 4391 2879 4457; x_wconf 87' lang='lat' dir='ltr'>Quod</span> <span class='ocrx_word' id='word_1_731' title='bbox 2916 4391 3185 4458; x_wconf 80' lang='lat' dir='ltr'>fugienda</span> <span class='ocrx_word' id='word_1_732' title='bbox 3207 4393 3279 4446; x_wconf 89' lang='lat' dir='ltr'>sit</span> <span class='ocrx_word' id='word_1_733' title='bbox 3313 4393 3551 4444; x_wconf 83' lang='lat' dir='ltr'>ebrietas.</span> 
     </span>
    </p>
   </div>
   <div class='ocr_carea' id='block_1_108' title="bbox 2152 4477 3724 4549">
    <p class='ocr_par' dir='ltr' id='par_1_108' title="bbox 2152 4477 3724 4549">
     <span class='ocr_line' id='line_1_110' title="bbox 2152 4477 3724 4549; baseline -0.006 -15"><span class='ocrx_word' id='word_1_734' title='bbox 2152 4483 2261 4547; x_wconf 71' lang='lat' dir='ltr'>(Ea:</span> <span class='ocrx_word' id='word_1_735' title='bbox 2283 4481 2427 4534; x_wconf 81' lang='lat' dir='ltr'>decr.</span> <span class='ocrx_word' id='word_1_736' title='bbox 2463 4481 2743 4537; x_wconf 84' lang='lat' dir='ltr'>Clementis</span> <span class='ocrx_word' id='word_1_737' title='bbox 2772 4496 2930 4549; x_wconf 78' lang='lat' dir='ltr'>pap,</span> <span class='ocrx_word' id='word_1_738' title='bbox 2953 4481 3129 4548; x_wconf 86' lang='lat' dir='ltr'>capite</span> <span class='ocrx_word' id='word_1_739' title='bbox 3163 4477 3274 4549; x_wconf 76' lang='lat'>35.)</span> <span class='ocrx_word' id='word_1_740' title='bbox 3309 4479 3629 4533; x_wconf 85' lang='lat' dir='ltr'>Ebrietatem</span> <span class='ocrx_word' id='word_1_741' title='bbox 3645 4487 3724 4539; x_wconf 85' lang='lat' dir='ltr'>op-</span> 
     </span>
    </p>
   </div>
   <div class='ocr_carea' id='block_1_109' title="bbox 2080 4561 3728 4639">
    <p class='ocr_par' dir='ltr' id='par_1_109' title="bbox 2080 4561 3728 4639">
     <span class='ocr_line' id='line_1_111' title="bbox 2080 4561 3728 4639; baseline -0.005 -17"><span class='ocrx_word' id='word_1_742' title='bbox 2080 4568 2215 4639; x_wconf 90' lang='lat' dir='ltr'>pido</span> <span class='ocrx_word' id='word_1_743' title='bbox 2273 4569 2634 4638; x_wconf 87' lang='lat' dir='ltr'>prohibebat,</span> <span class='ocrx_word' id='word_1_744' title='bbox 2667 4569 2970 4639; x_wconf 89' lang='lat' dir='ltr'>propheta,</span> <span class='ocrx_word' id='word_1_745' title='bbox 3015 4572 3071 4620; x_wconf 88' lang='lat' dir='ltr'>et</span> <span class='ocrx_word' id='word_1_746' title='bbox 3110 4568 3362 4620; x_wconf 90' lang='lat' dir='ltr'>ebriosos</span> <span class='ocrx_word' id='word_1_747' title='bbox 3408 4577 3640 4633; x_wconf 85' lang='lat' dir='ltr'>corpore,</span> <span class='ocrx_word' id='word_1_748' title='bbox 3685 4561 3728 4609; x_wconf 72' lang='lat' dir='ltr'>et</span> 
     </span>
    </p>
   </div>
   <div class='ocr_carea' id='block_1_110' title="bbox 2081 4653 3728 4727">
    <p class='ocr_par' dir='ltr' id='par_1_110' title="bbox 2081 4653 3728 4727">
     <span class='ocr_line' id='line_1_112' title="bbox 2081 4653 3728 4727; baseline -0.005 -17"><span class='ocrx_word' id='word_1_749' title='bbox 2081 4656 2274 4710; x_wconf 89' lang='lat' dir='ltr'>animo</span> <span class='ocrx_word' id='word_1_750' title='bbox 2337 4663 2592 4710; x_wconf 90' lang='lat' dir='ltr'>mortuos</span> <span class='ocrx_word' id='word_1_751' title='bbox 2645 4673 2765 4710; x_wconf 86' lang='lat' dir='ltr'>esse</span> <span class='ocrx_word' id='word_1_752' title='bbox 2830 4656 3194 4727; x_wconf 71' lang='lat' dir='ltr'>praedicabat.</span> <span class='ocrx_word' id='word_1_753' title='bbox 3272 4657 3348 4709; x_wconf 92' lang='lat' dir='ltr'>De</span> <span class='ocrx_word' id='word_1_754' title='bbox 3413 4653 3603 4724; x_wconf 89' lang='lat' dir='ltr'>quibus</span> <span class='ocrx_word' id='word_1_755' title='bbox 3647 4659 3728 4716; x_wconf 73' lang='lat' dir='ltr'>per</span> 
     </span>
    </p>
   </div>
   <div class='ocr_carea' id='block_1_111' title="bbox 2081 4732 3726 4816">
    <p class='ocr_par' dir='ltr' id='par_1_111' title="bbox 2081 4732 3726 4816">
     <span class='ocr_line' id='line_1_113' title="bbox 2081 4732 3726 4816; baseline -0.006 -16"><span class='ocrx_word' id='word_1_756' title='bbox 2081 4747 2410 4816; x_wconf 86' lang='lat' dir='ltr'>exemplum</span> <span class='ocrx_word' id='word_1_757' title='bbox 2462 4746 2696 4800; x_wconf 88' lang='lat' dir='ltr'>aiebat:</span> <span class='ocrx_word' id='word_1_758' title='bbox 2771 4747 2864 4799; x_wconf 70' lang='grc' dir='ltr'>νω</span> <span class='ocrx_word' id='word_1_759' title='bbox 2911 4744 3011 4815; x_wconf 91' lang='lat' dir='ltr'>qui</span> <span class='ocrx_word' id='word_1_760' title='bbox 3086 4743 3430 4814; x_wconf 86' lang='lat' dir='ltr'>consurgitis</span> <span class='ocrx_word' id='word_1_761' title='bbox 3484 4753 3632 4794; x_wconf 88' lang='lat' dir='ltr'>mane</span> <span class='ocrx_word' id='word_1_762' title='bbox 3671 4732 3726 4785; x_wconf 76' lang='lat' dir='ltr'>ad</span> 
     </span>
    </p>
   </div>
   <div class='ocr_carea' id='block_1_112' title="bbox 2080 4828 3726 4902">
    <p class='ocr_par' dir='ltr' id='par_1_112' title="bbox 2080 4828 3726 4902">
     <span class='ocr_line' id='line_1_114' title="bbox 2080 4828 3726 4902; baseline -0.005 -14"><span class='ocrx_word' id='word_1_763' title='bbox 2080 4834 2414 4888; x_wconf 86' lang='lat' dir='ltr'>ebrietatem</span> <span class='ocrx_word' id='word_1_764' title='bbox 2448 4836 2796 4901; x_wconf 87' lang='lat' dir='ltr'>sectandam,</span> <span class='ocrx_word' id='word_1_765' title='bbox 2831 4837 2888 4886; x_wconf 92' lang='lat' dir='ltr'>et</span> <span class='ocrx_word' id='word_1_766' title='bbox 2914 4833 3234 4902; x_wconf 88' lang='lat' dir='ltr'>potandum</span> <span class='ocrx_word' id='word_1_767' title='bbox 3276 4846 3453 4901; x_wconf 90' lang='lat' dir='ltr'>usque</span> <span class='ocrx_word' id='word_1_768' title='bbox 3477 4828 3539 4880; x_wconf 90' lang='lat' dir='ltr'>ad</span> <span class='ocrx_word' id='word_1_769' title='bbox 3559 4836 3726 4891; x_wconf 75' lang='lat' dir='ltr'>Vespe-</span> 
     </span>
    </p>
   </div>
   <div class='ocr_carea' id='block_1_113' title="bbox 2082 4921 3726 4990">
    <p class='ocr_par' dir='ltr' id='par_1_113' title="bbox 2082 4921 3726 4990">
     <span class='ocr_line' id='line_1_115' title="bbox 2082 4921 3726 4990; baseline -0.003 -14"><span class='ocrx_word' id='word_1_770' title='bbox 2082 4939 2226 4988; x_wconf 90' lang='lat' dir='ltr'>ram,</span> <span class='ocrx_word' id='word_1_771' title='bbox 2251 4928 2313 4976; x_wconf 88' lang='lat' dir='ltr'>ut</span> <span class='ocrx_word' id='word_1_772' title='bbox 2353 4922 2484 4976; x_wconf 90' lang='lat' dir='ltr'>vino</span> <span class='ocrx_word' id='word_1_773' title='bbox 2533 4922 2802 4976; x_wconf 76' lang='lat' dir='ltr'>aestuetis.</span> <span class='ocrx_word' id='word_1_774' title='bbox 2860 4922 3113 4990; x_wconf 87' lang='lat' dir='ltr'>Cithara,</span> <span class='ocrx_word' id='word_1_775' title='bbox 3146 4925 3201 4974; x_wconf 89' lang='lat' dir='ltr'>et</span> <span class='ocrx_word' id='word_1_776' title='bbox 3256 4921 3396 4990; x_wconf 84' lang='lat' dir='ltr'>lyra,</span> <span class='ocrx_word' id='word_1_777' title='bbox 3450 4922 3501 4970; x_wconf 91' lang='lat' dir='ltr'>et</span> <span class='ocrx_word' id='word_1_778' title='bbox 3545 4921 3726 4983; x_wconf 66' lang='lat' dir='ltr'>tympa-</span> 
     </span>
    </p>
   </div>
   <div class='ocr_carea' id='block_1_114' title="bbox 2081 5007 3727 5076">
    <p class='ocr_par' dir='ltr' id='par_1_114' title="bbox 2081 5007 3727 5076">
     <span class='ocr_line' id='line_1_116' title="bbox 2081 5007 3727 5076; baseline -0.006 -12"><span class='ocrx_word' id='word_1_779' title='bbox 2081 5027 2243 5076; x_wconf 90' lang='lat' dir='ltr'>num,</span> <span class='ocrx_word' id='word_1_780' title='bbox 2276 5015 2334 5064; x_wconf 88' lang='lat' dir='ltr'>et</span> <span class='ocrx_word' id='word_1_781' title='bbox 2356 5011 2518 5076; x_wconf 89' lang='lat' dir='ltr'>tibia,</span> <span class='ocrx_word' id='word_1_782' title='bbox 2546 5016 2601 5063; x_wconf 93' lang='lat' dir='ltr'>et</span> <span class='ocrx_word' id='word_1_783' title='bbox 2639 5010 2837 5064; x_wconf 90' lang='lat' dir='ltr'>vinum</span> <span class='ocrx_word' id='word_1_784' title='bbox 2863 5009 2922 5063; x_wconf 92' lang='lat' dir='ltr'>in</span> <span class='ocrx_word' id='word_1_785' title='bbox 2963 5009 3234 5064; x_wconf 88' lang='lat' dir='ltr'>conviviis</span> <span class='ocrx_word' id='word_1_786' title='bbox 3279 5007 3487 5070; x_wconf 87' lang='lat' dir='ltr'>vestris,</span> <span class='ocrx_word' id='word_1_787' title='bbox 3530 5008 3579 5055; x_wconf 91' lang='lat' dir='ltr'>et</span> <span class='ocrx_word' id='word_1_788' title='bbox 3610 5011 3727 5068; x_wconf 81' lang='lat' dir='ltr'>opus</span> 
     </span>
    </p>
   </div>
   <div class='ocr_carea' id='block_1_115' title="bbox 2083 5093 3728 5168">
    <p class='ocr_par' dir='ltr' id='par_1_115' title="bbox 2083 5093 3728 5168">
     <span class='ocr_line' id='line_1_117' title="bbox 2083 5093 3728 5168; baseline -0.01 -15"><span class='ocrx_word' id='word_1_789' title='bbox 2083 5099 2311 5153; x_wconf 90' lang='lat' dir='ltr'>Domini</span> <span class='ocrx_word' id='word_1_790' title='bbox 2341 5115 2458 5152; x_wconf 91' lang='lat' dir='ltr'>non</span> <span class='ocrx_word' id='word_1_791' title='bbox 2495 5099 2800 5168; x_wconf 87' lang='lat' dir='ltr'>respicitis,</span> <span class='ocrx_word' id='word_1_792' title='bbox 2834 5115 2936 5152; x_wconf 91' lang='lat' dir='ltr'>nec</span> <span class='ocrx_word' id='word_1_793' title='bbox 2969 5115 3145 5168; x_wconf 88' lang='lat' dir='ltr'>opera</span> <span class='ocrx_word' id='word_1_794' title='bbox 3187 5111 3455 5150; x_wconf 90' lang='lat' dir='ltr'>manuum</span> <span class='ocrx_word' id='word_1_795' title='bbox 3482 5093 3591 5160; x_wconf 89' lang='lat' dir='ltr'>ejus</span> <span class='ocrx_word' id='word_1_796' title='bbox 3615 5100 3728 5140; x_wconf 89' lang='lat' dir='ltr'>con-</span> 
     </span>
    </p>
   </div>
   <div class='ocr_carea' id='block_1_116' title="bbox 2081 5173 3724 5263">
    <p class='ocr_par' dir='ltr' id='par_1_116' title="bbox 2081 5173 3724 5263">
     <span class='ocr_line' id='line_1_118' title="bbox 2081 5173 3724 5263; baseline -0.01 -23"><span class='ocrx_word' id='word_1_797' title='bbox 2081 5187 2358 5240; x_wconf 89' lang='lat' dir='ltr'>sideratis.</span> <span class='ocrx_word' id='word_1_798' title='bbox 2378 5186 2665 5240; x_wconf 87' lang='lat' dir='ltr'>Etiterum</span> <span class='ocrx_word' id='word_1_799' title='bbox 2690 5188 2810 5240; x_wconf 71' lang='lat' dir='ltr'>:Vm</span> <span class='ocrx_word' id='word_1_800' title='bbox 2828 5187 2926 5257; x_wconf 91' lang='lat' dir='ltr'>qui</span> <span class='ocrx_word' id='word_1_801' title='bbox 2944 5190 3208 5256; x_wconf 84' lang='lat' dir='ltr'>potentes</span> <span class='ocrx_word' id='word_1_802' title='bbox 3225 5184 3356 5238; x_wconf 90' lang='lat' dir='ltr'>estis</span> <span class='ocrx_word' id='word_1_803' title='bbox 3373 5182 3439 5236; x_wconf 88' lang='lat' dir='ltr'>ad</span> <span class='ocrx_word' id='word_1_804' title='bbox 3455 5173 3724 5263; x_wconf 78' lang='lat' dir='ltr'>bibendum</span> 
     </span>
    </p>
   </div>
   <div class='ocr_carea' id='block_1_117' title="bbox 2083 5271 3723 5352">
    <p class='ocr_par' dir='ltr' id='par_1_117' title="bbox 2083 5271 3723 5352">
     <span class='ocr_line' id='line_1_119' title="bbox 2083 5271 3723 5352; baseline -0.008 -22"><span class='ocrx_word' id='word_1_805' title='bbox 2083 5275 2300 5340; x_wconf 90' lang='lat' dir='ltr'>vinum,</span> <span class='ocrx_word' id='word_1_806' title='bbox 2343 5281 2399 5329; x_wconf 92' lang='lat' dir='ltr'>et</span> <span class='ocrx_word' id='word_1_807' title='bbox 2427 5275 2533 5328; x_wconf 82' lang='lat' dir='ltr'>viri</span> <span class='ocrx_word' id='word_1_808' title='bbox 2566 5276 2740 5328; x_wconf 89' lang='lat' dir='ltr'>fortes</span> <span class='ocrx_word' id='word_1_809' title='bbox 2771 5275 2843 5329; x_wconf 91' lang='lat' dir='ltr'>ad</span> <span class='ocrx_word' id='word_1_810' title='bbox 2887 5275 3235 5328; x_wconf 89' lang='lat' dir='ltr'>miscendam</span> <span class='ocrx_word' id='word_1_811' title='bbox 3284 5271 3606 5328; x_wconf 88' lang='lat' dir='ltr'>ebrietatem,</span> <span class='ocrx_word' id='word_1_812' title='bbox 3643 5272 3723 5352; x_wconf 57' lang='lat' dir='ltr'>qu}</span> 
     </span>
    </p>
   </div>
   <div class='ocr_carea' id='block_1_118' title="bbox 2079 5351 3720 5435">
    <p class='ocr_par' dir='ltr' id='par_1_118' title="bbox 2079 5351 3720 5435">
     <span class='ocr_line' id='line_1_120' title="bbox 2079 5351 3720 5435; baseline -0.006 -17"><span class='ocrx_word' id='word_1_813' title='bbox 2079 5364 2402 5434; x_wconf 82' lang='lat' dir='ltr'>justiticatis</span> <span class='ocrx_word' id='word_1_814' title='bbox 2430 5364 2675 5435; x_wconf 91' lang='lat' dir='ltr'>impium</span> <span class='ocrx_word' id='word_1_815' title='bbox 2728 5381 2832 5434; x_wconf 91' lang='lat' dir='ltr'>pro</span> <span class='ocrx_word' id='word_1_816' title='bbox 2865 5363 3220 5429; x_wconf 89' lang='lat' dir='ltr'>muneribus,</span> <span class='ocrx_word' id='word_1_817' title='bbox 3251 5367 3306 5415; x_wconf 93' lang='lat' dir='ltr'>et</span> <span class='ocrx_word' id='word_1_818' title='bbox 3327 5357 3583 5431; x_wconf 87' lang='lat' dir='ltr'>justitiam</span> <span class='ocrx_word' id='word_1_819' title='bbox 3605 5351 3720 5419; x_wconf 60' lang='lat' dir='ltr'>jus“</span> 
     </span>
    </p>
   </div>
   <div class='ocr_carea' id='block_1_119' title="bbox 2084 5437 3716 5522">
    <p class='ocr_par' dir='ltr' id='par_1_119' title="bbox 2084 5437 3716 5522">
     <span class='ocr_line' id='line_1_121' title="bbox 2084 5437 3716 5522; baseline -0.008 -16"><span class='ocrx_word' id='word_1_820' title='bbox 2084 5451 2319 5506; x_wconf 87' lang='lat' dir='ltr'>aufertis</span> <span class='ocrx_word' id='word_1_821' title='bbox 2351 5451 2421 5506; x_wconf 89' lang='lat' dir='ltr'>ab</span> <span class='ocrx_word' id='word_1_822' title='bbox 2455 5469 2541 5505; x_wconf 93' lang='lat' dir='ltr'>eo.</span> <span class='ocrx_word' id='word_1_823' title='bbox 2587 5454 2826 5522; x_wconf 86' lang='lat' dir='ltr'>Propter</span> <span class='ocrx_word' id='word_1_824' title='bbox 2856 5452 2986 5517; x_wconf 87' lang='lat' dir='ltr'>hoc,</span> <span class='ocrx_word' id='word_1_825' title='bbox 3046 5450 3192 5503; x_wconf 88' lang='lat' dir='ltr'>sicut</span> <span class='ocrx_word' id='word_1_826' title='bbox 3225 5451 3445 5503; x_wconf 72' lang='lat' dir='ltr'>devorat</span> <span class='ocrx_word' id='word_1_827' title='bbox 3493 5437 3716 5508; x_wconf 72' lang='lat' dir='ltr'>stipulam</span> 
     </span>
    </p>
   </div>
  </div>
