4010 6192
114 232 219 283 893

925 229 1399 286 DECRETORUM
1445 228 1643 286 LIBRI
1683 228 1797 281 XX.
1831 256 1901 265 —
1936 227 2149 282 LIBER
2188 225 2493 281 DECIMUS
2531 226 2848 289 QUINTUS.

3565 237 3672 288 897's

115 353 305 423 lingua
328 349 496 419 ignis,
532 356 588 403 et
630 353 787 404 calor
819 351 1066 406 ﬂamma:
1090 353 1293 417 exurit,
1327 353 1406 406 sic
1436 354 1603 407 radix
1636 366 1848 403 eorum
1880 356 1921 407 Α
1966 350 2153 405 Esaias
2181 350 2258 402 sic
2295 348 2503 418 arguit,
2543 350 2736 403 dicens
2765 368 2777 403 :
2811 352 2901 405 Va:
2937 352 3038 422 qui
3093 354 3434 423 consurgitis
3499 373 3669 410 mane

113 440 274 511 quasi
304 439 493 492 favilla
553 440 685 504 erit,
742 446 794 494 et
851 458 1087 511 germen
1128 458 1349 506 eorum,
1385 447 1447 495 ut
1498 439 1700 511 pulvis
1755 455 1851 490 as—

114 529 333 581 cendet.
368 528 724 596 Abjecerunt
756 530 913 582 enim
944 532 1129 599 legem
1184 530 1413 583 Domini
1457 528 1848 593 exercituum,

116 622 171 670 et
203 615 495 685 eloquium
525 617 711 669 sancti
740 618 907 671 Israel
944 620 1504 688 blasphemavcrunt.
1542 617 1682 670 ldeo
1726 614 1847 668 ira-

116 712 207 757 tus
230 710 311 757 est
342 704 507 757 furor
551 705 788 758 Domini
820 707 880 758 in
915 708 1125 776 populo
1167 722 1288 769 suo,
1326 710 1381 759 et
1411 703 1675 758 extendit
1733 717 1851 754 ma-

117 809 260 846 num
281 808 440 845 suam
481 808 661 861 super
703 810 858 859 eum,
885 799 941 847 et
976 794 1253 864 percussit
1297 810 1451 859 eum,
1513 789 1848 844 conturbati

116 886 253 935 sunt
283 891 523 945 montes,
578 887 635 933 et
682 882 834 935 facta
886 889 1019 935 sunt
1052 882 1351 934 morticina
1397 896 1628 947 eorum,
1682 879 1848 947 quasi

115 975 333 1024 stercus
358 970 418 1023 in
451 970 643 1022 medio
693 972 1034 1039 platearum.
1079 972 1140 1022 1n
1180 970 1449 1023 omnibus
1480 969 1569 1022 his
1615 982 1735 1019 non
1765 973 1850 1022 est

116 1059 389 1112 adversus
424 1059 588 1111 furor
619 1059 768 1127 ejus,
802 1060 898 1112 sed
926 1060 1107 1112 adhuc
1156 1074 1363 1110 manus
1406 1059 1530 1127 ejus
1591 1060 1841 1109 extensa.

458 1149 589 1201 CAP.
627 1148 788 1201 XVII.
824 1177 893 1186 —
922 1150 1061 1201 Item
1107 1148 1171 1199 dc
1209 1147 1485 1199 ebrietate.

188 1236 451 1304 (Sanctus
498 1237 745 1289 Isidorus
795 1236 930 1289 dicit
959 1234 996 1303 ε)
1053 1237 1200 1288 Escze
1271 1236 1590 1304 crapulam,
1677 1237 1847 1301 potus

117 1325 478 1389 ebrietatem,
538 1328 839 1393 generant.
888 1324 1136 1376 Ebrietas
1197 1327 1389 1375 autem
1446 1321 1847 1391 perturbatio-

118 1430 259 1467 nem
281 1414 465 1483 gignit
503 1413 738 1477 mentis,
772 1412 1027 1465 furorem
1058 1412 1264 1477 cordis,
1321 1412 1618 1465 flammam
1658 1410 1848 1463 libidi-

118 1502 233 1555 nis.
270 1502 524 1555 Ebrietas
574 1501 658 1554 ita
691 1506 946 1554 mentem
977 1500 1206 1567 alienat,
1243 1504 1303 1553 ut
1343 1500 1439 1552 ubi
1475 1500 1547 1553 sit
1604 1499 1842 1553 nesciat.

121 1592 284 1646 [inde
317 1591 487 1644 etiam
550 1590 773 1643 malum
822 1606 937 1642 non
987 1589 1246 1653 sentitur,
1302 1589 1453 1658 quod
1502 1605 1609 1657 per
1662 1588 1841 1641 ebrie-

121 1686 306 1734 tatem
344 1679 738 1732 committitur.
775 1679 982 1731 Verum
1041 1683 1144 1743 est,
1177 1678 1328 1747 quod
1351 1677 1516 1747 juxta
1585 1678 1844 1747 prephe-

122 1775 241 1823 tam
273 1768 533 1823 dicitur:
591 1766 919 1821 Fornicatio
977 1771 1031 1820 et
1096 1767 1339 1819 ebrietas
1398 1764 1650 1818 auferret
1726 1782 1840 1820 cor.

126 1856 453 1912 Fornicatio
507 1855 682 1919 enim,
744 1855 890 1907 sicut
950 1855 1028 1907 ait
1093 1854 1381 1917 Salomon,
1451 1853 1697 1907 infatuat
1754 1871 1842 1907 sa-

124 1947 406 2017 pientem.
469 1945 745 2010 Ebrietas,
805 1943 952 1996 sicut
1000 1943 1059 1995 in
1108 1944 1249 1996 Loth
1300 1958 1494 1995 sensus
1558 1942 1843 1995 rationem

126 2036 401 2105 captivat.
450 2034 605 2087 Unde
652 2036 707 2084 et
770 2032 832 2084 in
860 2031 1183 2084 Proverbiis
1225 2048 1236 2084 :
1288 2033 1572 2097 Potentes,
1636 2031 1845 2100 inquit,

128 2125 226 2194 qui
260 2122 523 2176 iracundi
562 2126 717 2186 sunt,
752 2121 948 2173 vinum
982 2138 1096 2174 non
1129 2120 1348 2182 bibant,
1393 2135 1484 2185 ne,
1518 2135 1648 2171 cum
1687 2119 1848 2172 bibe-

128 2213 263 2277 rint,
328 2210 733 2263 obliviscautur
783 2208 1143 2278 sapientiam.
1230 2209 1523 2278 Plerisque
1584 2210 1706 2261 laus
1765 2213 1849 2261 est

128 2301 384 2354 multum
416 2298 631 2365 bibere,
664 2302 720 2350 et
752 2314 865 2349 non
905 2297 1199 2351 inebriari.
1258 2298 1509 2351 Aizdiant
1548 2286 1606 2350 hi
1649 2298 1847 2350 adver-

132 2406 262 2443 sum
287 2405 350 2441 se
382 2388 659 2441 dicentem
689 2387 1030 2456 prophetam
1065 2403 1076 2439 :
1114 2388 1205 2439 Vae
1251 2387 1349 2456 qui
1404 2391 1662 2456 potentes
1716 2388 1847 2439 estis

133 2479 197 2532 ad
252 2477 570 2531 bibendum
624 2477 847 2541 vinum,
908 2479 962 2527 et
1007 2475 1114 2527 viri
1154 2476 1327 2528 fortes
1369 2475 1435 2527 ad
1499 2474 1847 2527 miscendam

132 2566 495 2619 ebrietatem.
523 2564 664 2617 Vino
692 2564 875 2617 multo
899 2563 1142 2630 deditos,
1167 2566 1222 2616 et
1246 2562 1541 2617 luxuriose
1572 2563 1844 2629 viventes,

1963 440 2035 493 ad
2089 437 2426 491 ebrietatem
2474 439 2822 505 sectandam,
2876 445 2932 492 et
2984 442 3302 509 potandum
3355 459 3535 512 usque
3600 446 3669 498 ad

1963 543 2279 598 vesperam,
2302 531 2367 579 ut
2397 526 2528 580 vino
2570 528 2840 581 aestuetis.
2879 530 2953 581 De
3001 530 3229 594 talibus,
3273 534 3329 582 et
3381 530 3489 583 alio
3547 532 3668 585 loco

1963 617 2173 670 dicitur
2206 631 2218 667 :
2255 615 2345 666 Vae
2387 614 2511 679 tibi,
2566 615 2760 667 civitas
2814 615 2975 683 cujus
3033 632 3134 669 rex
3189 616 3418 686 juvenis
3475 623 3578 684 est,
3613 624 3671 672 et

1962 705 2125 774 cujus
2158 702 2445 772 principes
2478 719 2645 757 mane
2678 704 2994 757 comedent.
3033 705 3192 757 Multi
3232 705 3386 758 enim
3418 723 3451 759 a
3501 722 3668 760 mane

1963 810 2145 863 usque
2177 791 2246 843 ad
2287 790 2420 843 solis
2451 792 2796 857 accubitum,
2832 792 3092 845 ebrietati
3124 798 3180 846 et
3213 794 3364 861 gula:
3406 794 3668 863 volupta-

1959 883 2112 935 tibus
2166 879 2440 944 serviunt,
2480 896 2585 932 nec
2641 880 2972 949 intelligunt
3018 897 3119 933 cur
3184 882 3301 933 nati
3350 888 3519 935 sunt:
3572 884 3668 936 sed

1959 967 2378 1022 consuetudine
2411 966 2641 1020 beluina
2690 968 2924 1035 detenti,
2970 969 3212 1021 luxuria:
3261 974 3484 1022 tantum
3549 974 3671 1023 tota

1958 1058 2068 1122 die,
2096 1054 2396 1124 epulisque
2430 1055 2766 1108 inserviunt.
2810 1056 3031 1108 Clamat
3067 1056 3184 1109 Joel
3230 1057 3531 1125 propheta,
3579 1058 3669 1110 his

1959 1145 2060 1214 qui
2136 1141 2398 1195 ebrietati
2452 1143 2799 1209 deserviunt,
2855 1144 3091 1197 dicens:
3172 1145 3665 1213 Expergiscimini,

1960 1232 2124 1297 ebrii,
2158 1236 2214 1283 et
2244 1232 2395 1294 ﬂete,
2427 1237 2481 1283 et
2510 1232 2746 1297 ululata,
2777 1248 2973 1285 omnes
3006 1232 3105 1302 qui
3149 1233 3340 1285 bibitis
3371 1234 3566 1285 vinum
3608 1234 3664 1285 in

1959 1321 2342 1374 dulcedinem.
2375 1320 2495 1383 Quo
2537 1320 2887 1386 testimonio,
2938 1336 3055 1373 non
3106 1321 3182 1374 ait
3234 1325 3479 1387 tantum,
3535 1318 3691 1374 flete‘

1959 1425 2161 1463 omnes
2195 1410 2294 1478 qui
2324 1409 2519 1463 bibitis
2550 1409 2772 1475 viuum,
2816 1414 2875 1462 ut
2906 1409 3104 1462 bibere
3155 1410 3390 1462 omnino
3431 1426 3549 1463 non
3592 1409 3667 1462 li-

1957 1502 2101 1563 ceat,
2137 1498 2235 1550 sed
2275 1497 2483 1567 adjecit
2526 1497 2587 1549 in
2628 1496 3007 1563 dulcedinem,
3043 1497 3199 1566 quod
3250 1498 3321 1551 ad
3362 1498 3669 1567 voluptuo-

1957 1603 2079 1639 sam
2139 1585 2410 1656 pertinet,
2446 1588 2501 1638 et
2548 1585 2851 1654 prodigam
2886 1585 3244 1639 effusionem.
3285 1587 3423 1639 Nam
3484 1601 3665 1654 quan-

1955 1680 2080 1729 tum
2112 1674 2248 1727 satis
2281 1679 2367 1727 est
2406 1673 2731 1727 necessitati
2788 1673 2989 1725 edocet
3043 1672 3404 1726 Timotheum
3473 1672 3667 1724 bibere

1956 1764 2266 1833 Apostolus
2295 1762 2487 1816 dicens
2519 1779 2531 1815 :
2570 1762 2709 1814 Vino
2742 1760 2967 1813 modico
3002 1766 3182 1812 utere.
3218 1762 3341 1813 Non
3384 1760 3565 1813 solum
3601 1774 3668 1811 ex

1956 1852 2090 1905 vino
2143 1851 2505 1905 inebriantur
2536 1849 2819 1915 homines,
2867 1850 2963 1901 sed
2994 1850 3164 1902 etiam
3215 1866 3279 1901 ex
3311 1847 3532 1901 caeteris
3560 1864 3666 1916 p0-

1956 1940 2118 1994 tandi
2151 1939 2484 2008 generibus,
2514 1953 2642 2008 quas
2673 1937 2826 1990 vario
2860 1938 3028 1990 modo
3074 1938 3473 1991 coniiciuntur.
3510 1936 3669 1990 Unde

1959 2036 2017 2083 et
2043 2028 2344 2093 Nazarazis,
2373 2028 2474 2098 qui
2500 2044 2557 2079 se
2581 2025 3012 2079 sanctiﬁcabant
3030 2027 3275 2079 Domino
3312 2030 3667 2095 praeceptum

1960 2122 2045 2170 est
2091 2117 2292 2169 vinum
2353 2121 2409 2168 et
2461 2115 2699 2167 siceram
2757 2131 2873 2167 non
2929 2113 3165 2167 bibere?
3224 2119 3463 2180 utraque
3511 2113 3667 2166 enim

1958 2210 2170 2258 statum
2202 2204 2414 2257 mentis
2446 2208 2725 2265 evertunt.
2790 2206 2845 2255 et
2898 2203 3152 2256 ebriosos
3182 2202 3413 2256 faciunt.
3479 2203 3669 2255 Luxu-

1959 2294 2104 2347 riam
2130 2294 2346 2363 quippe
2378 2292 2564 2345 carnis
2615 2300 2857 2362 utraque
2886 2292 3187 2362 aequaliter
3218 2292 3482 2361 gignunt.
3530 2290 3665 2353 Qui-

1962 2383 2093 2437 dam
2128 2384 2517 2449 continentes,
2551 2382 2698 2434 sicut
2730 2397 2934 2450 panem
2977 2397 3106 2432 cum
3150 2381 3401 2449 pondere
3466 2379 3663 2445 edunt,

1961 2473 2038 2525 ita
2071 2476 2126 2524 et
2178 2487 2390 2540 aquam
2439 2486 2569 2523 cum
2621 2487 2889 2523 mensura
2935 2476 3191 2532 sumunt,
3250 2473 3562 2521 asserentes
3594 2468 3665 2520 ad

1962 2559 2361 2614 castimoniam
2412 2560 2619 2628 carnis,
2668 2559 2841 2613 etiam
2891 2559 3292 2613 abstinentiam
3336 2557 3659 2611 convenire.

1408 2701 1583 2740 FINIS
1628 2700 1807 2739 LIBRI
1850 2698 2073 2737 DECIMI
2120 2698 2390 2744 QUARTI.

820 2948 1115 3020 INDEX
1172 2945 1861 3019 CAPITULORUM
1923 2943 2178 3015 LIBRI
2242 2942 2581 3014 DECIMI
2644 2940 3001 3026 QUINTI.

134 3096 268 3148 CAP.
311 3095 361 3145 1.
387 3089 645 3161 Episcopi
674 3089 1004 3160 impositam
1039 3106 1070 3142 a
1119 3090 1232 3141 Deo
1264 3090 1370 3143 sibi
1402 3106 1601 3143 curam
1630 3089 1691 3141 in
1740 3106 1847 3157 po-
1888 3089 1928 3142 C
1964 3089 2045 3139 19.
2086 3085 2344 3150 Qualiter
2367 3084 2716 3139 studendum
2759 3087 2830 3140 sit
2869 3086 3100 3155 regibus
3148 3086 3523 3151 sacerdotum,
3575 3085 3661 3136 vel

202 3182 365 3251 pulis
395 3179 661 3245 habeant,
704 3193 1025 3248 pauperum
1068 3193 1436 3247 oppressores
1482 3194 1601 3230 non
1638 3177 1843 3230 ferant.

132 3275 180 3324 2.
224 3272 306 3323 De
331 3269 442 3321 illis
464 3268 561 3337 qui
592 3269 651 3321 in
683 3266 989 3337 episcopiis
1012 3266 1266 3335 praedam
1299 3266 1558 3319 fecerint.

206 3362 262 3413 3.
302 3359 373 3411 Ut
404 3357 654 3426 episcopi
711 3358 1019 3425 potestates
1077 3354 1424 3408 admoneant
1455 3360 1515 3407 ut
1562 3367 1845 3423 pauperes

208 3463 335 3500 non
368 3445 715 3515 opprimant.

133 3538 186 3591 4.
227 3538 316 3589 De
346 3535 542 3587 eadem
572 3550 653 3586 re.

134 3630 188 3679 5.
251 3626 335 3676 De
375 3621 725 3674 secularibus
800 3619 1109 3672 Ecclesiam
1158 3618 1246 3673 vel
1308 3617 1579 3671 clericum
1629 3616 1847 3687 injuste

212 3710 724 3766 calumniantibus.

139 3806 191 3856 6.
237 3802 314 3855 Ut
340 3804 763 3868 contemptores
793 3812 1079 3850 canonum
1112 3795 1702 3850 excommunicentur.

140 3897 190 3946 7.
232 3892 315 3944 De
338 3886 871 3958 praevaricatoribus
904 3886 1227 3939 divinarum
1257 3886 1470 3955 legum.

141 3984 193 4035 8.
232 3978 404 4043 Quod
450 3993 565 4030 non
595 3976 765 4029 liceat
810 3974 1163 4045 imperatori,
1212 3975 1299 4029 vel
1339 3974 1605 4045 cuiquam
1649 3978 1850 4043 poten-

213 4075 351 4123 tum
381 4065 595 4136 aliquid
642 4081 812 4134 agere
841 4070 1038 4117 contra
1086 4064 1342 4117 divinum
1388 4064 1744 4125 mandatum,
1796 4067 1854 4117 ct

215 4156 383 4229 quod
432 4154 713 4224 judicium
756 4154 1031 4224 injustum
1084 4154 1241 4222 regio
1291 4158 1449 4206 metu
1500 4152 1849 4217 ordinatum,

215 4261 343 4299 non
373 4244 574 4297 valeat.

138 4350 191 4401 9.
242 4344 321 4397 Ut
350 4356 521 4394 nemo
556 4343 755 4393 contra
783 4354 1026 4393 canones
1059 4354 1179 4391 esse
1211 4341 1544 4408 praesumat.

142 4444 231 4497 10.
270 4440 353 4493 De
379 4438 749 4507 imperatoria
776 4438 925 4508 lege.

145 4543 231 4593 t1.
274 4535 519 4599 Quando
564 4535 837 4588 canonica
878 4534 1251 4600 ventilantur,
1301 4532 1412 4587 nisi
1454 4532 1567 4587 sint
1599 4531 1852 4603 religiosi

214 4624 357 4680 laici
387 4639 500 4676 non
531 4622 817 4675 intersint.

142 4727 231 4777 12.
274 4722 348 4773 Ut
388 4718 514 4771 laici
546 4718 606 4771 in
634 4719 872 4788 synodo,
906 4718 1017 4771 nisi
1060 4717 1280 4772 clericis
1328 4716 1688 4788 jubentibus,
1750 4718 1851 4771 do-

212 4825 354 4865 cere
380 4824 496 4860 non
521 4807 785 4861 audeant.

140 4911 231 4963 13.
275 4906 349 4959 Ut
380 4904 628 4973 populus
650 4902 938 4956 docendus
966 4903 1056 4968 si-t,
1100 4919 1213 4957 non
1251 4904 1598 4973 sequendus.

137 5005 232 5058 14.
272 5002 356 5053 De
392 4999 486 5053 illo
510 4999 609 5070 qui
642 5004 838 5054 contra
868 5000 1159 5053 decretum
1191 5001 1445 5071 episcopi
1466 5000 1708 5055 venerit.

139 5104 232 5155 15.
275 5097 675 5151 Admoneatur
733 5097 1067 5167 imperator,
1127 5102 1191 5151 ut
1245 5098 1566 5152 constitutis
1627 5101 1850 5168 aposto-

216 5188 353 5242 licae
393 5186 542 5239 sedis
578 5187 950 5256 obtemperet.

141 5291 234 5341 16.
277 5284 571 5339 Generalis
603 5284 914 5337 admonitio
943 5298 1164 5353 regum.

138 5390 235 5439 17.
275 5382 406 5435 Alia
435 5380 749 5434 admonitio
782 5380 1129 5450 principum,

138 5486 236 5535 18.
274 5479 420 5531 Item
448 5477 771 5531 adhortatio
800 5476 1146 5547 principum.

2031 3175 2231 3245 populi
2262 3178 2494 3244 peccata
2526 3176 2739 3229 ulcisci.

1957 3268 2044 3319 20.
2086 3268 2161 3319 De
2194 3265 2393 3318 eadem
2424 3282 2505 3318 re.

1957 3355 2044 3406 21.
2082 3354 2243 3417 Quod
2290 3355 2601 3406 multorum
2657 3354 2911 3407 solamen
2962 3355 3057 3423 sit,
3108 3354 3155 3407 si
3204 3354 3513 3425 prudentes
3556 3354 3662 3405 viri

2028 3443 2262 3511 regibus
2283 3443 2635 3495 adhaareant.

1956 3532 2047 3583 22.
2086 3532 2153 3585 Ut
2178 3545 2378 3599 regum
2414 3529 2723 3582 adversarii
2751 3533 3340 3584 excommunicentur.

1958 3622 2047 3672 23.
2086 3622 2159 3673 De
2191 3619 2302 3673 illis
2334 3619 2431 3688 qui
2462 3618 2709 3688 principi
2741 3635 2859 3671 non
2887 3619 3231 3673 obedierint.

1958 3708 2046 3760 24.
2085 3710 2161 3761 De
2196 3707 2308 3760 illis
2363 3706 2460 3776 qui
2493 3707 2553 3759 in
2597 3707 2935 3760 adversitate
2994 3708 3241 3778 propriae
3298 3705 3503 3776 gentis,
3565 3710 3662 3759 aut

2030 3797 2230 3865 patriae
2258 3794 2567 3865 culpabiles
2588 3794 2981 3849 inveniuntur.

1958 3888 2046 3938 25.
2081 3886 2148 3939 Ut
2179 3885 2370 3938 nullus
2427 3888 2740 3953 praesumat
2770 3885 3029 3953 principe
3054 3884 3274 3936 vivente
3330 3882 3505 3936 alium
3556 3882 3658 3936 eli-

2031 3990 2164 4042 gere
2196 3990 2410 4043 regem.

1961 4064 2046 4115 26.
2089 4065 2155 4116 Ut
2186 4078 2354 4116 nemo
2381 4061 2644 4115 intendat
2688 4061 2745 4113 in
2777 4061 3072 4115 interitum
3095 4059 3265 4131 regis.

1960 4153 2048 4217 27.
2086 4152 2158 4204 [)e
2191 4150 2454 4205 ﬁdelibus
2485 4165 2710 4219 regum.

1959 4240 2047 4293 28.
2088 4237 2165 4291 De
2204 4255 2406 4310 regum
2434 4239 2651 4293 sobole.

1962 4329 2050 4380 29.
2086 4328 2249 4390 Quod
2308 4326 2589 4398 quidquid
2639 4329 2959 4380 commotus
3000 4325 3227 4379 animus
3278 4325 3492 4391 fecerit,
3552 4326 3659 4378 hoc

2029 4415 2252 4485 justum
2291 4419 2469 4485 putat.

1961 4504 2047 4558 30.
2098 4504 2257 4567 Quod
2316 4503 2443 4556 laici
2502 4504 2884 4573 presbyteros,
2946 4503 3046 4573 qui
3090 4502 3370 4557 Ecclesias
3425 4503 3659 4557 illorum

2034 4595 2246 4659 tenent,
2271 4592 2396 4657 (non
2427 4592 2581 4646 aliud
2642 4609 2815 4662 quam
2861 4592 3118 4646 divinum
3177 4592 3431 4646 ofﬁcium
3489 4594 3661 4660 agere

2033 4685 2257 4749 cogant.

1963 4772 2048 4824 31.
2108 4770 2174 4823 Ut
2201 4767 2384 4823 Judaei
2407 4785 2579 4837 super
2600 4767 2952 4822 Christianos
2974 4785 3087 4823 non
3120 4774 3423 4839 ponantur.
3628 4824 3631 4825 ,

1965 4862 2050 4914 3'2.
2096 4858 2259 4922 Quod
2315 4861 2508 4911 sancta
2548 4857 2793 4911 Ecclesia
2831 4874 3013 4911 unum
3072 4864 3294 4928 patrem
3354 4858 3557 4912 habeat
3602 4856 3661 4910 in

2035 4947 2205 5001 czelis.

1912 5034 1919 5041 ’
1965 5039 2051 5090 33.
2105 5037 2184 5089 De
2210 5034 2306 5088 illo
2339 5033 2439 5105 qui
2495 5050 2600 5103 pro
2641 5033 2884 5087 catholia
2930 5033 3040 5087 ﬁde
3097 5032 3495 5086 tribulationes
3554 5049 3661 5103 pa-

2039 5122 2196 5176 titur.

1968 5213 2054 5265 3’i.
2111 5214 2186 5265 De
2219 5210 2557 5273 hzeredibus,
2590 5209 2635 5261 si
2675 5210 2836 5279 jussa
2866 5207 3174 5265 itestatoris
3223 5225 3336 5261 non
3392 5208 3662 5279 impleve-

2038 5300 2175 5364 rint,
2209 5304 2269 5352 ut
2301 5300 2602 5369 episcopus
2629 5298 2959 5367 adimpleat.

1970 5392 2054 5442 35.
2123 5389 2193 5440 Ut
2224 5387 2352 5441 laici
2383 5388 2643 5457 quamvis
2672 5383 2928 5454 religiosi
2958 5382 3335 5437 ecclesiastica
3384 5400 3498 5436 non
3544 5383 3656 5436 dis-

2042 5479 2277 5543 ponanL
