4010 6192
403 230 511 282 895

395 353 484 406 36.
520 352 597 406 De
628 350 739 405 illis
769 350 868 422 qui
899 368 989 405 res
1012 351 1271 405 Ecclesia:
1301 367 1333 403 a
1362 349 1595 419 regibus
1628 353 1849 420 petunt.

396 441 484 493 37.
519 441 595 494 De
623 456 714 508 eo,
747 440 793 491 si
824 439 1123 509 episcopus
1180 437 1649 504 ecclesiasticum,
1698 443 1755 491 et
1779 453 1969 491 comes
2012 454 2102 492 se-

468 529 658 582 cnlare
686 528 961 599 placitum
995 543 1108 581 una
1140 528 1233 581 die
1266 525 1639 580 condixerint.

398 618 486 671 38.
524 618 600 670 De
635 617 866 687 regibus
892 616 1035 670 bene
1066 614 1415 686 regentibus.

282 732 293 739 -
398 707 487 759 39.
514 705 591 757 De
621 705 820 758 eadem
853 720 934 758 re.

397 792 487 847 40.
531 792 609 846 De
638 792 918 862 patientia
947 807 1169 863 regum.

1491 226 1900 283 BURCHARDI
1940 224 2096 281 WOB
2105 224 2470 281 MACIENSIS
2507 224 2838 281 EPISCOPl.
3755 235 3831 285 896

2124 353 2171 404 A
2207 350 2295 406 41.
2341 351 2417 404 De
2448 349 2668 405 delictis
2698 366 2920 421 regum,
2964 367 3061 404 seu
3095 352 3386 421 exemplis.

2209 440 2298 493 42.
2333 439 2494 504 Quod
2515 454 2681 509 reges
2696 438 2918 509 legibus
2952 443 3270 494 teneantur.

2210 529 2299 583 43.
2340 531 2414 581 De
2444 526 2745 599 disciplina
2776 543 2978 597 regum
3001 528 3062 581 in
3093 527 3351 582 Ecclesia.

2209 617 2298 671 44.
2330 616 2445 671 Cur
2472 617 2618 671 Deus
2674 616 2820 670 alios
2863 616 2931 669 ad
2984 616 3328 682 libertatem,
3392 614 3525 669 alios
3577 623 3744 674 autem
3791 624 3837 675 ad

2282 704 2614 759 servitutem
2644 704 3017 759 discrevisset.

2672 791 2883 846 Indicis
2917 790 3275 860 capitulorum
3301 792 3442 857 ﬁnis.

1735 1109 2579 1215 BURCHARDI

1402 1310 2030 1368 WORMACIENSIS
2089 1310 2496 1368 ECCLESIIE
2553 1312 2925 1368 EPISCOPI

596 1506 1601 1637 DECRETORUM
1742 1504 2185 1634 LIBER
2324 1503 2956 1636 DECIMUS
3094 1502 3700 1647 QUINTUS

1940 1734 2043 1799 DE
2090 1734 2378 1801 LAICIS.

878 2067 1365 2123 ARGUMENTUM
1408 2067 1613 2122 LIBRI.

468 2154 640 2211 Libro
691 2154 800 2210 hoc
850 2155 919 2211 de
996 2156 1155 2210 laicis
1213 2154 1403 2209 omnis
1459 2152 1804 2210 conditionis
1842 2150 2103 2207 tractatio

396 2242 740 2312 instituitur,
773 2250 891 2299 tam
919 2245 989 2299 de
1018 2246 1086 2299 iis
1112 2244 1210 2315 qui
1242 2249 1518 2315 praesunt,
1545 2248 1610 2299 ut
1637 2242 2101 2314 imperatoribus,

395 2331 652 2402 regibus,
683 2331 1059 2403 principibus,
1106 2348 1279 2403 quam
1330 2332 1419 2385 bis
1450 2332 1550 2403 qui
1597 2331 1805 2385 horum
1859 2329 2103 2400 imperio

400 2420 642 2490 subjecti
671 2425 822 2474 sunt.

404 2508 532 2562 Car.
562 2509 603 2563 Ι.
637 2538 705 2547 -
738 2509 1001 2578 Episcopi
1048 2524 1168 2563 cum
1200 2510 1507 2575 impositam
1532 2524 1567 2561 a
1618 2509 1721 2561 Deo
1771 2506 1879 2560 sibi
1918 2521 2105 2560 curam

474 2581 532 2631 in
553 2579 771 2648 populis
823 2581 1075 2642 habeant,
1126 2595 1427 2648 pauperum
1480 2592 1818 2648 oppressores
1861 2592 1966 2631 non
2015 2580 2107 2643 fe-

472 2655 620 2703 rant.

475 2738 584 2808 (Ea:
620 2739 840 2793 concilio
865 2739 1103 2793 Toletan.
1137 2742 1189 2804 5,
1221 2740 1396 2808 capite
1435 2737 1544 2807 32.)
1576 2736 1840 2808 Episcopi
1869 2734 1931 2789 in
1980 2750 2110 2806 pro-

404 2825 665 2894 tegendis
689 2827 920 2896 populis
962 2842 1027 2880 ac
1080 2827 1478 2887 defendendis.
1529 2826 1858 2897 impositam
1903 2841 1934 2878 a
1997 2825 2109 2878 Deo

405 2913 513 2967 sibi
542 2930 739 2968 curam
769 2931 885 2968 non
913 2915 1227 2986 ambigant.
1273 2917 1517 2986 Ideoque
1563 2916 1702 2969 dum
1748 2912 2112 2983 conspiciunt

400 3000 645 3071 judices,
680 3018 744 3056 ac
774 3008 1037 3073 potentes
1082 3019 1405 3074 pauperum
1446 3018 1814 3074 oppressores
1844 3002 2108 3066 existere,

408 3088 568 3159 prius
597 3104 695 3142 eos
727 3090 1067 3144 sacerdotali
1102 3091 1499 3145 admonitione
1539 3090 1888 3160 redarguant
1921 3105 1934 3143 :
1978 3094 2035 3144 et
2064 3088 2113 3142 si

409 3177 860 3247 contempserint
886 3180 1211 3246 emendare,
1250 3180 1824 3233 anathematizentur.

414 3264 543 3319 Car.
566 3265 627 3317 ll.
658 3293 727 3304 —
755 3267 826 3318 De
848 3266 958 3319 illis
1005 3269 1102 3333 qui
1146 3270 1204 3319 in
1234 3270 1519 3335 episcopiis
1565 3267 1808 3335 praidam
1862 3269 2109 3334 fecerint.

2136 2065 2176 2119 Β
2214 2065 2629 2121 catholicorum
2674 2062 3097 2131 communione,
3165 2062 3276 2118 nisi
3334 2062 3510 2135 digne
3563 2061 3844 2134 paenituerit,

2210 2158 2487 2208 arceatur.

2212 2243 2341 2299 Car.
2366 2244 2455 2298 Vl.
2489 2274 2558 2284 —
2584 2245 2652 2299 Ut
2680 2245 3060 2310 contemptores
3081 2256 3347 2295 canonum
3377 2242 3845 2295 excommuniocntw.

2284 2334 2392 2399 (Em
2429 2333 2616 2387 concil.
2678 2331 2961 2398 Carthag.,
2994 2332 3166 2399 capite
3202 2333 3308 2392 l5.)
3352 2329 3427 2383 Ut
3474 2327 3596 2383 laici
3645 2332 3848 2381 contem-

2211 2424 2401 2490 ptores
2443 2435 2728 2474 canonum
2778 2417 3349 2472 excommunicentur
3392 2432 3406 2470 :
3452 2416 3629 2469 clerici
3683 2415 3849 2469 honore

2209 2507 2526 2578 priventur.

2284 2598 2412 2652 CAP.
2436 2597 2554 2651 VII.
2575 2625 2644 2637 —
2663 2598 2739 2651 De
2760 2593 3279 2665 praevaricatoribus
3306 2593 3617 2647 divinarum
3641 2594 3803 2658 legum.

2285 2685 2395 2755 (Em
2444 2686 2631 2740 concil.
2681 2684 2833 2753 apud
2882 2682 3234 2747 Lauriacum,
3300 2684 3487 2750 capite
3546 2684 3642 2741 10.)
3677 2680 3728 2734 Si
3760 2678 3855 2748 quis

2215 2772 2479 2842 publicus
2509 2772 2718 2826 divinae
2772 2770 2913 2840 legis
2972 2770 3399 2840 praevaricator,
3432 2770 3517 2823 vel
3571 2784 3665 2839 pro
3713 2764 3852 2819 mani-

2215 2861 2374 2915 festis
2428 2859 2764 2914 criminibus
2822 2864 3147 2912 sanctorum
3201 2873 3493 2911 canonum
3553 2860 3854 2924 contemptor

2217 2954 2481 3021 repertus
2505 2948 2700 3012 fuerit,
2732 2963 2796 3000 ac
2827 2952 3150 3001 sanctorum
3208 2948 3448 2999 Patrum
3491 2940 3855 2999 constitutioni-

2219 3035 2323 3090 bus
2364 3035 2765 3101 contradictor,
2828 3040 2886 3089 et
2942 3035 2989 3089 si
3044 3034 3461 3088 monitionibus
3504 3029 3856 3103 episcopalibus

2221 3123 2623 3193 obtemperare
2654 3122 2960 3187 distulerit,
2993 3122 3536 3176 anathematizetur.

2222 3213 2352 3266 CAP.
2388 3212 2528 3266 VIII.
2558 3240 2633 3252 —
2662 3211 2817 3276 Quod
2844 3226 2953 3264 non
2978 3211 3137 3264 liceat
3164 3211 3509 3277 imperatori,
3553 3210 3630 3262 vel
3657 3208 3856 3273 cuiquam

2288 3287 2585 3352 potentum,
2656 3282 2872 3350 aliquid
2943 3296 3099 3348 agere
3165 3285 3357 3335 contra
3452 3281 3683 3334 divinum
3748 3290 3857 3328 man-

488 3354 592 3423 (Ea:
617 3355 840 3408 concilio
870 3356 1162 3422 Carthag.,
1218 3358 1395 3424 capite
1436 3354 1513 3426 8.)
1542 3355 1613 3409 Ut
1654 3355 1702 3408 si
1728 3355 1856 3425 quis
1910 3371 2112 3426 quem-
2145 3345 2186 3400 C
2288 3345 2503 3408 'datum.

413 3441 553 3496 libet
571 3442 957 3512 expoliaverit,
1004 3448 1075 3499 et
1105 3444 1453 3497 admonente
1492 3443 1764 3514 episcopo
1808 3459 1921 3497 non
1981 3445 2109 3497 red-

416 3529 651 3596 diderit,
676 3533 1224 3587 excommunicetur.

417 3634 545 3690 CAP.
580 3636 677 3691 III.
708 3662 779 3677 --
819 3639 885 3691 Ut
914 3639 1155 3706 episcopi
1202 3642 1491 3705 potestates
1520 3637 1845 3692 admoneant
1882 3641 1943 3691 ut
1963 3652 2112 3706 pau-

834 3723 992 3777 peres
1011 3724 1117 3763 non
1138 3710 1467 3778 opprimant.

490 3797 599 3864 (Ea:
625 3796 845 3849 concilio
876 3798 1185 3863 Aurelian,
1219 3799 1394 3865 capite
1420 3795 1498 3867 4.)
1533 3796 1601 3850 Ut
1630 3795 1853 3866 judices
1883 3801 1980 3849 aut
2018 3811 2116 3864 po-

413 3886 649 3937 testates
675 3883 775 3953 qui
827 3900 1109 3954 pauperes
1164 3884 1522 3954 opprimunt,
1578 3884 1625 3937 si
1690 3883 2025 3937 commoniti
2084 3899 2116 3935 a

414 3970 681 4042 pontiﬁce
722 3988 826 4025 suo
866 3987 984 4025 nou
1022 3972 1475 4038 emendaveriut,
1524 3972 2111 4027 excommunicentnr.

881 4060 1007 4113 Car.
1040 4060 1129 4114 IV.
1159 4090 1227 4099 —
1259 4062 1333 4114 De
1361 4060 1547 4114 eadem
1574 4076 1649 4115 re.

491 4150 600 4213 (Ea:
618 4146 843 4201 concilio
872 4150 1140 4215 Mogunt.,
1200 4151 1377 4217 capite
1406 4151 1485 4218 8.)
1547 4150 1616 4203 Ut
1667 4149 1915 4220 episcopi
1947 4156 2117 4220 pote-

421 4240 625 4290 statem
657 4234 906 4289 habeant
955 4253 1044 4290 res
1074 4236 1480 4290 ecclesiasticas
1531 4237 1865 4308 praevidere,
1915 4253 2116 4306 regere

421 4327 479 4376 et
509 4323 853 4394 gubernare,
885 4329 1055 4394 atque
1086 4324 1437 4394 dispensare,
1478 4327 1795 4381 secundum
1831 4342 2115 4380 canonum

422 4411 842 4464 auctoritatem.
877 4412 1152 4466 Volumus
1181 4417 1245 4466 ut
1289 4413 1415 4467 laici
1445 4414 1505 4468 in
1540 4430 1740 4469 eorum
1791 4415 2115 4470 ministerio

422 4498 692 4552 obediant
715 4498 994 4570 episcopis
1024 4501 1095 4554 ad
1122 4501 1402 4571 regendas
1436 4503 1706 4556 Ecclesias
1753 4502 1872 4569 Dei,
1916 4502 2117 4556 viduas

423 4590 489 4675 et;
530 4586 835 4675 orphanos
870 4586 1280 4675 defendendos,
1310 4596 1365 4643 et
1394 4595 1456 4643 ut
1502 4591 1830 4644 obedientes
1873 4591 1989 4644 sint
2033 4592 2115 4644 eis
2150 4622 2190 4675 ι)

423 4673 492 4728 ad
524 4689 727 4728 eorum
784 4674 1268 4729 Christianitatem
1326 4678 1684 4745 servandam,
1745 4684 1801 4731 et
1865 4678 2122 4749 episcopi

423 4761 846 4815 consentientes
865 4763 1193 4829 comitibus,
1225 4770 1282 4818 et
1331 4765 1625 4835 judicibus
1656 4765 1727 4819 ad
1762 4766 2011 4834 justitias
2040 4767 2124 4819 fa-

424 4849 678 4916 ciendas,
711 4856 767 4905 et
795 4856 857 4904 ut
887 4852 1216 4906 nullatenus
1249 4869 1353 4924 per
1378 4854 1706 4925 aliquorum
1735 4854 2121 4920 mendacium,

424 4940 515 4994 vel
546 4940 752 4994 falsum
802 4941 1217 5007 testimonium,
1266 4958 1451 5014 neque
1512 4943 1849 5014 perjurium,
1881 4949 1980 4998 aut
2026 4960 2127 5014 per
2173 5008 2191 5022 .

427 5030 734 5098 prmmium
757 5030 843 5083 lex
867 5029 1023 5098 justa
1053 5030 1113 5084 in
1143 5029 1337 5101 aliquo
1370 5032 1730 5102 depravetur.

429 5133 556 5189 Car.
620 5133 683 5186 V.
741 5163 812 5175 —
864 5137 939 5189 De
984 5135 1318 5189 secularibus
1372 5137 1662 5193 Ecclesium
1738 5137 1822 5191 vel
1874 5136 2128 5192 clericum

926 5206 1129 5272 injuste
1152 5206 1628 5260 calumniantibus.

505 5292 614 5357 (Ea:
633 5294 853 5347 concilio
878 5293 1175 5359 Agathen.,
1210 5298 1389 5363 capite
1424 5294 1534 5360 32.)
1561 5294 1615 5348 Si
1648 5295 1751 5364 qui
1781 5295 2127 5349 secularium

431 5393 538 5447 pro
566 5379 855 5433 calumnia
889 5381 1190 5435 Ecclesium
1247 5387 1347 5435 aut
1384 5382 1653 5435 clericum
1711 5382 1951 5453 fatigare
2003 5388 2129 5437 ten-

434 5467 657 5533 taverit,
689 5473 745 5521 et
772 5468 986 5523 evictus
1011 5470 1204 5535 fuerit,
1263 5471 1336 5525 ab
1395 5471 1653 5525 Ecclesiae
1706 5471 2020 5537 liminibus,
2077 5478 2132 5525 et

2291 3445 2403 3513 \Ea:
2466 3442 2610 3496 decr.
2670 3440 2914 3496 Adriani
2956 3455 3135 3509 papae,
3207 3442 3390 3507 capite
3448 3442 3554 3504 16.)
3610 3437 3720 3491 Non
3763 3433 3859 3487 licet

2223 3545 2358 3599 ergo
2384 3528 2741 3601 imperatori,
2798 3529 2885 3581 vel
2916 3529 3183 3598 cuiquam
3225 3529 3502 3597 pietatem
3556 3521 3858 3582 custodienti,

2223 3618 2441 3689 aliquid
2494 3623 2694 3672 contra
2739 3617 3011 3671 mandata
3055 3615 3370 3670 divinitatis
3419 3626 3761 3686 praesumere,
3786 3623 3862 3661 nec

2224 3707 2540 3777 quidquam
2571 3723 2684 3777 quo
2732 3705 3085 3776 Evangelicis
3112 3704 3579 3775 propheticisque
3622 3716 3711 3753 seu
3758 3712 3859 3765 apo-

2224 3795 2435 3849 stolicis
2482 3794 2695 3864 regulis
2776 3793 3061 3862 obvietur,
3139 3808 3329 3862 agere.
3413 3792 3683 3862 Injustuni
3745 3784 3861 3840 enim

2219 3882 2523 3952 judicium,
2554 3887 2612 3935 et
2651 3881 2922 3935 difﬁnitio
2954 3882 3181 3951 injusta,
3228 3880 3392 3951 regio
3423 3886 3595 3941 metu,
3625 3878 3703 3931 Vel
3738 3877 3860 3945 jussu

2226 3971 2380 4041 quod
2460 3975 2661 4023 contra
2740 3969 3127 4040 evangelicam
3198 3975 3257 4022 et
3326 3967 3727 4039 propheticam,
3792 3964 3863 4013 aut

2224 4075 2258 4113 a
2301 4057 2582 4127 judicibus
2658 4056 2919 4111 ordinata
2966 4073 3080 4111 non
3134 4057 3365 4110 valeat:
3442 4071 3544 4109 nec
3604 4053 3861 4124 quidquam

2226 4147 2590 4217 apostolicam
2639 4146 2983 4214 doctrinam,
3061 4145 3642 4215 constitutionemque
3706 4150 3861 4193 eorum

2226 4235 2343 4289 sive
2374 4238 2698 4288 sanctorum
2735 4235 2968 4288 Patrum
2997 4237 3187 4287 actum
3217 4232 3396 4287 fuerit
3440 4232 3609 4287 stabit
3638 4247 3650 4284 :
3680 4223 3861 4297 etquod

2225 4324 2298 4377 ab
2328 4322 2660 4377 inﬁdelibus
2716 4325 2814 4375 aut
2843 4321 3125 4376 haereticis
3171 4321 3388 4374 factum
3441 4320 3630 4385 fuerit,
3674 4312 3858 4399 omnino

2228 4410 2560 4464 cassabitur.
3044 4416 3056 4427 '

2299 4498 2425 4553 CAP.
2452 4498 2533 4552 1X.
2556 4528 2626 4540 —
2658 4499 2724 4552 Ut
2749 4513 2899 4551 nemo
2926 4503 3112 4551 contra
3139 4511 3367 4552 canones
3393 4511 3508 4551 esse
3533 4492 3805 4565 presumat.

2301 4587 2419 4656 (Ea:
2479 4588 2663 4641 concil.
2721 4587 2926 4651 Tibur.,
2975 4588 3151 4655 capite
3194 4586 3300 4653 10.)
3362 4586 3433 4639 Ut
3489 4579 3855 4638 constitutiones

2234 4682 2434 4730 eontra
2478 4691 2725 4729 canones
2767 4680 2825 4729 et
2884 4675 3109 4728 decreta
3151 4674 3470 4744 praesulatu
3519 4674 3862 4727 Romanorum,

2233 4766 2322 4819 vel
2348 4765 2529 4819 bonos
2556 4780 2742 4819 mores
2772 4764 2986 4818 nullius
3015 4763 3129 4817 sint
3157 4762 3457 4817 momenti.

2591 4852 2717 4907 CAP.
2746 4854 2807 4907 X.
2842 4882 2908 4891 —
2948 4855 3021 4907 De
3048 4853 3403 4920 imperatoria
3444 4852 3573 4917 lege.

2309 4940 2432 5008 (Ea:
2460 4939 2604 4995 decr.
2638 4942 2726 4994 Pii
2767 4956 2943 5011 papae,
3002 4941 3177 5009 capite
3239 4942 3318 5006 3.)
3369 4939 3481 4992 Lex
3520 4936 3870 5007 imperatorum

2238 5044 2354 5082 non
2381 5033 2465 5083 est
2496 5045 2667 5099 supra
2690 5028 2873 5099 legem
2907 5027 3026 5095 Dei,
3050 5027 3148 5081 sed
3178 5027 3399 5081 subtus.

2240 5135 2368 5191 CAP.
2401 5135 2490 5189 ΧΙ.
2534 5163 2604 5177 —
2652 5135 2879 5203 ()uando
2943 5136 3201 5188 canonica
3249 5133 3605 5197 ventilantur,
3652 5128 3751 5183 nisi
3795 5122 3874 5176 sint

2647 5206 2917 5271 religiosi,
2960 5206 3090 5258 laici
3112 5220 3218 5257 non
3248 5205 3524 5257 intersint.

2312 5294 2421 5364 (Ea:
2473 5293 2662 5348 concil.
2710 5292 3003 5357 Caballum,
3056 5293 3235 5360 capite
3276 5291 3352 5361 6.)
3410 5287 3644 5354 Quando
3690 5300 3750 5338 ea
3780 5291 3871 5351 qua

2242 5381 2520 5436 canonica
2578 5385 2711 5435 sunt
2764 5381 3132 5446 ventilentur,
3186 5379 3272 5433 vel
3343 5378 3574 5449 quando
3644 5366 3875 5459 regularis

2244 5469 2668 5536 examinantur,
2746 5485 2935 5540 neque
2981 5469 3203 5538 aliquos
3259 5467 3432 5522 laicos
3472 5466 3730 5520 interesse
3793 5455 3874 5510 nisi
