3972 6192
151 254 279 306 897

978 253 1449 311 DECRETORUM
1494 255 1685 310 LIBRI
1722 255 1828 310 XX.
1872 285 1939 292 ——
1983 252 2194 309 LIBER
2235 254 2541 309 DECIMUS
2582 255 2898 318 QUINTUS.

3587 265 3690 318 898

149 376 477 446 religiosos
520 378 758 446 oportet,
810 380 868 429 et
894 374 1007 428 nisi
1051 376 1158 429 hos
1200 377 1620 445 tantummodo,
1672 375 1772 447 qui
1817 375 1876 428 in
1908 377 1950 428 Α
1992 375 2234 445 gratiam
2260 374 2504 429 sollicita
2552 381 2742 429 mente
2789 376 3032 443 custodi,
3084 377 3463 434 Christianam
3516 382 3686 435 ﬁdem

152 466 414 534 propria
444 467 810 534 appellantur
842 481 1106 534 persona.

150 553 306 607 CAP.
340 554 455 608 XII.
484 584 549 592 ——
576 555 640 607 Ut
674 554 804 605 laici
824 556 881 605 in
909 553 1138 623 synodo,
1173 555 1286 606 nisi
1307 554 1513 608 clericis
1541 553 1878 623 jubentibus,

712 624 898 676 docere
935 640 1039 676 non
1088 624 1344 676 audeant.

243 712 361 782 (Ea:
389 714 577 767 concil.
628 712 910 780 Carthag.,
960 711 1309 782 capitettS.)
1359 711 1507 765 Laici
1553 711 1612 764 in
1663 710 1879 781 synodo

155 801 559 870 praesentibus
617 801 854 865 clericis,
914 799 1026 853 nisi
1079 799 1220 869 ipsis
1275 799 1634 869 jubentibus,
1676 800 1880 853 docere

161 906 296 942 non
329 890 602 960 audeant.

203 978 344 1032 CAP.
369 977 510 1032 XIII.
553 1007 622 1017 —
655 979 721 1031 Ut
737 977 968 1046 populus
989 979 1062 1030 sit
1087 975 1372 1040 docendus,
1396 991 1501 1030 non
1520 976 1839 1045 sequendus.

247 1066 790 1134 (Emdccret.Celest.
839 1080 1018 1132 papae,
1044 1067 1220 1132 capite
1273 1065 1388 1133 2'2.)
1451 1065 1744 1118 Docendus
1799 1070 1882 1118 est

163 1157 446 1225 populus,
489 1171 602 1206 non
665 1153 1024 1223 sequendus:
1081 1168 1297 1223 nosque
1329 1152 1376 1205 si
1418 1153 1680 1206 nesciunt
1726 1153 1878 1223 quod

159 1245 364 1308 liceat,
405 1243 612 1314 quidve
643 1258 757 1295 non
803 1242 972 1295 liceat
996 1257 1386 1308 commonere,
1440 1257 1558 1295 non
1622 1241 1712 1311 his
1737 1258 1880 1294 con—

159 1348 406 1384 sensum
464 1330 719 1399 przebere
787 1329 1083 1382 debemus.
1143 1329 1412 1400 Quisquis
1453 1345 1584 1382 vero
1641 1336 1879 1382 conatus

155 1420 348 1474 fuerit
378 1425 596 1473 tentare
614 1417 926 1489 prohibita,
960 1418 1165 1470 sentiet
1185 1434 1482 1471 censuram
1517 1419 1875 1472 canonicam.

230 1510 370 1564 Car.
401 1509 534 1562 XIV.
570 1537 630 1545 -
695 1510 768 1561 De
799 1506 895 1561 illo
949 1509 1045 1574 qui
1085 1513 1274 1628 ctontra
1322 1507 1590 1560 decretum
1644 1509 1882 1576 episcopi

904 1593 1092 1628 veneri
1125 1617 1137 1628 .

904 1593 1137 1631 υϐηίννίί.

235 1649 486 1713 (Gregor.
515 1647 651 1702 dicit
684 1647 721 1717 ε)
779 1647 837 1702 Si
894 1648 1023 1717 quis
1080 1649 1300 1702 venerit
1347 1652 1544 1702 contra
1583 1648 1873 1702 decretum
1908 1654 1948 1707 Β

160 1737 448 1806 episcopi,
482 1737 552 1789 ab
583 1736 826 1790 Ecclesia
847 1736 1167 1804 abjiciatur.

165 1826 303 1880 Car.
337 1826 442 1878 XV.
479 1855 548 1864 —-
576 1826 950 1878 Admoneatur
976 1827 1290 1893 imperator,
1317 1829 1378 1878 ut
1406 1827 1713 1879 constitutis
1751 1841 1878 1893 apo-

655 1899 854 1949 stolicae
881 1896 1024 1949 sedis
1045 1897 1384 1961 obtemperet.

238 1968 367 2038 (Ea:
392 1967 584 2021 decret.
611 1968 870 2020 Anustas.
925 1975 1127 2034 paper.)
1178 1967 1319 2019 lllud
1353 1982 1485 2019 vero
1529 1965 1875 2036 peculiarius

164 2073 276 2128 pro
309 2071 507 2110 amore
551 2054 782 2124 imperii
827 2055 1017 2120 vestri,
1053 2059 1108 2107 et
1137 2053 1491 2107 beatitudine
1536 2070 1708 2124 quam
1748 2070 1877 2107 con-

163 2144 339 2214 sequi
368 2143 576 2214 poterit
606 2159 870 2213 regnum,
918 2159 1022 2211 pro
1080 2142 1392 2211 apostolico
1438 2142 1624 2195 ofﬁcio
1664 2142 1873 2211 prirdi-

167 2248 391 2296 camus,
454 2236 515 2285 ut
565 2231 709 2284 sicut
761 2231 938 2297 decet,
993 2233 1047 2283 et
1103 2230 1346 2299 Spiritus
1402 2236 1628 2284 sanctus
1677 2230 1870 2296 dictat,

164 2321 410 2374 monitis
437 2320 646 2374 nostris
678 2319 1002 2373 obedientia
1031 2318 1373 2387 praebeatur,
1409 2322 1472 2370 ut
1496 2318 1648 2371 bona
1677 2319 1875 2370 omnia

160 2415 353 2462 vestra
387 2409 707 2479 respublica
736 2413 1141 2477 consequatur,
1177 2406 1323 2460 sicut
1369 2406 1429 2459 in
1482 2406 1672 2459 Exodo
1731 2423 1873 2476 pro-

163 2497 439 2549 mittitur.
473 2496 530 2550 Si
563 2495 813 2549 audieris
834 2511 1030 2548 vocem
1085 2493 1316 2547 Domini
1374 2493 1470 2546 Dei
1515 2494 1684 2558 tui,ct
1745 2510 1871 2563 quae

160 2585 400 2654 placent
455 2584 657 2638 feceris
705 2599 892 2637 coram
967 2599 1053 2646 eo,
1118 2586 1172 2635 et
1227 2581 1512 2635 obedieris
1575 2583 1873 2652 praeceptis

161 2673 310 2740 ejus,
345 2677 401 2725 et
448 2672 783 2725 custodieris
815 2687 1046 2725 omnem
1097 2670 1376 2740 justitiam
1436 2670 1578 2740 ejus,
1641 2685 1870 2723 omnem

163 2761 567 2815 inﬁrmitatem
600 2777 773 2830 quam
818 2761 1123 2829 importavi
1155 2759 1450 2829 Aigyptiis,
1506 2775 1617 2811 non
1657 2759 1872 2828 impor-

160 2849 301 2902 tabo
351 2849 412 2903 in
459 2854 536 2903 te.
597 2851 710 2918 Ego
769 2848 923 2902 enim
975 2864 1101 2900 sum
1165 2848 1456 2913 Dominus,
1501 2847 1600 2916 qui
1654 2847 1872 2900 salvum

161 2937 316 2991 facio
349 2943 423 2991 te.
459 2939 524 2991 Et
565 2937 680 2990 illic
727 2937 936 2990 iterum
983 2937 1121 2990 tuba
1163 2935 1557 3006 potentissima
1603 2935 1866 2990 canitur:
1905 2934 1944 2987 Ο

168 3027 236 3080 Et
269 3042 449 3091 nunc,
506 3026 697 3090 Israel,
757 3025 894 3095 quid
929 3025 1204 3078 Dominus
1250 3025 1396 3077 Deus
1448 3027 1580 3076 tuus
1620 3025 1870 3093 postulat

167 3132 203 3168 a
234 3121 293 3168 te
324 3115 505 3182 aliud,
537 3131 708 3185 quam
741 3120 804 3167 ut
859 3114 1064 3167 timeas
1114 3113 1424 3168 Dominum
1458 3114 1639 3166 Deum
1678 3117 1866 3177 tuum,

165 3208 223 3257 et
255 3203 519 3257 ambules
555 3202 614 3256 in
647 3202 910 3256 omnibus
943 3202 1045 3254 viis
1085 3202 1226 3272 ejus,
1291 3206 1348 3254 et
1399 3201 1603 3270 diligas
1655 3216 1786 3254 eum
1815 3203 1870 3252 et

159 3292 383 3344 servias
439 3292 682 3344 Domino
738 3292 850 3344 Deo
879 3295 978 3343 tuo
1038 3306 1107 3343 ex
1139 3294 1253 3342 toto
1308 3289 1477 3341 corde
1527 3293 1583 3341 et
1636 3305 1704 3341 ex
1749 3292 1870 3341 tota

160 3385 361 3434 mente
416 3381 551 3433 tua?
607 3379 836 3434 Custodi
898 3382 1180 3448 praecepta
1244 3377 1472 3431 Domini
1520 3377 1622 3431 Dei
1673 3377 1755 3429 tui
1814 3383 1871 3431 et

153 3467 433 3534 justitias,
457 3483 596 3536 quas
640 3483 745 3536 ego
789 3466 1070 3519 mandabo
1124 3465 1252 3519 tibi.
1312 3467 1440 3518 Haec
1495 3481 1588 3518 me
1655 3480 1866 3534 sugge-

159 3561 391 3608 rentem
459 3555 836 3624 frequentius,
890 3571 1000 3607 non
1061 3557 1291 3624 spernat
1343 3553 1523 3622 pietas
1553 3558 1667 3612 tua,
1734 3559 1866 3606 ante

155 3645 354 3697 oculos
387 3642 606 3697 habens
641 3643 871 3696 Domini
903 3643 961 3695 in
997 3641 1300 3712 Evangelio
1330 3642 1503 3694 verba
1536 3657 1548 3693 :
1610 3639 1719 3704 Qui
1769 3657 1867 3693 vos

160 3731 344 3796 audit,
374 3747 465 3784 me
517 3731 692 3796 audit,
726 3735 783 3784 et
839 3730 940 3800 qui
985 3747 1080 3783 vos
1140 3729 1379 3799 spernit,
1440 3743 1531 3781 me
1596 3728 1862 3797 spernit:

158 3826 216 3872 et
243 3819 348 3890 qui
377 3836 467 3873 me
497 3819 730 3890 spernit,
768 3819 986 3888 spernit
1038 3834 1169 3872 eum
1204 3819 1304 3888 qui
1345 3834 1434 3871 me
1497 3816 1669 3869 misit.
1722 3817 1862 3869 Nam

159 3913 214 3961 et
253 3909 558 3977 Apostolus
585 3907 891 3960 concinens
916 3906 1429 3966 Salvatorinostro,
1462 3904 1540 3957 ita
1571 3903 1858 3974 loquitur:

159 3995 524 4065 Quapropter
557 3995 657 4066 qui
697 3997 817 4049 haec
836 3995 1070 4065 spernit,
1135 4011 1251 4047 non
1282 3994 1576 4047 hominem
1644 3994 1863 4062 spernit

159 4086 256 4138 sed
321 4085 522 4150 Deum,
581 4083 680 4154 qui
739 4083 895 4138 dedit
952 4083 1218 4152 spiritum
1281 4098 1447 4135 suum
1505 4085 1764 4134 sanctum
1802 4082 1863 4134 in

155 4172 347 4226 nobis.
429 4174 628 4224 Pectus
682 4170 1002 4225 clementiae
1088 4176 1304 4235 vestrm,
1385 4169 1696 4222 sacrarium
1780 4172 1862 4222 est

152 4261 404 4330 publica)
474 4259 780 4324 felicitatis,
857 4263 920 4311 ut
994 4275 1097 4328 per
1185 4258 1514 4312 instantiam
1594 4261 1858 4324 vestram,

152 4366 329 4420 quam
389 4349 543 4401 velut
595 4347 869 4402 vicarium
940 4347 1242 4418 praesidere
1295 4346 1468 4416 jussit
1523 4347 1582 4399 in
1672 4347 1857 4399 terriS'

152 4437 520 4506 evangelicis,
580 4437 1020 4506 apostolicisque
1079 4436 1381 4506 praeceptis
1424 4451 1541 4488 non
1595 4434 1737 4488 dura
1765 4451 1859 4488 su-

152 4525 359 4595 perbia
421 4525 738 4593 resistatur,
771 4524 868 4578 sed
921 4541 1024 4595 per
1070 4524 1474 4588 obedientiam,
1531 4537 1659 4592 quas
1727 4526 1862 4576 sunt

152 4613 472 4678 salutifera,
504 4629 624 4666 com
635 4613 816 4683 plean’
831 4630 865 4666 u
877 4629 919 4665 r.

373 4703 500 4756 Car.
532 4703 664 4757 XVI.
698 4731 767 4740 —-
799 4701 1074 4757 Generalis
1104 4700 1401 4754 admonitio
1435 4713 1642 4766 regum.

227 4791 342 4861 (Em
373 4793 561 4858 regist.
596 4790 670 4843 ad
724 4789 1076 4843 Adilbercum
1133 4805 1309 4855 regem
1366 4790 1715 4854 Francorum,
1767 4802 1856 4840 ca-

147 4882 268 4948 pite
315 4880 466 4948 26's.)
546 4880 781 4948 Propter
849 4879 956 4932 hoc
1018 4878 1380 4947 omnipotens
1457 4878 1602 4930 Deus
1675 4875 1856 4928 bonos

153 4983 416 5038 quosque
449 4967 514 5020 ad
559 4968 902 5037 populorum
963 4966 1244 5035 regimina
1295 4964 1576 5035 perducit,
1631 4968 1695 5016 ut
1753 4979 1857 5032 per

153 5071 251 5108 eos
297 5055 586 5115 omnibus,
644 5055 851 5124 quibus
907 5055 1129 5124 praelati
1212 5054 1447 5117 fuerint,
1527 5053 1675 5106 dona
1738 5067 1854 5104 suae

153 5144 451 5212 potestatis
527 5143 866 5213 impendat:
937 5142 1091 5212 quod
1152 5143 1213 5195 in
1297 5143 1607 5211 Anglorum
1683 5144 1854 5210 gente

149 5231 365 5285 factum
423 5232 811 5301 cognovimus,
871 5231 962 5284 cui
1022 5238 1206 5284 vestra
1260 5231 1445 5300 gloria
1492 5227 1702 5282 idcirco
1772 5231 1856 5280 est

148 5320 477 5391 praeposita,
510 5325 570 5374 ut
597 5321 746 5374 bona
773 5336 901 5390 qua:
933 5319 1090 5372 vobis
1137 5334 1402 5372 concessa
1460 5322 1611 5380 sunt,
1681 5315 1852 5370 etiam

151 5409 440 5478 subjectae,
475 5408 635 5461 vobis
666 5408 823 5478 genti
851 5424 1099 5476 superno
1117 5406 1395 5460 beneﬁcio
1438 5409 1846 5458 restaureutur.

151 5497 218 5551 Et
245 5497 397 5564 ideo,
429 5497 677 5567 gloriose
710 5497 813 5562 ﬁli,
864 5513 989 5550 eam
1018 5512 1191 5566 quam
1234 5494 1503 5565 accepisti
1553 5492 1845 5558 divinitus,

1893 4213 1934 4265 D

1989 464 2049 516 in
2080 464 2310 533 populis
2360 464 2464 516 tibi
2512 464 2753 517 subditis
2781 470 2839 518 et
2867 465 3174 518 extendere
3204 466 3408 520 festina
3441 485 3454 521 :
3503 472 3688 524 zelum

1990 552 2347 605 rectitudinis
2394 558 2507 604 tua!
2562 553 2620 604 iu
2653 568 2849 606 eorum
2919 553 3294 608 conversione
3343 556 3686 625 multiplica,

1990 639 2273 692 idolorum
2305 640 2489 692 cultus
2521 640 2849 710 insequens,
2895 640 3162 694 fanorum
3212 642 3453 696 mdiﬁcia
3483 649 3687 696 everte.

1989 725 2360 780 Snbditorum
2390 743 2576 780 mores
2602 728 2660 780 in
2702 743 2910 796 magna
2958 729 3081 783 vitae
3136 731 3427 785 mundicia
3492 733 3693 786 exhor-

1988 814 2182 881 tando,
2216 816 2500 880 terrendo,
2533 817 2888 886 corrigendo,
2913 821 2968 869 et
3011 817 3149 870 boni
3190 819 3380 889 operis
3433 822 3692 890 exempla

1988 903 2380 970 monstrando,
2414 905 2738 972 a3diﬁca,ut
2775 905 2939 958 illum
2978 906 3382 960 retributorem
3431 909 3691 962 invenias

1987 993 2044 1046 in
2065 993 2227 1055 ccelo,
2259 993 2417 1062 cujus
2447 1010 2659 1046 nomen
2688 999 2857 1064 atque
2909 995 3297 1064 cognitionem
3366 998 3692 1052 dilataveris

1987 1080 2238 1136 interra.
2291 1083 2420 1151 Ipse
2448 1082 2602 1135 enim
2659 1089 2856 1136 vestrae
2914 1100 3142 1153 quoque
3199 1085 3397 1154 gloria:
3448 1103 3685 1154 nomen,

1985 1168 2159 1221 etiam
2189 1155 2429 1238 posteris
2456 1169 2760 1239 gloriosius
2799 1171 3018 1237 reddet,
3066 1172 3226 1241 cujus
3266 1189 3364 1224 vos
3406 1173 3685 1226 honorem

1987 1258 2262 1326 quaeritis,
2317 1263 2374 1310 et
2419 1259 2718 1312 reservatis
2764 1260 2823 1311 in
2863 1260 3150 1328 gentibus.
3208 1261 3296 1314 Sic
3339 1262 3494 1314 enim
3543 1263 3687 1315 Con-

1985 1347 2268 1398 stantinus
2316 1349 2608 1416 quondam
2641 1348 2932 1415 piissimus
2979 1348 3314 1417 imperator,
3368 1332 3687 1404 Romanam

1985 1434 2247 1503 rempub.
2304 1450 2337 1486 a
2391 1435 2673 1504 perversis
2731 1435 3016 1488 idolorum
3092 1437 3340 1489 cultibus
3395 1454 3683 1506 revocans,

1986 1522 2369 1591 omnipotenti
2403 1524 2516 1576 Deo
2549 1527 2740 1575 nostro
2799 1525 2926 1576 Jesu
2976 1523 3196 1578 Christo
3254 1541 3445 1578 secum
3493 1527 3690 1580 subdi-

1987 1609 2090 1672 dit,
2150 1626 2324 1681 seque
2399 1627 2530 1664 cum
2597 1610 2864 1678 subjectis
2932 1613 3162 1681 populis
3219 1617 3337 1666 tota
3415 1615 3486 1668 ad
3555 1631 3688 1669 eum

1988 1703 2176 1752 mente
2203 1699 2499 1752 convertit.
2564 1699 2720 1752 Unde
2774 1699 2988 1752 factum
3048 1705 3152 1764 est,
3197 1706 3262 1753 ut
3319 1702 3689 1772 antiquorum

1987 1787 2310 1856 principum
2341 1803 2553 1840 nomen
2585 1787 2701 1840 suis
2727 1788 2812 1840 vir
2859 1788 2954 1842 ille
2988 1789 3254 1842 laudibus
3318 1791 3592 1856 vinceret,
3621 1790 3693 1860 let

1985 1879 2142 1927 tanto
2173 1874 2230 1928 in
2283 1875 2554 1944 opinione
2607 1891 2982 1944 praecessores
3029 1893 3182 1944 suos,
3242 1883 3456 1947 quanto
3508 1883 3564 1934 et
3628 1879 3689 1933 in

1982 1962 2136 2016 bono
2168 1979 2340 2032 opere
2372 1968 2684 2032 superaret.
2718 1965 2781 2016 Et
2822 1981 2974 2017 nunc
3022 1965 3216 2035 itaque
3275 1974 3461 2020 vestra
3505 1968 3690 2037 gloria

1984 2052 2372 2122 cognitionem
2402 2051 2572 2105 unius
2621 2051 2739 2113 Dei,
2799 2053 3001 2119 Patris,
3042 2058 3098 2106 et
3151 2054 3298 2120 Filii,
3358 2059 3414 2109 et
3445 2055 3690 2126 Spiritus

1984 2140 2184 2203 sancti,
2214 2141 2439 2210 regibus
2466 2156 2530 2193 ac
2583 2139 2808 2209 populis
2842 2140 3075 2194 sibimet
3123 2141 3391 2210 subjectis
3457 2144 3689 2197 festinet

1984 2229 2304 2296 infundere,
2341 2233 2403 2282 ut
2449 2227 2716 2299 antiquos
2765 2229 2948 2299 gentis
3011 2245 3128 2282 sum
3188 2246 3352 2300 reges
3418 2232 3686 2286 laudibus

1983 2333 2048 2369 ac
2089 2317 2306 2369 meritis
2357 2321 2655 2370 transeat:
2718 2321 2775 2369 et
2831 2317 3060 2386 quando
3121 2317 3180 2371 in
3241 2318 3511 2388 subjectis
3569 2320 3686 2373 suis

1984 2406 2157 2459 etiam
2199 2406 2383 2458 aliena
2413 2399 2662 2474 peccata
2695 2406 3014 2471 deterserit,
3039 2411 3196 2459 tanto
3229 2407 3404 2459 etiam
3434 2408 3502 2461 de
3551 2424 3685 2477 pec-

1985 2495 2122 2547 catis
2153 2494 2400 2564 propriis
2431 2499 2560 2546 ante
2593 2494 3004 2564 omnipotentis
3047 2494 3148 2548 Dei
3180 2496 3412 2549 terrible
3445 2512 3683 2550 examen

1985 2583 2236 2636 securior
2266 2583 2382 2637 ﬁat.
2422 2585 2700 2636 Praeterea
2731 2583 2873 2636 scire
2930 2589 3173 2636 vestram
3209 2583 3449 2653 gloriam
3510 2585 3683 2638 volu-

1985 2689 2132 2736 mus,
2162 2671 2298 2742 quia
2325 2671 2472 2724 sicut
2502 2672 2560 2724 in
2593 2671 2884 2741 Scriptura
2914 2688 3072 2725 sacra
3097 2688 3164 2725 ex
3213 2673 3399 2725 verbis
3454 2674 3684 2728 Domini

1986 2759 2399 2828 omnipotentis
2452 2759 2836 2829 agnoscimus,
2919 2759 3220 2829 prwsentis
3293 2761 3490 2814 mundi
3561 2761 3683 2830 jam

1985 2847 2445 2916 terminusjuxta
2473 2853 2574 2912 est,
2612 2853 2664 2900 et
2698 2853 3026 2900 sanctorum
3075 2865 3314 2917 regnum
3375 2851 3681 2902 venturum

1983 2944 2086 3000 est,
2121 2936 2270 3004 quod
2301 2936 2459 2988 nullo
2488 2951 2740 3004 unquam
2791 2937 2998 3005 poterit
3049 2936 3163 2990 {ine
3223 2937 3396 2991 ﬁniri.
3456 2941 3680 3007 Appro-

1980 3025 2298 3094 pinquante
2347 3029 2539 3077 autem
2593 3025 2789 3077 eodem
2824 3025 3021 3078 mundi
3047 3026 3318 3091 termino,
3353 3026 3536 3078 multa
3565 3025 3681 3079 im-

1983 3112 2205 3164 minent
2236 3128 2363 3181 qua:
2414 3116 2578 3164 antea
2640 3128 2754 3163 non
2799 3112 3049 3179 fuerunt,
3109 3112 3372 3166 videlicet
3415 3113 3681 3166 immuta-

1979 3200 2166 3253 tiones
2194 3200 2358 3266 aeris,
2390 3205 2748 3271 terroresque
2783 3202 2850 3253 de
2882 3203 3045 3265 coelo,
3102 3206 3158 3255 et
3188 3207 3388 3255 contra
3447 3202 3681 3256 ordina-

1979 3289 2195 3342 tionem
2298 3295 2623 3357 temporum
2715 3293 3104 3359 tempestates,
3200 3291 3368 3355 bella,
3478 3291 3676 3358 fames,

1979 3377 2340 3445 pestilentiae,
2406 3382 2764 3431 terrzemotus
2795 3395 2894 3448 per
2937 3379 3080 3442 loca,
3142 3396 3271 3447 quae.
3325 3385 3516 3432 tamen
3566 3396 3680 3433 non

1980 3466 2172 3518 omnia
2205 3466 2411 3517 nostris
2443 3465 2641 3518 diebus
2672 3472 2912 3518 ventura
2941 3472 3091 3529 sunt,
3128 3467 3225 3520 sed
3268 3472 3396 3536 post
3455 3473 3680 3520 nostros

1978 3552 2097 3605 dies
2128 3552 2566 3622 subsequentur.
2594 3552 2699 3605 Vos
2728 3553 2923 3622 itaque
2964 3553 3006 3604 si
3040 3569 3152 3622 qua
3184 3569 3248 3606 ex
3297 3554 3387 3607 bis
3449 3555 3677 3610 evenire

1976 3640 2036 3693 in
2094 3645 2245 3693 terra
2295 3645 2477 3693 vestra
2531 3641 2886 3709 cognoscitis,
2945 3642 3103 3693 nullo
3186 3642 3354 3696 modo
3423 3648 3674 3696 vestrum

1975 3728 2233 3782 animum
2281 3728 2624 3797 perturbetis
2660 3728 2832 3797 :quia
2873 3729 3080 3781 idcirco
3116 3730 3236 3782 haec
3271 3730 3436 3800 signa
3465 3731 3533 3785 de
3562 3732 3676 3785 ﬁne

1974 3818 2148 3870 seculi
2179 3817 2629 3888 priemittuntur,
2666 3821 2727 3870 ut
2773 3817 2842 3869 de
2887 3816 3187 3870 animabus
3217 3820 3425 3871 nostris
3467 3819 3673 3873 debea-

1975 3921 2102 3958 mus
2161 3921 2280 3958 esse
2349 3902 2591 3969 solliciti,
2661 3903 2731 3956 de
2789 3905 2985 3956 mortis
3067 3904 3207 3958 hora
3284 3907 3550 3976 suspecti,
3621 3913 3676 3960 et

1977 3999 2214 4047 venturo
2256 3993 2456 4063 judicii
2514 3993 2572 4045 in
2627 3992 2790 4046 bonis
2839 3993 3056 4045 actibus
3115 3993 3481 4049 inveniantur
3549 4011 3674 4050 esse

1973 4081 2291 4152 prapositi.

2205 4170 2332 4222 CAP.
2357 4169 2510 4222 XVII.
2533 4198 2601 4206 —
2630 4170 2755 4224 Alia
2777 4168 3077 4223 admonitio
3105 4170 3439 4238 principum.

2045 4258 2156 4323 (Ea:
2205 4260 2390 4325 regist.
2451 4257 2526 4310 ad
2581 4259 2868 4311 Justinum
2936 4260 3250 4326 imperator.
3304 4259 3524 4323 Siciliae,
3578 4277 3669 4314 ca-

1967 4349 2083 4415 pite
2103 4347 2178 4416 2.)
2211 4345 2367 4410 Quod
2403 4345 2600 4414 lingua
2628 4346 2905 4416 loquitur,
2938 4351 3237 4400 attestatur
3278 4347 3622 4402 conscientia
3655 4365 3668 4403 :

1972 4435 2108 4504 quia
2128 4435 2346 4488 dudum
2379 4451 2474 4486 vos
2506 4439 2561 4486 et
2601 4435 2816 4487 nullius
2847 4435 3144 4503 dignitatis
3198 4437 3668 4507 occupationibus

1968 4522 2289 4592 implicatos
2347 4522 2592 4575 multum
2652 4522 2844 4590 dilexi,
2918 4523 3280 4593 multumque
3370 4532 3673 4580 veneratus

1970 4628 2116 4665 sum.
2154 4612 2280 4680 Ipsa
2335 4627 2585 4679 namque
2615 4610 2871 4663 incessus
2919 4611 3086 4666 vestri
3120 4613 3395 4665 modestia
3433 4614 3670 4684 quibus-

1969 4699 2100 4752 dam
2133 4699 2431 4752 conatibus
2487 4699 2766 4768 exigebat,
2805 4703 2868 4752 ut
2915 4699 3078 4767 diligi
3133 4699 3306 4752 etiam
3339 4716 3369 4752 a
3436 4702 3668 4755 nolente

1967 4787 2270 4841 debuisset.
2338 4789 2401 4840 Et
2446 4803 2573 4839 cum
2635 4803 2730 4839 vos
2773 4787 2995 4840 venisse
3026 4787 3094 4840 ad
3151 4788 3665 4842 administrandam

1967 4881 2275 4944 praeturam
2307 4873 2512 4927 Siciliae.
2543 4873 2824 4940 audirem,
2882 4874 3041 4928 valde
3113 4875 3340 4944 gavisus
3408 4892 3576 4929 sum:
3613 4882 3671 4930 et

1966 4964 2102 5034 quia
2123 4962 2412 5032 quandam
2443 4961 2591 5015 inter
2634 4979 2728 5015 vos
2767 4968 2940 5032 atque
2998 4963 3401 5016 ecclesiasticos
3465 4964 3666 5018 simul-

1965 5052 2236 5104 tationem
2277 5050 2582 5119 subrepere
2632 5051 2904 5120 comperi,
2968 5051 3466 5106 vehementissime
3527 5069 3666 5106 con-

1965 5139 2220 5192 tristatus
2250 5153 2395 5190 sum.
2458 5138 2618 5190 Nunc
2665 5155 2798 5191 vero
2841 5139 2994 5208 quia,
3029 5143 3087 5192 et
3139 5155 3235 5192 vos
3297 5139 3666 5194 administra-

1964 5226 2134 5280 tionis
2165 5242 2320 5290 cura,
2354 5231 2411 5279 et
2441 5242 2530 5279 me
2578 5226 2830 5280 studium
2866 5225 3038 5294 hujus
3070 5225 3365 5296 regiminis
3403 5233 3659 5298 occupat,

1962 5315 2020 5368 in
2047 5319 2268 5367 tantum
2301 5330 2405 5367 nos
2453 5319 2604 5368 recte
2637 5315 2902 5384 diligere
2957 5315 3281 5382 specialiter
3332 5333 3659 5384 possumus,

1960 5403 2018 5455 in
2075 5409 2354 5472 quantum
2432 5401 2790 5470 generalitati
2849 5400 3083 5454 minimc
3140 5418 3429 5456 uocemus.
3503 5404 3660 5457 Unde

1962 5507 2065 5560 per
2121 5489 2576 5559 omnipotentem
2644 5489 2948 5542 Dominum
3000 5505 3160 5557 rogo,
3223 5491 3283 5544 in
3323 5491 3486 5561 cujus
3541 5495 3662 5545 tre—
