3972 6192
374 251 475 302 899

1454 242 1857 298 BURCHARDI
1902 240 2429 297 WORMACIENSIS
2466 240 2795 296 EPISCOPI.
3758 250 3835 299 900
3886 316 3896 324 .

370 364 578 422 mendo
595 366 813 438 judicio
845 368 1174 421 nostrorum
1203 369 1433 421 actuum
1481 363 1729 435 posituri
1787 363 2063 417 rationem
2094 364 2141 418 A
2180 362 2386 417 debeat
2413 363 2741 417 emendare.
2773 363 2886 417 Nec
2914 363 3071 416 enim
3093 361 3513 417 dissimulanda
3565 370 3692 419 sunt
3742 384 3842 437 qua:

372 472 591 521 sumus,
614 460 679 511 ut
710 457 831 527 ejus
856 460 1183 525 respectum
1209 469 1435 524 semper
1481 452 1668 522 gloria
1705 457 1892 506 vestra
1939 456 2071 505 ante

370 547 566 600 oculos
594 545 825 613 habeat,
857 550 912 598 et
957 559 1255 614 nunquam
1284 540 1604 613 quodlibet,
1639 557 1704 595 ex
1753 557 1867 611 quo
1923 540 2075 594 inter

368 651 471 688 nos
498 635 585 688 vel
635 649 811 705 parva
857 632 1133 686 dissensio
1184 628 1500 701 proveniat,
1564 629 1841 684 admittat.
1907 629 2075 683 Nulla

368 738 467 777 vos
501 723 657 776 lucra
684 722 755 775 ad
802 719 1141 790 injustitiam
1189 719 1543 788 pertrahant,
1597 718 1779 782 Quam
1829 717 1904 772 sit
1958 716 2075 769 vita

365 810 554 865 brevis
582 809 837 881 aspicite,
864 808 934 862 ad
967 824 1140 878 quem
1179 809 1526 879 quandoque
1562 806 1701 861 ituri
1740 806 1872 860 estis
1921 804 2073 876 judi-

367 915 514 969 cem,
546 898 645 969 qui
663 896 1029 969 judiciariam
1058 900 1397 968 potestatem
1421 895 1639 967 geritis,
1673 895 1941 966 cogitate.
1982 893 2077 948 So-

366 988 537 1042 lerter
583 1002 719 1055 ergo
775 985 1117 1039 intuendum
1150 988 1236 1038 est
1292 984 1445 1055 quod
1516 989 1717 1037 cuncta
1770 984 1925 1037 lucra
1982 981 2077 1035 hic

367 1074 770 1145 relinquimus,
855 1079 908 1128 et
968 1074 1129 1127 solas
1190 1072 1708 1144 dispensativorum
1781 1072 2075 1125 lucrorum

366 1181 555 1232 causa,
585 1162 879 1217 nobiscum
918 1162 989 1216 ad
1028 1162 1312 1232 judicium
1339 1162 1730 1233 deportamus.
1779 1161 1883 1215 Illa
1936 1175 2073 1229 ergo

366 1253 533 1308 nobis
588 1256 721 1305 sunt
764 1251 1065 1305 commoda
1125 1251 1453 1322 qumrenda,
1510 1267 1640 1322 quae
1707 1263 2075 1320 nequaquam

366 1358 522 1395 mors
553 1341 784 1399 adimat,
814 1341 911 1394 sed
946 1356 1215 1394 mansura
1256 1340 1318 1394 in
1367 1344 1712 1411 perpetuum
1777 1336 2076 1410 praesentis

364 1430 495 1485 vitae
514 1428 643 1484 ﬁnis
674 1429 955 1483 ostendat.

547 1518 675 1573 Car.
710 1518 899 1571 XVIII.
940 1548 1009 1556 ——
1040 1518 1181 1570 Item
1206 1516 1518 1572 adhortatio
1552 1518 1884 1586 principum.

437 1609 556 1677 (Ea:
583 1623 697 1673 reg.
741 1607 900 1674 Greg.
948 1605 1022 1660 ad
1078 1606 1418 1661 Gemiadium
1447 1608 1750 1660 Patricium
1804 1609 1855 1659 et
1893 1606 2073 1659 Exar-

367 1694 543 1759 chum,
577 1696 755 1762 capite
780 1692 890 1763 73.)
921 1692 977 1747 Si
1001 1709 1119 1747 non
1149 1709 1213 1747 ex
1236 1693 1370 1747 ﬁdei
1399 1694 1627 1763 merito,
1649 1698 1705 1747 et
1734 1692 2071 1749 Christianae

363 1779 661 1850 religionis
685 1780 869 1851 gratia
896 1783 1069 1833 tanta).
1102 1780 1449 1834 excellentia:
1480 1786 1681 1835 vestrae
1733 1780 2076 1835 bellicorum

368 1872 600 1922 actuum
652 1867 1005 1939 prosperitas
1050 1868 1320 1937 eveniret,
1365 1884 1481 1922 non
1539 1886 1901 1941 summopere
1965 1868 2074 1923 mi-

367 1957 549 2011 randa
602 1956 849 2020 fuerant,
905 1971 1034 2009 cum
1107 1956 1350 2009 sciamus
1406 1958 1530 2010 hac
1588 1957 1763 2011 etiam
1825 1956 2075 2028 antiquis

365 2045 651 2099 bellorum
684 2044 925 2099 ducibus
983 2044 1154 2098 fuisse
1206 2060 1487 2098 concessa.
1536 2044 1644 2099 Sed
1674 2061 1805 2099 cum
1854 2045 2075 2099 futuras

369 2133 483 2186 Deo
504 2132 781 2202 largiente
822 2132 1084 2185 victorias
1112 2149 1229 2187 non
1256 2133 1470 2187 carnali
1527 2133 1907 2204 providentia,
1977 2135 2076 2189 sed

365 2220 550 2292 magis
581 2220 936 2275 orationibus
965 2220 1308 2291 praevenitis,
1330 2221 1395 2275 ﬁt
1434 2223 1499 2275 ut
1543 2220 1652 2275 hoc
1680 2222 1740 2275 in
1780 2228 2075 2292 stuporem

364 2310 576 2377 veniat,
614 2310 768 2381 quod
806 2310 992 2381 gloria
1020 2315 1204 2364 vestra
1259 2327 1374 2364 non
1404 2315 1632 2364 terreno
1686 2309 1945 2378 consilio,
1977 2310 2076 2365 sed

369 2400 487 2454 Deo
518 2400 767 2468 deauper
793 2398 1071 2469 largiente
1103 2398 1371 2452 discedat.
1408 2398 1490 2452 Ibi
1545 2398 1700 2452 enim
1740 2398 2073 2453 meritorum

368 2492 688 2541 vestrorum
722 2487 927 2557 loquax
969 2502 1084 2540 non
1120 2486 1384 2540 discurrit
1405 2487 1621 2556 Opinio,
1668 2503 1796 2558 qua:
1827 2493 1880 2542 et
1928 2487 2077 2542 bella

369 2591 469 2629 vos
524 2575 857 2646 frequenter
916 2580 1208 2645 appetere,
1254 2592 1373 2629 non
1424 2576 1704 2631 desiderio
1797 2576 2075 2631 fundendi

369 2665 688 2736 sanguinis,
720 2680 812 2717 sec
871 2664 1177 2718 dilatanda:
1223 2680 1393 2718 causa
1434 2664 1783 2735 reipublicae,
1837 2665 1898 2718 in
1961 2681 2076 2736 qua

370 2754 550 2808 Deum
572 2752 683 2807 coli
718 2752 1119 2823 conspicimus,
1152 2753 1506 2824 loqueretur,
1554 2758 1836 2824 quatenus
1866 2753 2073 2810 Christi

368 2859 583 2897 nomen
614 2858 717 2913 per
773 2842 1028 2896 subditas
1067 2847 1287 2913 gentes,
1316 2841 1449 2897 ﬁdei
1508 2842 1914 2913 praedicatione
1968 2842 2077 2896 cir-

2185 450 2424 505 dicimus
2456 468 2469 505 :
2502 451 2636 523 quia
2661 450 2761 521 qui
2792 451 3096 505 emendare
3126 455 3313 520 potest
3369 455 3427 504 et
3454 452 3704 522 negligit,
3742 471 3843 524 par-

2183 539 2412 610 ticipem
2441 557 2498 594 se
2529 541 2730 610 procul
2759 539 2931 595 dubio
2977 539 3166 593 delicti
3209 539 3534 594 constituit.
3591 543 3842 597 Providete

2185 645 2319 699 ergo
2346 628 2554 683 animae
2592 633 2812 695 vestrae,
2848 628 3141 698 providete
3170 628 3482 698 nepotibus
3514 645 3653 698 quos
3678 632 3843 702 cupitis
3924 676 3925 679 η

2185 733 2425 787 regnare
2451 716 2708 781 feliciter,
2737 716 3033 787 providete
3076 715 3404 786 provinciis,
3471 720 3528 769 et
3555 718 3841 789 priusquam

2185 811 2407 861 creator
2437 810 2630 859 noster
2660 821 2895 858 manum
2926 820 3085 858 suam
3104 805 3183 859 ad
3236 805 3569 859 feriendum
3625 808 3840 877 excutiat,

2186 894 2255 949 de
2288 893 2638 948 correctione
2672 892 2844 963 hujus
2893 892 3119 946 sceleris
3150 893 3571 947 studiosissime
3623 896 3839 965 cogitate,

2186 1000 2257 1036 ne
2288 986 2448 1037 tanto
2477 982 2845 1052 postmodum
2876 982 3059 1035 acrius
3092 981 3274 1049 feriat,
3318 988 3539 1053 quanto
3572 984 3723 1037 modo
3748 985 3840 1038 diu-

2184 1071 2299 1126 tius
2348 1075 2405 1125 et
2456 1073 2768 1125 clementer
2820 1074 3126 1140 exspectat.
3203 1070 3421 1125 Scitote
3509 1076 3690 1125 autem
3740 1074 3841 1144 quia

2188 1150 2461 1229 magnum
2502 1160 2618 1212 Deo
2649 1162 2843 1212 nostro
2874 1158 3217 1213 sacriﬁcium
3247 1158 3594 1228 placationis
3620 1161 3836 1227 offeratis,

2187 1247 2233 1301 si
2292 1247 2437 1301 tanti
2484 1247 2673 1301 labem
2727 1245 3015 1313 facinoris,
3065 1247 3134 1301 de
3183 1247 3391 1300 vestris
3452 1247 3615 1302 citius
3671 1248 3830 1302 finibus

2187 1335 2515 1406 amputatis.
2547 1336 2755 1389 Datum
2825 1335 2917 1390 die
2973 1352 3030 1404 x,
3112 1336 3356 1390 Kalend.
3454 1336 3610 1405 Julii,
3681 1336 3867 1391 indici.-

2188 1430 2412 1495 quarta.

2648 1514 2776 1569 CAP.
2805 1515 2908 1568 ΧΧ.
2931 1543 3001 1551 -
3020 1513 3102 1566 De
3126 1512 3315 1568 eadem
3343 1528 3426 1566 re.

2259 1602 2370 1673 (Ea:
2398 1618 2511 1672 reg.
2564 1604 2729 1671 Greg.
2770 1602 2844 1656 ad
2894 1600 3245 1656 Tendericum
3309 1616 3493 1668 regem
3538 1601 3830 1669 Francorum,
3924 1588 3925 1659 ᾗ

2187 1694 2361 1761 capite
2388 1691 2539 1763 273.)
2561 1690 2924 1745 Excellentiae
2949 1695 3152 1745 vestrae
3190 1690 3367 1745 index
3417 1689 3601 1743 cordis
3628 1689 3832 1760 epistola,
3924 1742 3925 1745 η

2186 1786 2399 1851 quanta
2429 1781 2490 1834 in
2520 1779 2680 1834 vobis
2708 1780 2923 1850 fulgeat
2977 1785 3111 1834 cum"
3158 1779 3322 1849 regia
3386 1781 3670 1850 potestate,
3729 1792 3834 1847 pru-

2186 1869 2400 1936 dentia,
2424 1868 2505 1923 ita
2531 1869 2806 1923 luculenti
2854 1868 3018 1938 copia
3071 1868 3358 1922 sermonis
3406 1866 3643 1931 edocuit,
3683 1870 3736 1919 ut
3764 1865 3834 1918 du-

2184 1957 2347 2011 bium
2377 1973 2495 2011 esse
2523 1974 2638 2011 non
2683 1957 2889 2023 valeat,
2922 1956 3205 2027 quidquid
3263 1955 3555 2010 laudabile
3606 1954 3666 2008 de
3710 1952 3828 2005 vobis

2183 2045 2338 2100 fama
2368 2045 2701 2100 narraverit.
2735 2046 2803 2099 Et
2832 2044 3107 2116 quoniam
3137 2044 3595 2099 adhortationem
3629 2047 3826 2096 nostram

2184 2135 2359 2206 regiis
2407 2134 2636 2204 animis,
2685 2150 2789 2205 per
2860 2134 3044 2188 laudis
3101 2134 3569 2205 praedicamenta
3610 2129 3828 2202 placuisse

2183 2224 2470 2294 signastis,
2500 2227 2566 2277 ut
2589 2221 2871 2294 quidquid
2932 2222 3005 2276 ad
3058 2222 3157 2276 Dei
3188 2221 3373 2275 nostri
3432 2222 3653 2284 cultum,
3705 2216 3827 2288 quid-

2184 2312 2322 2384 quid
2346 2311 2725 2365 Ecclesiarum
2790 2310 3191 2377 reverentiam,
3251 2308 3539 2381 quidquid
3592 2308 3652 2361 ad
3691 2306 3828 2359 hono-

2184 2417 2307 2455 rem
2336 2399 2625 2471 pertinere
2674 2398 3014 2470 cognoscitis
3061 2399 3448 2467 sacerdotum,
3480 2394 3702 2451 studiose
3749 2397 3827 2445 sta-

2183 2491 2290 2556 tui,
2325 2493 2380 2544 et
2408 2488 2595 2543 velitis
2641 2489 2701 2542 in
2732 2488 3000 2542 omnibus
3049 2488 3362 2554 custodire,
3413 2487 3608 2540 iterata
3651 2500 3731 2537 vos
3752 2496 3827 2552 per

2185 2583 2431 2633 vestram
2469 2576 2791 2631 mercedem
2824 2576 3225 2631 adhortatione
3256 2576 3569 2647 pulsamus,
3628 2576 3681 2625 ut
3718 2585 3826 2623 con-

2182 2664 2410 2736 gregari
2440 2664 2720 2735 synodum
2741 2663 3011 2734 jubeatis,
3072 2668 3127 2717 et
3168 2663 3319 2717 sicut
3373 2662 3583 2717 dudum
3647 2656 3825 2726 scripsi-

2181 2769 2334 2822 mus,
2390 2752 2710 2822 corporalia
2789 2751 3180 2806 sacerdotibus
3226 2751 3388 2813 vitia,
3426 2755 3481 2804 et
3536 2745 3821 2819 Symoniaca!

2180 2841 2414 2895 haeresis
2436 2840 2801 2911 pravitatem,
2825 2840 3085 2894 omnium
3111 2839 3518 2912 episcoporum
3547 2832 3822 2891 definitione

368 2948 498 2985 cum
550 2947 777 3002 quaque
816 2930 1179 2985 discurreret.
1234 2931 1390 2986 Sicut
1427 2931 1580 2985 enim
1636 2932 1919 2985 exteriora
1972 2947 2071 2986 vos
2104 2927 2145 2982 C
2184 2930 2465 2997 damnari,
2496 2933 2666 2999 atque
2714 2945 2746 2982 a
2795 2928 2959 2999 regni
2992 2928 3166 2982 vestri
3197 2926 3491 2999 amputari
3517 2924 3720 2987 ﬁnibus,
3758 2920 3818 2973 fa-

364 3019 648 3074 virtutum
687 3034 862 3090 opera
892 3019 1211 3072 eminentes
1242 3019 1303 3072 in
1345 3020 1450 3074 hac
1506 3020 1620 3073 vita
1669 3021 2021 3074 constituunt
2053 3036 2065 3073 :

367 3108 450 3162 ita
479 3112 534 3162 et
561 3107 926 3162 internorum
981 3112 1342 3174 ornamenta,
1390 3122 1459 3160 ex
1488 3108 1656 3161 corde
1686 3109 1904 3162 mundo
1945 3124 2073 3178 pro-

369 3194 646 3254 cedentia,
679 3193 739 3247 in
779 3193 972 3246 futura
1002 3192 1118 3246 vita
1155 3194 1468 3248 caelestium
1509 3194 1850 3264 gaudiorum
1903 3195 2075 3266 parti-

368 3282 655 3352 cipatione
685 3280 1023 3351 gloriﬁcent.

374 3386 501 3441 Car.
535 3387 664 3440 XlX.
708 3416 770 3425 —
799 3385 1043 3451 Qualiter
1079 3385 1405 3441 studendum
1432 3388 1507 3440 sit
1559 3387 1776 3453 regibus
1828 3388 2072 3449 sacerdo-

760 3460 873 3511 tum
896 3457 976 3511 vel
992 3458 1185 3528 papuli
1206 3462 1428 3526 peccata
1463 3458 1671 3513 ulcisci.

442 3546 552 3611 (Ere
606 3560 724 3614 reg.
805 3545 966 3610 Greg.
1024 3545 1099 3599 ad
1163 3546 1547 3600 Brunihildnm
1596 3549 1841 3615 reginam
1899 3548 2075 3602 Fran-

364 3649 569 3700 corum,
624 3635 800 3702 capite
829 3633 980 3704 272.)
1022 3634 1162 3688 Cum
1196 3633 1471 3704 scriptum
1502 3634 1590 3702 sit,
1628 3635 1854 3689 Justitia
1893 3637 2076 3691 elevat

368 3715 623 3792 gentem,
683 3722 925 3776 miseros
990 3720 1487 3793 autem'populos
1562 3723 1699 3779 facit
1754 3730 2073 3795 peccatum,

370 3815 505 3864 tunc
529 3826 772 3879 regnum
806 3809 1049 3864 stabiliri
1095 3810 1373 3881 creditur,
1425 3827 1557 3865 cum
1609 3811 1778 3881 culpa
1825 3827 1950 3883 quin
1980 3828 2073 3866 co-

369 3898 681 3969 gnoscitur,
703 3897 871 3952 citius
893 3898 1250 3952 emendatur.
1283 3900 1590 3955 Multorum
1620 3899 1799 3969 igitur
1851 3900 1923 3954 ad
1972 3917 2076 3955 nos

368 3985 648 4039 relatione
679 3984 960 4055 pervenit,
994 3985 1151 4056 quod
1168 3985 1356 4040 dicere
1380 3986 1502 4041 sine
1541 3986 1849 4041 afflictione
1891 3988 2076 4042 cordis

368 4073 548 4127 nimia
576 4089 695 4128 non
721 4074 997 4139 valemus,
1022 4073 1104 4133 ita
1159 4075 1436 4145 quosdam
1487 4076 1810 4130 sacerdotes
1864 4076 1924 4130 in
1962 4076 2076 4130 illis

367 4161 626 4232 partibus
655 4162 942 4232 impudice
972 4178 1037 4215 ac
1065 4162 1333 4233 nequiter
1381 4163 1725 4231 conversari,
1776 4169 1842 4218 ut
1880 4169 1937 4219 et
1973 4181 2074 4219 au-

368 4249 487 4304 dire
518 4248 684 4303 nobis
735 4248 1132 4320 opprobrium,
1176 4253 1233 4304 et
1278 4250 1646 4306 lamentabile
1698 4251 1774 4306 sit
1842 4252 2074 4308 referre.

371 4339 453 4392 Ne
475 4354 612 4409 ergo
654 4342 961 4408 postquam
1016 4337 1191 4408 hujus
1236 4340 1511 4409 nequitiae
1564 4340 1858 4411 hucusque
1891 4358 1950 4395 se
1999 4344 2079 4395 te—

367 4422 555 4477 tendit
583 4421 801 4492 opinio,
844 4423 1031 4477 aliena
1060 4424 1307 4494 pravitas
1356 4434 1453 4478 aut
1501 4431 1755 4501 nostram
1798 4427 2075 4494 animam,

371 4516 472 4567 aut
520 4516 772 4565 vestrum
827 4527 1072 4582 regnum
1128 4513 1343 4583 peccati
1387 4513 1477 4567 sui
1522 4515 1712 4584 jaculo
1764 4516 1949 4584 feriat,
1985 4531 2075 4569 ar-

369 4601 571 4656 denter
600 4600 671 4655 ad
720 4601 843 4653 haec
894 4601 1170 4655 debemus
1200 4601 1525 4656 ulciscenda
1576 4619 1937 4674 consurgere,
2005 4620 2078 4658 ne

368 4705 683 4759 paucorum
740 4688 939 4756 fames,
992 4690 1305 4744 multorum
1358 4706 1480 4744 esse
1564 4692 1743 4762 possit
1806 4692 2074 4762 perditio.

369 4780 515 4833 Nam
553 4794 724 4833 causa
751 4783 885 4832 sunt
912 4777 1098 4833 ruinae
1129 4779 1331 4850 populi
1378 4780 1699 4835 sacerdotes
1736 4781 1893 4835 mali.
1941 4781 2077 4845 Quis

368 4869 524 4923 enim
554 4884 660 4938 pro
702 4867 907 4937 populi
936 4869 1180 4937 peccatis
1240 4885 1298 4922 se
1351 4868 1693 4931 intercessor
1735 4869 1985 4940 objiciat,
2029 4870 2078 4923 si

369 4956 628 5010 sacerdos
651 4955 753 5026 qui
798 4970 1033 5010 exorare
1075 4955 1351 5010 debuerat
1406 4957 1670 5027 graviora
1716 4958 2078 5013 committat?

368 5042 477 5096 Sed
507 5043 783 5113 quoniam
827 5033 1222 5114 eos'quorum
1277 5045 1399 5099 haec
1455 5045 1667 5101 locutio
1714 5053 1799 5103 est
1827 5046 2073 5119 insequi,

371 5144 477 5183 nec
502 5130 826 5185 sollicitudo
853 5131 923 5186 ad
954 5132 1404 5201 requisitionem,
1437 5150 1542 5187 nec
1572 5136 1725 5189 zelus
1778 5136 1985 5190 excitat
2007 5136 2075 5190 ad

369 5216 719 5272 vindictam:
776 5219 988 5289 scripta
1060 5220 1133 5275 ad
1199 5237 1304 5275 nos
1369 5226 1557 5277 vestra
1613 5223 1953 5291 discurrant,
2012 5230 2078 5279 ut

371 5320 678 5376 personam
708 5307 754 5360 si
799 5309 1107 5380 prtecipitis
1152 5326 1284 5364 cum
1326 5316 1530 5365 vestrae
1581 5314 1932 5367 auctoritatis
1995 5332 2078 5368 as-

373 5410 540 5448 sensu
572 5396 1049 5465 transmittamus,
1106 5415 1237 5469 qua:
1278 5416 1393 5454 una
1451 5416 1581 5454 cum
1629 5402 1757 5455 aliis
1804 5402 2074 5456 sacerdo-

371 5483 525 5539 tibus
550 5483 675 5538 hasc
694 5488 752 5537 et
777 5484 1063 5540 subtiliter
1093 5502 1372 5558 quaerere,
1409 5491 1465 5542 et
1520 5489 1838 5545 secundum
1894 5491 2072 5545 Deum

2177 3018 2358 3085 ciatis,
2385 3032 2490 3071 nec
2520 3017 2650 3087 plus
2699 3015 2816 3069 illis
2871 3031 2976 3086 per
3012 3016 3322 3087 pecuniam
3362 3013 3625 3078 obtinere,
3689 3021 3821 3080 quam

2177 3109 2465 3177 praecepta
2520 3103 2817 3158 Dominica
2873 3104 3218 3175 praecipiunt
3298 3101 3647 3175 permittatis.
3714 3096 3819 3151 Nam

2180 3193 2319 3247 dum
2342 3191 2531 3246 omnis
2556 3190 2793 3246 avaritia
2820 3191 3111 3247 idolorum
3159 3192 3233 3245 sit
3289 3191 3547 3256 servitus,
3612 3183 3819 3258 quisquis

2179 3281 2326 3335 hanc
2354 3279 2416 3334 in
2454 3280 2655 3335 dandis
2706 3280 3026 3334 honoribus
3076 3284 3133 3335 et
3181 3280 3432 3334 maxime
3497 3272 3819 3332 ecclesiasticis

2180 3368 2483 3439 vigilanter
2525 3384 2645 3423 non
2672 3373 2977 3439 precavet,
3013 3368 3375 3423 inﬁdelitatis
3402 3361 3682 3439 perditioni
3716 3359 3817 3413 sub-

2172 3457 2390 3528 jicitur,
2415 3457 2590 3512 etiam
2619 3457 2666 3511 si
2696 3462 2890 3512 tenere
2909 3457 3085 3511 ﬁdem
3116 3474 3290 3528 quam
3326 3455 3561 3527 negligit
3588 3451 3813 3504 videatur.

2180 3546 2338 3601 Sicut
2359 3561 2495 3616 ergo
2517 3550 2715 3600 contra
2748 3545 3059 3599 exteriores
3084 3545 3297 3611 hostes,
3357 3545 3437 3598 ita
3483 3554 3686 3613 quoque
3711 3550 3814 3589 con-

2179 3638 2270 3687 tra
2327 3634 2627 3687 interiores
2685 3633 3009 3687 animarum
3067 3633 3425 3687 adversarios
3480 3628 3675 3683 studete
3726 3635 3815 3675 esse

2182 3720 2430 3788 solliciti,
2469 3726 2532 3775 ut
2560 3737 2664 3791 per
2702 3721 2810 3775 hoc
2844 3721 2993 3791 quod
3030 3720 3130 3774 Dei
3185 3720 3372 3774 nostri
3422 3715 3646 3773 inimicis
3671 3706 3811 3766 ﬁdeli-

2181 3814 2268 3863 ter
2291 3815 2666 3881 repugnatur,
2696 3815 2754 3864 et
2798 3810 2890 3864 hic
2919 3809 3165 3864 feliciter
3192 3809 3375 3880 ipsius
3416 3802 3729 3879 proiectione
3755 3812 3814 3850 re-

2183 3899 2388 3969 gnetis,
2425 3904 2481 3952 et
2506 3899 2576 3953 ad
2631 3904 2848 3953 aeterna
2877 3898 3244 3970 postmodum
3307 3896 3513 3970 gaudia
3560 3892 3664 3964 ejus
3704 3887 3810 3941 duce

2185 3987 2368 4057 gratia
2398 3987 2659 4042 veniatis.

2184 4077 2313 4132 CAP.
2343 4076 2473 4130 XXI.
2497 4106 2563 4116 —
2596 4075 2748 4145 Quod
2776 4076 3067 4133 multorum
3096 4077 3333 4131 solamen
3363 4077 3454 4144 sit,
3491 4075 3540 4128 si
3576 4065 3808 4141 prudentes

2681 4167 2792 4219 viri
2809 4165 3023 4233 regibus
3054 4165 3389 4219 adhaereant.

2261 4254 2372 4323 (Ea:
2412 4268 2535 4322 rege
2578 4254 2744 4321 Greg.
2791 4253 2865 4308 ad
2928 4254 3371 4323 Asclepiodotum
3420 4248 3686 4307 Patricium
3723 4244 3806 4291 Απ-

2185 4343 2347 4412 glor.,
2369 4345 2546 4411 capite
2574 4341 2723 4413 271.)
2747 4342 3060 4397 Prudentes
3090 4342 3265 4408 viros,
3305 4341 3448 4394 sicut
3465 4336 3603 4401 estis,
3632 4326 3805 4418 regibus

2185 4431 2497 4496 adhaerere,
2526 4430 2838 4485 multorum
2867 4430 3125 4483 solamen
3155 4434 3255 4483 est.
3294 4430 3434 4482 Nam
3456 4426 3581 4480 dum
3604 4417 3800 4490 praestari

2186 4519 2295 4574 sibi
2323 4519 2513 4572 locum
2569 4518 2637 4572 ad
2691 4519 2899 4573 animae
2926 4520 3123 4573 datum
3167 4517 3472 4571 utilitatem
3521 4502 3798 4573 intelligunt,

2185 4612 2404 4663 certum
2437 4610 2538 4674 est,
2573 4607 2709 4678 quia
2749 4607 3029 4663 mercedis
3067 4623 3262 4661 causas
3293 4607 3404 4660 alia
3427 4602 3516 4658 ubi
3568 4587 3799 4653 inveniunt

2186 4713 2303 4751 non
2334 4700 2700 4767 praeponunt.

2186 4787 2314 4841 CAP.
2349 4785 2504 4842 XXII.
2539 4815 2601 4826 -
2638 4787 2707 4840 Ut
2747 4801 2935 4853 regum
2982 4784 3294 4839 adversarii
3338 4771 3796 4860 emcommunicentur.

2254 4874 2366 4945 (Ea:
2421 4875 2643 4928 concilio
2684 4873 2834 4943 apud
2885 4875 3234 4940 Lauriacum,
3276 4876 3446 4942 capite
3493 4864 3588 4935 13.)
3615 4860 3663 4915 Si

2185 4962 2454 5036 potestati
2505 4962 2678 5033 regiae
2735 4977 2853 5015 non
2919 4964 3002 5015 est
3056 4962 3221 5032 juxta
3284 4956 3597 5030 Apostolum
3651 4950 3800 5036 nisu}

2160 5052 2321 5121 'Deo,
2376 5050 2697 5105 contumaci
2725 5057 2779 5106 et
2832 5049 3029 5104 inﬂato
3091 5050 3296 5120 spiritu
3326 5040 3689 5103 contradicere,
3734 5023 3795 5121 ῖς]

2186 5140 2469 5206 resistere,
2525 5139 2977 5210 praesumpserit,
3011 5144 3069 5193 et
3106 5138 3228 5208 ejus
3264 5135 3430 5208 justis
3475 5134 3527 5186 et
3558 5113 3799 5210 rationabi-

2184 5227 2334 5282 libus
2360 5227 2620 5297 imperiis
2651 5228 2961 5281 secundum
2995 5227 3175 5280 Deum
3230 5231 3288 5279 et
3332 5217 3681 5279 auctoritatem
3724 5201 3794 5256 Εἶθ’

2185 5315 2561 5368 clesiasticam
2609 5315 3007 5385 obtemperare
3039 5313 3308 5382 noluerit,
3348 5297 3792 5385 anatbematizetur-

2257 5404 2384 5458 CAP.
2418 5404 2600 5457 XXIII.
2634 5434 2702 5442 —-
2733 5406 2806 5458 De
2831 5402 2947 5458 illis
2974 5406 3071 5471 qui
3090 5405 3341 5472 principi
3358 5414 3455 5456 non
3474 5384 3737 5472 obediert’ﬂ‘:
3778 5459 3786 5469 .

2259 5491 2371 5561 (Ea:
2401 5491 2624 5547 concilio
2659 5489 2927 5562 Toletan.)
2959 5464 3023 5546 In
3054 5464 3201 5546 libro
3242 5464 3439 5561 regum
3472 5478 3651 5551 legitur
3674 5486 3685 5524 :
3710 5464 3788 5529 Qui
