3972 6192
163 232 261 281 :IOI
978 228 1447 284 DECRETORUM
1493 228 1676 282 LIBRI
1714 229 1820 284 XX.
1857 259 1924 268 -ο
1970 230 2177 283 LIBER
2218 227 2525 283 DECIMUS
2564 228 2878 291 QUINTUS.

3578 238 3680 286 90?.

155 370 277 406 non
315 352 596 406 obedierit
642 350 910 421 principi,
954 356 1139 405 morte
1180 351 1477 405 moriatur.
1520 354 1581 405 In
1627 352 1867 407 concilio
1901 354 1943 406 A
1986 355 2042 405 et
2094 367 2246 405 nunc
2296 352 2376 404 ita
2420 367 2523 421 pro
2574 351 2743 405 unius
2802 352 3080 423 cujusque
3110 354 3357 407 utilitate
3406 357 3687 426 principis

152 447 362 495 autem
383 440 695 511 Agathensi
725 440 1058 510 praecipitur
1097 445 1159 494 ut
1189 441 1724 495 anathematizetur.

153 550 292 604 CAP.
332 549 508 604 XXIV.
535 577 604 585 ——
634 550 707 600 De
728 548 838 600 illis
870 548 1044 615 quiin
1083 547 1415 600 adversitate
1436 551 1675 616 propriae
1695 548 1869 615 gentis

487 623 583 671 aut
611 620 812 686 patria:
855 618 1151 686 culpabiles
1179 621 1546 671 inveniuntur.

229 709 346 777 (Ea:
370 706 588 775 eodem.)
622 705 796 759 Nobis
826 705 1004 774 igitur
1050 706 1196 759 ratio
1250 707 1533 776 persuasit
1581 707 1870 777 synodalis

155 797 491 861 decernere,
526 800 589 848 ut
635 795 961 864 quicunque
1018 794 1229 847 laicoru
1257 810 1297 847 n
1348 795 1685 849 adversitate
1743 811 1873 865 pro-

156 886 304 955 priae
356 884 564 954 gentis,
613 888 710 937 aut
761 883 984 953 patriae,
1042 884 1130 936 vel
1210 883 1382 953 regia;
1434 884 1731 953 potestatis
1802 882 1873 936 ad

156 979 387 1028 exteras
419 976 606 1041 partes
652 988 711 1025 se
755 972 1100 1025 conferendo
1144 972 1346 1025 noxius
1392 973 1567 1026 fuerit
1593 972 1742 1025 ultra
1777 988 1873 1025 re-

158 1067 383 1133 pertus,
416 1064 694 1131 perpetua
724 1060 798 1113 sit
852 1060 1439 1115 excommunicatione
1471 1062 1793 1128 damnatus,
1818 1063 1873 1114 et

156 1165 462 1220 nunquam
487 1149 570 1202 illi
591 1153 802 1218 praeter
830 1148 889 1202 in
916 1149 1117 1203 ultimo
1149 1150 1349 1203 mortis
1386 1166 1502 1203 suae
1542 1150 1871 1204 communio

156 1239 472 1292 tribuatur.

160 1327 292 1380 CAP.
324 1327 468 1380 XXV.
501 1354 572 1366 —
592 1326 659 1380 Ut
674 1326 856 1379 nullus
877 1330 1172 1393 praesumat
1190 1328 1442 1395 principe
1459 1328 1669 1380 vivente
1703 1326 1872 1379 alium

805 1398 998 1462 eligere
1026 1413 1221 1465 regem.

232 1485 350 1554 (Ea:
395 1483 575 1538 eodem
629 1486 848 1537 concilio
908 1490 962 1551 7,
1022 1488 1197 1553 capite
1257 1487 1368 1551 l7.)
1426 1485 1763 1554 Quanquam
1811 1483 1870 1536 in

158 1573 401 1627 concilio
432 1572 704 1627 anteriori
763 1573 917 1643 quod
976 1590 1157 1627 annos
1215 1574 1404 1643 primo
1470 1572 1871 1642 gloriosissimi

156 1661 440 1731 principis
473 1661 655 1715 nostri
685 1662 946 1715 habitum
1002 1668 1105 1727 est,
1143 1662 1211 1716 de
1244 1662 1577 1731 hujusmodi
1602 1678 1662 1714 re
1691 1661 1871 1714 fuerit
1906 1650 1943 1701 Β

162 1751 536 1819 promulgata
584 1750 912 1803 sententia:
974 1756 1169 1803 tamen
1224 1751 1410 1819 placet
1459 1750 1664 1804 iterata
1710 1750 1875 1818 juxta

161 1838 322 1907 quod
354 1838 621 1891 convenit
651 1838 953 1891 custodire.
990 1840 1187 1908 Itaque
1230 1838 1380 1907 regis
1412 1837 1523 1890 vita
1556 1842 1871 1903 constante,

159 1928 360 1980 nullus
390 1927 499 1980 sibi
531 1926 724 1996 aliquo
774 1943 965 1996 opere,
1014 1927 1101 1980 vel
1152 1925 1585 1990 deliberatione,
1644 1942 1742 1978 seu
1776 1942 1873 1978 cu-

155 2016 487 2085 jnscunque
518 2015 816 2085 dignitatis
865 2016 1061 2075 laicus,
1112 2031 1213 2067 seu
1261 2014 1445 2084 gradu
1490 2013 1871 2084 episcopatus,

162 2102 529 2172 presbyterii,
554 2108 653 2155 aut
695 2102 941 2155 diaconii
968 2106 1352 2166 consecratus,
1416 2100 1720 2171 caeterique
1769 2103 1876 2154 cle-

166 2192 380 2244 ricatus
409 2191 613 2244 ofﬁciis
664 2191 910 2265 deditus,
988 2190 1245 2243 futurum
1303 2205 1497 2259 regem
1553 2190 1873 2257 provideat,

166 2283 367 2333 contra
398 2280 638 2332 viventis
678 2278 829 2348 regis
862 2278 1189 2344 utilitatem,
1224 2283 1279 2331 et
1309 2279 1500 2347 procul
1550 2278 1721 2331 dubio
1774 2295 1872 2331 vo-

167 2369 472 2435 luntatem,
524 2367 938 2431 blandimento,
1000 2368 1086 2420 vel
1144 2367 1409 2419 suasione
1460 2383 1564 2435 per
1613 2367 1873 2419 eamdem

168 2472 353 2524 spem,
383 2459 484 2508 aut
513 2456 652 2508 alios
682 2456 739 2508 in
771 2472 830 2508 se
861 2456 1070 2521 trahat,
1103 2460 1202 2508 aut
1243 2455 1364 2525 ipse
1423 2455 1484 2507 in
1534 2455 1713 2508 alium
1779 2472 1877 2508 ac—

170 2546 447 2616 quiescat.
480 2546 750 2616 Iniquum
800 2546 956 2599 enim
980 2550 1036 2598 et
1074 2545 1234 2598 valde
1271 2546 1585 2599 execrabile
1625 2561 1658 2598 a
1713 2545 1873 2599 Chri-

170 2636 373 2689 stianis
412 2635 580 2689 debet
606 2634 827 2700 haberi,
875 2634 1059 2688 futuri
1090 2634 1363 2703 temporis
1403 2634 1617 2687 illicitis
1649 2634 1874 2703 prospi-

170 2742 319 2791 cere,
354 2730 413 2778 et
445 2725 570 2778 vitae
602 2742 719 2778 suae
751 2725 983 2794 ignaros
1006 2728 1245 2777 ventura
1278 2724 1599 2794 disponere.
1637 2724 1795 2787 Quod
1829 2723 1877 2776 si

174 2814 484 2883 quisquam
509 2814 627 2881 jam
661 2812 792 2865 talia
823 2812 1022 2881 iniqua
1075 2811 1483 2865 deliberatione
1540 2828 1669 2864 cum
1727 2828 1871 2881 quo-

171 2916 401 2970 cunque
434 2905 519 2953 est
564 2900 887 2964 meditatus,
922 2901 1030 2952 hoc
1060 2898 1168 2952 sibi
1200 2898 1423 2951 noverit
1445 2916 1565 2952 esse
1605 2899 1867 2951 saccrdo-
1906 2923 1945 2976 ρ

172 2989 269 3042 tali
302 2988 697 3042 moderatione
731 3003 1081 3053 concessum,
1140 2992 1203 3039 ut
1257 2987 1302 3039 si
1333 2986 1636 3039 venialiter
1666 2986 1870 3056 poscit,

171 3077 276 3130 hoc
308 3078 431 3129 sine
465 3092 626 3129 mora
680 3075 980 3145 priesentis
1020 3074 1293 3145 principis
1352 3074 1588 3128 auribus
1651 3075 1881 3128 studeat

172 3164 487 3233 publicare.
524 3165 580 3218 Si
627 3168 821 3217 autem
871 3164 1128 3217 obtineat
1160 3170 1215 3216 et
1276 3163 1710 3217 deliberationis
1762 3179 1880 3217 suae

172 3253 651 3316 machinamenta,
690 3252 874 3306 noluit
899 3252 1106 3319 dicere,
1137 3252 1388 3321 pessimo
1412 3253 1693 3322 plectatur
1737 3268 1880 3306 ana-

176 3344 451 3396 themate.

245 3430 374 3483 CAP.
410 3431 581 3484 XXVI.
619 3459 679 3469 —-
708 3431 773 3483 Ut
802 3444 950 3482 nemo
976 3428 1223 3482 intendat
1242 3427 1606 3482 ininteritum
1642 3430 1806 3494 regis.

244 3520 355 3581 (Ea:
385 3518 582 3585 eodem,
616 3519 793 3585 capite
822 3518 930 3581 l8.)
961 3518 1082 3570 Jam
1117 3516 1354 3586 quidem
1415 3517 1475 3569 in
1523 3514 1881 3569 antecedenti

174 3601 753 3675 universali'synodo,
803 3606 970 3658 saluti
1034 3610 1363 3658 nostrorum
1390 3604 1714 3674 principum
1746 3619 1884 3656 con-

174 3700 285 3749 stat
307 3711 427 3748 esse
485 3694 831 3761 consultum,
861 3693 958 3747 sed
1010 3693 1151 3747 libet
1188 3693 1395 3746 iterare
1440 3692 1585 3746 bene
1645 3692 1880 3757 sancita,

176 3788 230 3837 et
276 3784 452 3854 digna
506 3782 838 3837 auctoritate
916 3782 1143 3835 munire
1209 3781 1515 3835 salubriter
1600 3781 1880 3834 ordinata.

176 3872 430 3942 Ideoque
460 3875 848 3924 contestamur
876 3886 1065 3923 coram
1100 3871 1234 3935 Deo,
1270 3873 1326 3923 et
1354 3869 1513 3922 omni
1551 3869 1750 3923 ordine
1789 3885 1887 3922 an-

158 3962 462 4031 gelorum,
520 3975 713 4013 coram
768 3959 1182 4029 prophetarum
1238 3962 1411 4028 atque
1470 3958 1880 4028 apostolorum,

178 4051 262 4103 vel
291 4048 551 4102 omnium
582 4051 899 4117 martyrum
949 4047 1142 4111 choro,
1184 4063 1375 4099 coram
1416 4046 1572 4100 omni
1609 4046 1886 4100 catholica

178 4137 443 4201 Ecclesia,
480 4141 536 4189 et
563 4135 771 4190 Christi
807 4152 1088 4188 annorum
1130 4141 1297 4198 cmtu,
1330 4139 1395 4189 ut
1420 4151 1589 4188 nemo
1622 4136 1885 4188 intendat

1982 442 2346 495 moderentur
2370 441 2733 507 discretione,
2767 441 2913 495 sicut
2954 459 3050 495 eos
3083 446 3437 512 prospexerit
3489 461 3687 499 neces-

1980 530 2158 582 sarios
2189 546 2309 581 esse
2339 529 2541 598 patria:
2589 535 2645 582 et
2674 530 2753 581 sic
2778 529 2889 582 illis
2936 529 3303 600 impartiatur
3340 532 3686 601 benignitas,

1984 618 2123 670 utin
2168 617 2386 670 caeteris
2446 622 2671 670 maneat
2703 619 2904 687 gratia,
2962 623 3017 672 et
3066 624 3335 688 potestas,
3405 626 3689 689 quatenus

1982 705 2059 758 ita
2086 706 2281 757 omnia
2308 705 2369 758 in
2398 706 2566 759 rebus
2586 705 2739 774 juste
2771 706 3092 777 conquisita
3130 709 3445 775 lucrentur,
3482 714 3545 761 ut
3579 725 3685 778 po-

1984 794 2146 847 steris
2176 794 2561 864 relinquendi,
2594 796 2679 848 vel
2712 796 2919 866 quibus
2951 798 3216 850 voluntas
3244 814 3443 851 eorum
3487 799 3688 851 decre—

1983 883 2081 946 vit,
2114 882 2462 949 conferendi,
2514 890 2829 953 spontaneo
2872 884 3132 938 fruantur
3180 885 3437 938 arbitrio.
3508 885 3685 937 Caete-

1981 985 2133 1030 rum,
2156 970 2203 1023 si
2232 971 2483 1023 inﬁdelis
2513 972 2819 1041 quisquam
2842 972 2899 1025 in
2919 973 3104 1041 capite
3136 974 3316 1042 regio,
3342 979 3438 1027 aut
3468 972 3688 1026 inutilis

1982 1059 2041 1114 in
2076 1060 2245 1113 rebus
2276 1060 2595 1113 commissis
2645 1062 2943 1129 exstiterit,
2992 1062 3051 1114 in
3104 1062 3425 1115 clementia;
3485 1067 3685 1114 vestra:

1983 1165 2160 1201 manu
2188 1149 2481 1218 potestatis
2511 1155 2651 1200 nutu
2683 1153 2901 1202 constet
2955 1150 3287 1219 hujusmodi
3350 1150 3684 1202 moderatio.

1988 1238 2085 1289 Fas
2116 1242 2201 1289 est
2230 1237 2384 1290 enim
2440 1237 2744 1290 indubium
2790 1238 3079 1291 deducere
3113 1240 3207 1308 jus
3245 1238 3559 1307 potestatis,
3596 1236 3687 1289 cui

1982 1326 2240 1377 omnium
2263 1326 2604 1393 gubernatio
2637 1342 2885 1394 superno
2904 1332 3120 1379 constat
3142 1327 3403 1396 delegata
3445 1325 3684 1396 judicio.

1982 1414 2141 1477 Quod
2173 1414 2217 1465 si
2248 1420 2371 1483 post
2403 1415 2527 1483 ejus
2550 1414 2860 1467 discessum
2893 1415 3178 1484 quispiam
3208 1420 3466 1484 repertus
3514 1414 3687 1468 fuerit

1981 1504 2112 1555 vitae
2132 1502 2303 1555 fuisse
2334 1502 2601 1569 inﬁdelis,
2629 1502 2907 1571 quidquid
2940 1503 3203 1572 largitate
3226 1503 3404 1573 ipsius
3422 1504 3483 1555 in
3514 1504 3685 1557 rebus

1983 1590 2202 1655 habuit,
2232 1590 2565 1660 conquisitis
2597 1596 2805 1657 careat,
2837 1592 3290 1659 conﬁscandum,
3323 1596 3379 1645 et
3422 1591 3685 1646 fidelibus

1987 1679 2371 1749 largiendum.

2311 1802 2440 1855 CAP.
2476 1802 2704 1856 XXVIII.
2747 1832 2815 1840 —
2845 1804 2919 1855 De
2942 1816 3128 1868 regum
3157 1801 3349 1856 sobole.

2056 1926 2175 1990 (Ea:
2215 1926 2413 1992 eodem,
2447 1928 2621 1994 capite
2648 1925 2751 1995 16.)
2771 1926 2925 1980 Sicut
2948 1925 3249 1979 insolentia
3285 1927 3565 1979 malorum
3600 1941 3692 1979 re-

1984 2030 2123 2083 gum
2141 2014 2336 2067 odiosa
2364 2030 2589 2084 semper
2608 2019 2664 2067 et
2685 2015 3015 2067 execrabilis
3047 2015 3525 2085 existitsubjectis
3561 2031 3573 2068 :
3606 2016 3688 2068 ita

1984 2103 2270 2155 honorum
2302 2104 2539 2172 provida
2578 2102 2791 2156 utilitas
2821 2104 3083 2156 amabilis
3136 2103 3381 2156 efﬁcitur
3434 2104 3683 2173 populis.

1985 2191 2257 2254 Quocirca
2347 2191 2475 2262 quis
2554 2191 2717 2253 ferat,
2779 2197 2878 2245 aut
2933 2193 3061 2262 quis
3137 2193 3312 2247 talem
3396 2198 3686 2246 errantem

1985 2280 2373 2333 Christianum
2402 2280 2610 2345 videat,
2640 2280 2740 2350 qui
2769 2280 2986 2350 regiam
3040 2280 3316 2346 sobolem,
3341 2285 3439 2334 aut
3497 2285 3685 2351 poste-

1983 2369 2209 2421 ritatem
2244 2371 2484 2421 conetur
2534 2369 2822 2437 expoliare
2856 2370 3046 2435 rebus,
3080 2374 3177 2421 aut
3227 2369 3453 2438 privare
3503 2368 3685 2439 digni-

1970 2456 2234 2511 tatibus?
2276 2457 2435 2520 Quod
2493 2456 2699 2511 deinde
2758 2474 2829 2509 ne
2886 2458 3003 2519 ﬁat,
3049 2458 3333 2527 generalis
3386 2462 3689 2527 promatur

1986 2544 2263 2617 principis
2294 2545 2425 2597 ﬁliis
2452 2544 2735 2598 sententia
2772 2550 2987 2612 nostra,
3042 2545 3098 2599 id
3130 2551 3236 2603 est.
3283 2546 3351 2599 de
3390 2544 3686 2615 praesentis

1989 2632 2453 2687 excellentissimi
2482 2633 2752 2688 Cintilani
2786 2634 2935 2704 regis
2968 2634 3296 2703 posteritate
3319 2634 3529 2687 dentur
3561 2638 3691 2703 apta

1992 2738 2024 2773 a
2050 2721 2215 2773 nobis
2251 2722 2497 2785 decreta,
2534 2727 2597 2774 ut
2636 2738 2701 2774 ea
2732 2738 2859 2791 quae
2894 2722 3144 2791 synodus
3192 2722 3485 2792 pi'zeterito
3536 2738 3686 2775 anno

1992 2810 2051 2863 in
2084 2810 2188 2863 hac
2220 2810 2465 2863 Ecclesia
2512 2810 2704 2863 habita
2762 2812 3079 2878 constituit,
3119 2812 3268 2864 circa
3322 2828 3554 2864 omnem
3584 2828 3685 2880 po-

1990 2899 2301 2951 steritatem
2334 2898 2456 2967 ejus
2487 2898 2825 2951 universitas
2864 2899 3025 2969 regni
3060 2899 3148 2952 sui
3214 2904 3527 2961 conservet,
3584 2900 3691 2953 hoc
3770 2916 3777 2921 ‘

1991 2991 2095 3053 est,
2130 2991 2190 3039 ut
2220 2986 2546 3063 praebeatur
2572 2986 2703 3039 ﬁliis
2734 2988 2857 3057 ejus
2880 2987 3107 3040 dilectio
3135 2988 3385 3056 benigna
3416 2992 3471 3041 et
3500 2986 3690 3057 ﬁrma,

1990 3079 2045 3127 et
2074 3074 2420 3141 tribuantur,
2460 3075 2559 3127 ubi
2598 3075 2710 3128 loci
2757 3076 3158 3145 opportunitas
3193 3075 3534 3137 exhibuerit,
3588 3076 3693 3129 de-

1987 3162 2274 3216 fensiones
2295 3162 2363 3215 ad
2379 3162 2730 3216 adminicula
2748 3163 2923 3233 justa,
2950 3180 3021 3216 ne
3043 3163 3110 3217 de
3131 3164 3303 3216 rebus
3331 3164 3481 3233 juste
3503 3163 3695 3234 profli-

1989 3252 2154 3323 gatis,
2189 3256 2287 3305 aut
2318 3256 2623 3323 parentum
2680 3252 2957 3323 dignitate
3022 3253 3363 3323 procuratis,
3394 3254 3483 3307 vel
3514 3254 3689 3323 largi-

1989 3346 2103 3394 tate
2131 3340 2457 3411 principum
2488 3345 2587 3393 aut
2622 3340 2860 3411 alicujus
2890 3342 3187 3411 impensis,
3225 3346 3323 3395 aut
3356 3342 3529 3395 etiam
3556 3360 3691 3412 pro-

1992 3429 2203 3499 pietate
2234 3429 2461 3494 debitis,
2502 3429 2840 3482 fraudentur
2872 3428 3127 3498 qualibet
3156 3429 3362 3482 insidia
3411 3430 3695 3483 callidita-

1991 3517 2083 3583 tis,
2117 3532 2257 3568 neve
2291 3534 2320 3568 a
2344 3533 2637 3585 quoquam
2688 3517 2935 3569 laedendi
2981 3534 3075 3569 eos
3122 3517 3491 3586 prrebeantur
3521 3534 3698 3587 argu-

1991 3609 2183 3657 menta
2234 3604 2721 3657 machinationis:
2780 3604 2915 3673 quia
2956 3603 3193 3672 dignum
3246 3609 3351 3669 est,
3403 3611 3469 3658 ut
3533 3606 3695 3673 cujus

1991 3693 2271 3762 regimine
2300 3693 2577 3745 habemus
2627 3693 3011 3753 securitatem,
3066 3692 3191 3761 ejus
3241 3694 3564 3763 pesteritati
3597 3695 3694 3747 de-

1992 3785 2143 3835 creto
2172 3780 2399 3834 concilii
2420 3780 2821 3850 impertiamus
2851 3780 3123 3850 quietem.

1994 3924 2121 3977 CAP.
2149 3923 2323 3977 XXIX.
2347 3952 2415 3962 —-
2448 3922 2605 3987 Quod
2624 3921 2898 3989 quidquid
2916 3926 3206 3976 commotus
3237 3924 3451 3977 animus
3481 3925 3693 3991 fecerit,

2581 3994 2674 4047 hoc
2699 3995 2909 4061 justum
2930 3998 3104 4059 putet.

2065 4116 2172 4186 (E1:
2215 4131 2354 4182 rege.
2415 4118 2573 4185 Greg.
2635 4116 2710 4169 ad
2749 4118 3079 4172 Mauricium
3123 4118 3457 4182 Augustum,
3520 4121 3697 4187 capite

174 4226 234 4278 in
257 4224 556 4278 interitum
579 4224 744 4293 regis,
768 4240 936 4277 nemo
955 4224 1127 4276 vitam
1148 4223 1418 4292 principis
1441 4239 1578 4276 nece
1597 4228 1837 4275 attrecte‘

2061 4205 2137 4273 3.)
2171 4205 2559 4274 Omnipotenti
2592 4206 2705 4259 Deo
2738 4222 2870 4259 reus
2901 4209 3003 4271 est,
3034 4205 3133 4274 qui
3184 4205 3547 4259 serenissima
3592 4207 3695 4260 do-

176 4329 347 4367 nemo
369 4311 535 4381 regni
565 4328 697 4366 eum
718 4311 1120 4382 gubernaculis
1152 4310 1357 4379 privet,
1390 4327 1556 4364 nemo
1583 4310 1878 4381 tyrannica

174 4400 628 4472 praesumptione
658 4401 878 4470 apicem
902 4400 1065 4470 regni
1096 4400 1478 4469 sibiusurpet,
1520 4416 1689 4452 nemo
1732 4416 1875 4469 quo-

171 4488 315 4541 libet
346 4486 806 4553 machinamento
838 4488 899 4539 in
930 4486 1052 4556 ejus
1090 4486 1487 4539 adversitatem
1519 4486 1626 4539 sibi
1673 4487 1877 4555 conju-

175 4582 439 4630 ratorum
472 4591 705 4628 manum
738 4575 997 4630 associet.
1026 4576 1189 4639 Quod
1218 4575 1263 4627 si
1292 4575 1351 4628 in
1375 4576 1645 4645 quopiam
1668 4576 1877 4628 horum

173 4666 485 4735 quisquam
537 4669 866 4716 nostrorum
935 4664 1241 4716 temerario
1296 4680 1435 4716 ausu
1494 4668 1878 4733 praesumptor

172 4751 477 4817 exstiterit,
510 4753 875 4805 anathemate
905 4752 1094 4805 divino
1140 4768 1461 4821 percussus,
1513 4752 1727 4820 absque
1759 4751 1875 4803 ullo

173 4839 417 4894 remedii
449 4841 590 4907 loco,
629 4840 909 4893 habeatur
937 4840 1349 4892 condemnatus
1392 4845 1607 4892 teterno
1635 4838 1873 4908 judicio.

490 4946 616 5000 CAP.
664 4946 863 4999 XXVII.
900 4976 966 4985 —
989 4950 1063 4999 De
1091 4945 1339 5013 ﬁdelibus
1360 4962 1567 5014 regum.

247 5035 365 5103 (Em
396 5034 622 5101 eodem.)
658 5033 905 5087 Proinde
950 5034 1198 5087 decrevit
1243 5034 1551 5087 concilium
1595 5037 1873 5093 sanctum,

176 5138 379 5176 omnes
409 5123 507 5193 qui
557 5139 662 5192 pro
710 5122 868 5176 ﬁdeli
901 5122 1199 5192 obsequio,
1252 5127 1307 5176 et
1355 5123 1574 5176 sincero
1622 5122 1875 5190 servitio,

174 5211 587 5278 voluntatibus,
622 5211 706 5263 vel
734 5211 908 5281 jussis
947 5211 1244 5280 paruerint
1292 5211 1587 5281 principis,
1645 5216 1877 5281 totaque

175 5300 500 5353 intentione
560 5300 759 5353 salutis
811 5299 935 5369 ejus
989 5299 1323 5365 custodiam,
1383 5300 1469 5354 vel
1520 5298 1877 5368 vigilantiam

176 5388 488 5441 habuerint
516 5388 703 5457 regni,
766 5403 800 5440 a
853 5386 1275 5440 successoribus
1337 5402 1439 5438 nec
1487 5402 1520 5438 a
1576 5386 1875 5455 dignitate,

177 5491 286 5529 nec
308 5491 340 5528 a
371 5475 539 5531 rebus
572 5474 827 5546 pristinis
874 5492 1045 5530 causa
1071 5473 1424 5544 repellantur
1467 5473 1717 5543 injuste:
1781 5476 1876 5529 sed

1993 4294 2147 4347 mino
2179 4293 2236 4345 in
2269 4309 2437 4346 omne
2472 4294 2623 4363 quod
2654 4294 2774 4364 agit
2804 4298 2861 4347 et
2906 4295 3161 4363 loquitur
3212 4310 3389 4364 purus
3427 4311 3545 4348 non
3588 4299 3692 4349 est.

1991 4382 2103 4450 Ego
2134 4386 2324 4435 autem
2358 4381 2627 4452 indignus
2660 4383 2885 4452 pietatis
2927 4390 3127 4435 vestrae
3157 4382 3428 4449 famulus,
3473 4382 3531 4436 in
3593 4384 3698 4437 hac

1989 4469 2353 4539 suggestione
2385 4486 2531 4536 mea,
2556 4486 2741 4540 neque
2773 4476 2833 4523 ut
2855 4472 3152 4539 episcopus
3184 4488 3368 4541 neque
3404 4476 3463 4524 ut
3504 4488 3698 4525 servus

1980 4559 2108 4626 jure
2165 4558 2495 4627 reipublicae
2550 4559 2802 4628 sedjure
2840 4559 3076 4628 privatae
3131 4560 3351 4628 loquor,
3431 4561 3567 4630 quia
3610 4578 3696 4613 se-

1988 4644 2287 4698 renissime
2346 4645 2600 4711 domine,
2688 4652 2747 4700 et
2820 4647 2919 4700 illo
2968 4647 3091 4716 jam
3176 4653 3434 4717 tempore
3519 4649 3701 4700 domi-

1989 4750 2095 4786 nus
2146 4750 2305 4787 meus
2347 4734 2522 4799 fuisti,
2578 4735 2806 4803 quando
2863 4735 3049 4788 adhuc
3099 4735 3369 4789 dominus
3435 4737 3695 4788 omnium

1988 4838 2103 4875 non
2130 4839 2273 4875 eras.
2322 4822 2424 4875 Illa
2478 4824 2929 4891 praepositorum
2987 4822 3312 4877 sollicitudo
3362 4823 3539 4889 utilis,
3594 4824 3690 4877 illa

1988 4914 2069 4962 est
2123 4911 2344 4963 cautela
2397 4910 2722 4976 laudabilis,
2786 4911 2847 4963 in
2906 4928 3019 4981 qua
3081 4917 3265 4966 totum
3347 4912 3494 4965 ratio
3544 4912 3686 4982 agit,

1988 5005 2043 5052 et
2073 4998 2230 5051 furor
2299 4998 2404 5052 sibi
2458 4998 2536 5051 nil
2593 4998 2860 5052 vindicat.
2912 5000 3331 5068 Restringenda
3388 5015 3523 5070 ergo
3583 5001 3689 5055 sub

1986 5087 2208 5140 ratione
2266 5093 2515 5156 potestas
2563 5091 2647 5140 est
2675 5103 2778 5140 nec
2835 5089 3146 5158 quidquam
3175 5087 3463 5158 agendum
3534 5090 3697 5159 prius

1988 5191 2158 5242 quam
2218 5175 2499 5228 concitata
2582 5176 2649 5229 ad
2707 5177 3180 5246 tranquillitatem
3251 5193 3413 5230 mens
3476 5177 3692 5232 redeat.

1988 5265 2127 5317 Nam
2160 5263 2560 5317 commotionis
2606 5268 2888 5333 tempore,
2932 5264 3153 5334 justum
3202 5269 3360 5335 putat
3410 5265 3496 5322 ira
3536 5267 3691 5337 quod

1989 5352 2202 5406 fecerit.
