3972 6192
356 235 459 286 903

1421 232 1822 287 BURCIIARDI
1864 231 2395 289 WORMACIENSIS
2432 234 2746 289 EPISCOPI
2760 275 2775 289 .
3753 242 3843 294 905

354 357 481 410 CAP.
512 356 660 410 XXX.
688 384 757 393 ——
787 355 945 420 Quod
969 356 1098 429 laici
1124 354 1483 429 presbyteros,
1525 357 1622 423 qui
1648 357 1894 429 ecclesias
1924 357 2043 409 illo-
2076 358 2122 410 Α
2160 355 2477 416 offendunt.
2526 356 2979 412 Gubernationes
3024 357 3086 411 in
3125 358 3477 429 quotidianis
3528 359 3653 414 vita:
3705 377 3843 415 com-

423 441 545 480 rum
586 430 782 501 tenent,
805 442 912 480 non
942 426 1097 478 aliud
1119 424 1555 493 quam’divinum
1592 424 1837 495 ofﬁcium
1871 429 2053 494 facere

423 501 721 637 gingiuis
767 567 939 634 Aug.)
972 566 1275 623 Admoneo
1305 583 1425 631 vos,
1459 566 1837 634 dilectissimi,
1871 568 2051 622 Deum

352 656 577 723 timere,
601 655 923 709 sacerdotes
952 656 1255 723 honorare,
1298 654 1604 709 reddentes
1649 655 1732 710 eis
1792 656 2051 711 debitum

353 744 689 812 sanctitatis,
720 749 782 798 ut
812 743 969 798 vobis
992 743 1396 813 adjuvantibus
1418 744 1525 814 ipsi
1548 745 1938 799 inconturbati
1964 763 2051 798 va-

350 835 507 889 leant
532 837 701 904 atque
740 832 944 897 securi,
1000 833 1269 886 salutaria
1323 833 1656 902 praedicare,
1694 838 1749 887 et
1792 836 2048 903 regulam

355 929 527 995 atque
554 923 812 992 vigorem
847 920 1289 976 ecclesiasticum
1333 936 1689 986 conservare,
1736 922 1816 975 ita
1858 923 2050 977 clerici

352 1028 548 1067 omnes
578 1011 694 1065 suis
720 1011 1046 1080 subjaceant
1089 1010 1391 1081 episcopis,
1419 1015 1477 1065 et
1535 1010 1605 1065 ab
1661 1010 1772 1064 illis
1804 1011 2047 1064 docean—

352 1105 465 1155 tur.
499 1102 850 1171 Prmceptum
884 1098 1098 1170 quippe
1130 1103 1215 1152 est
1244 1116 1272 1152 a
1305 1099 1548 1152 Domino
1583 1115 1596 1152 :
1640 1099 1879 1153 Reddite
1918 1116 2047 1170 quas

354 1194 487 1243 sunt
519 1189 774 1256 Caesaris,
801 1189 1028 1255 Caesari,
1061 1192 1118 1241 et
1141 1203 1269 1258 quae
1300 1192 1432 1240 sunt
1475 1187 1590 1251 Dei,
1635 1189 1771 1242 Deo.
1801 1190 2046 1256 Aposto-

345 1279 520 1333 licum
551 1284 903 1349 praeceptum
954 1277 1114 1330 vobis
1159 1276 1390 1341 mando,
1424 1281 1486 1330 ut
1529 1277 1719 1330 nullus
1776 1276 2046 1331 secularis

345 1367 616 1422 clericum
645 1367 705 1421 in
731 1383 898 1420 suum
937 1366 1146 1419 habeat
1175 1365 1538 1435 obsequium,
1587 1365 1683 1419 sed
1739 1365 1823 1418 illi
1883 1366 2044 1435 cujus

346 1457 705 1528 signaculum
732 1455 792 1509 in
822 1455 1006 1524 capite
1036 1453 1226 1520 habet,
1271 1458 1462 1507 mente
1510 1453 1790 1507 deserviat
1819 1458 1877 1507 et
1913 1470 2043 1508 cor-

344 1544 433 1610 de,
469 1544 742 1598 educatus
786 1543 844 1596 in
874 1543 961 1596 his
992 1558 1120 1613 quae
1145 1559 1176 1595 a
1209 1558 1310 1595 suo
1339 1541 1758 1612 praecipiuntur
1813 1541 2041 1612 episco-

343 1649 440 1704 po.
476 1632 816 1686 Detestabile
851 1634 935 1685 est
963 1630 1113 1684 enim
1161 1634 1217 1683 et
1244 1629 1509 1700 iniquum
1550 1646 1712 1700 opus,
1772 1630 2041 1684 clericum
2073 1642 2112 1696 Β

340 1720 402 1774 in
438 1720 598 1775 Judis
638 1718 905 1786 inveniri,
957 1724 1055 1773 aut
1084 1734 1213 1772 cum
1235 1718 1625 1788 accipitribus,
1651 1718 1740 1771 vel
1770 1719 2038 1773 venatio-

339 1807 511 1864 nibus
532 1808 740 1879 degere
770 1808 966 1875 vitam,
1014 1806 1300 1878 tantisque
1331 1805 1568 1860 scenicis
1597 1795 1782 1860 causis
1811 1806 2038 1861 saucia-

340 1901 489 1961 tum,
515 1896 584 1951 ad
616 1895 1007 1966 episcopatum
1036 1900 1135 1949 aut
1154 1894 1597 1965 presbyterium,
1628 1895 1715 1948 vel
1750 1895 2035 1965 quibusli-

338 1983 438 2039 bet
465 1984 904 2038 sacerdotalibus
934 1981 1138 2037 ofﬁciis
1195 1983 1482 2049 accedere,
1543 1999 1659 2037 non
1717 1983 1901 2052 bonis,
1934 1984 2033 2039 sed

338 2072 507 2126 malis
536 2071 685 2125 vitiis
723 2072 980 2142 plenum.
1007 2070 1290 2141 Scriptum
1323 2086 1572 2142 namque
1628 2075 1713 2125 est
1743 2088 1756 2125 :
1792 2071 1901 2135 Qui
1954 2071 2036 2125 di-

338 2160 517 2230 ligitis
550 2160 879 2227 Dominum,
918 2158 1068 2213 odite
1125 2160 1362 2213 malum.
1396 2160 1538 2213 Nam
1589 2164 1647 2213 et
1683 2159 1790 2214 hoc
1841 2161 2032 2214 horta-

337 2263 470 2302 mur
508 2247 997 2303 Christianitatem
1062 2251 1331 2313 vestram,
1388 2252 1451 2301 ut
1494 2249 1657 2318 juxta
1703 2252 2031 2301 sanctorum

336 2352 622 2390 canonum
669 2336 952 2400 instituta,
1008 2351 1116 2389 nec
1170 2335 1434 2389 Ecclesiis
1473 2353 1500 2389 ο
1563 2336 1721 2390 vobis
1777 2334 2031 2391 fundatis

338 2424 569 2479 aliunde
594 2426 826 2478 veniens
874 2423 1174 2494 presbyter
1216 2424 1576 2495 suscipiatur,
1621 2424 1731 2478 nisi
1764 2440 1797 2477 a
1831 2428 2029 2478 vestras

339 2512 597 2567 Ecclesiae
655 2511 827 2565 fuerit
878 2511 1146 2582 episcopo
1194 2518 1579 2575 consecratus,
1641 2517 1739 2565 aut
1801 2528 1868 2566 eo
1924 2528 2029 2583 per

336 2600 831 2656 commendatitias
869 2600 1087 2654 litteras
1126 2599 1488 2671 suscipiatur.
1519 2600 1680 2655 Multi
1709 2600 1864 2654 enim
1896 2600 2029 2654 sibi-

336 2689 596 2761 metipsis
622 2690 941 2757 mendaces,
970 2682 1260 2742 multoties
1291 2689 1437 2743 servi
1468 2689 1804 2760 cujusquam
1831 2689 2026 2758 fugam

332 2778 694 2849 arripientes,
741 2776 992 2831 dominis
1056 2776 1173 2830 suis
1232 2776 1589 2848 semetipsos.
1628 2778 1789 2849 quasi
1827 2793 2025 2831 conse-

332 2873 520 2923 oratos
568 2868 929 2939 presbyteros
959 2867 1323 2932 annuntiant,
1359 2866 1495 2921 dum
1545 2882 1663 2920 non
1707 2867 1840 2921 sint.
1881 2867 2025 2921 Sunt

332 2962 525 3014 autem
561 2955 810 3010 ministri
849 2954 1059 3010 diaboli
1091 2958 1148 3009 et
1183 2971 1302 3009 non
1333 2954 1453 3020 Dei,
1486 2958 1542 3011 et
1570 2954 1668 3026 qui
1705 2972 1802 3009 eos
1851 2954 2024 3008 susci-

329 3046 492 3118 piant
520 3044 825 3099 similiter:
863 3044 998 3115 quia
1035 3042 1313 3114 scriptum
1343 3048 1428 3099 est
1466 3059 1479 3098 :
1531 3043 1769 3098 Videbas
1810 3043 2019 3113 furem,

329 3139 387 3188 et
413 3150 541 3188 cum
574 3149 640 3186 eo
669 3133 955 3199 currebas,
977 3136 1081 3186 etc.

331 3222 460 3277 CAP.
496 3222 669 3276 XXXI.
707 3250 768 3261 —
823 3222 891 3275 Ut
925 3219 1115 3274 Judazi
1160 3235 1324 3344 stupor
1380 3219 1718 3275 Christianos
1754 3235 1861 3274 non
1913 3237 2021 3291 po-

1060 3306 1172 3344 nan
1200 3306 1283 3344 ur.

1060 3306 1283 3344 nuntur.

399 3380 507 3445 (Ea:
537 3379 758 3433 concilio
786 3377 1067 3445 Meldensi,
1095 3378 1273 3441 capite
1303 3375 1381 3440 3.)
1425 3376 1503 3430 Ne
1536 3374 1714 3430 Judaei
1770 3375 2015 3429 admini-

327 3465 591 3519 stratorio
621 3482 725 3520 usu
758 3464 860 3519 sub
923 3465 1122 3519 ordine
1179 3463 1496 3518 villicorum
1547 3468 1718 3534 atque
1761 3469 2015 3518 actorum

328 3553 702 3609 Christianam
730 3554 1005 3609 familiam
1036 3569 1235 3625 regere
1280 3553 1546 3618 audeant,
1599 3568 1704 3606 nec
1735 3553 1818 3607 eis
1850 3553 1959 3607 hoc
1986 3570 2019 3607 a

325 3659 615 3715 quoquam
646 3644 772 3698 ﬁeri
802 3642 1188 3714 praecipiatur.
1228 3641 1285 3697 Si
1338 3641 1468 3712 quis
1504 3658 1636 3695 vero
1670 3647 1867 3695 contra
1895 3641 2017 3696 haec

322 3747 492 3803 agere
512 3733 960 3804 praesumpserit,
990 3732 1034 3785 si
1067 3731 1384 3802 episcopus,
1418 3731 1738 3801 presbyter,
1769 3734 1867 3785 aut
1903 3730 2018 3784 dia-

322 3836 502 3875 conus
526 3821 718 3889 fuerit,
759 3821 995 3892 proprio
1028 3824 1455 3874 summoveatur
1508 3819 1685 3889 gradu
1722 3834 1735 3872 :
1786 3819 1832 3872 si
1881 3835 2015 3873 vero

321 3908 635 3962 monachus
664 3908 860 3975 fuerit,
900 3907 1309 3961 communione
1333 3906 1607 3977 privetur.
1648 3905 1923 3960 Similiter
1960 3909 2018 3960 et

318 3997 516 4051 laicus.
562 3996 625 4050 Et
675 3996 725 4050 si
773 3996 1258 4067 perseveraverint
1322 3994 1738 4061 inobedientes,
1782 3994 2015 4049 anathe-

319 4085 682 4139 matizentur.

2162 445 2448 498 meatibus
2504 446 2877 516 praelatorum
2933 446 3284 501 adminiculo
3365 447 3648 502 destitutas
3731 450 3845 504 fati-

2162 538 2345 587 scunt.

2163 639 2289 695 CAP.
2313 642 2544 696 XXXIII.
2565 644 2718 696 —De
2737 642 2829 696 illo
2851 645 2949 711 qui
2964 658 3065 711 pro
3085 644 3350 698 catholica
3362 644 3470 713 ﬁde
3486 646 3849 701 tribulatione:

2883 717 3120 783 patitur.

2230 799 2338 870 (Ea:
2366 802 2586 855 concilio
2626 802 2933 870 Carthagi.,
2982 805 3158 872 capite
3203 802 3312 872 43.)
3346 803 3733 857 Christianum
3764 821 3850 857 ca-

2157 888 2456 955 tholicum,
2498 889 2598 960 qui
2628 906 2734 959 pro
2764 890 3042 944 catholica
3072 890 3205 957 ﬁde,
3239 895 3294 944 et
3323 907 3430 961 pro
3470 892 3850 946 ecclesiasticis

2155 976 2349 1042 rebus,
2381 983 2437 1031 et
2464 977 2786 1032 Christiana
2824 978 3105 1048 religione
3163 979 3556 1033 tribulationes
3620 980 3847 1048 patitur,

2155 1065 2315 1118 omni
2359 1066 2577 1119 honore
2610 1082 2643 1119 a
2691 1067 3080 1120 sacerdotibus
3111 1067 3531 1132 honorandum,
3586 1068 3763 1121 etiam
3799 1074 3847 1121 et

2156 1169 2257 1224 per
2276 1153 2584 1207 diaconum
2615 1153 2796 1208 victus
2824 1154 2876 1208 ei
2903 1155 3281 1209 ministretur.

2155 1260 2283 1315 CAP.
2308 1261 2530 1316 XXXIV.
2548 1291 2617 1299 —
2634 1262 2711 1313 De
2732 1262 3053 1327 haeredibus,
3077 1263 3296 1330 sijussa
3327 1264 3602 1316 testatoris
3628 1278 3736 1317 non
3760 1266 3842 1317 im-

2479 1334 2766 1400 pleverint,
2796 1337 2858 1386 ut
2888 1335 3168 1402 episcopus
3192 1334 3511 1401 adimpleat.

2223 1419 2332 1490 (Ea:
2359 1422 2580 1475 concilio
2641 1422 2911 1491 Mogunt.,
2965 1424 3240 1489 capital.)
3300 1421 3359 1476 Si
3414 1421 3680 1476 hmredes
3701 1423 3839 1492 jussa

2152 1509 2438 1562 testatoris
2468 1525 2583 1563 non
2616 1509 3076 1580 adimpleverint.
3121 1510 3193 1564 ab
3247 1509 3515 1580 episcopo
3545 1510 3665 1565 loci
3703 1511 3841 1565 illius

2151 1598 2340 1651 omnis
2368 1614 2478 1664 res,
2510 1615 2639 1667 quas
2669 1598 2757 1651 his
2787 1598 2981 1652 relicta
3000 1603 3101 1662 est,
3138 1599 3411 1653 canonice
3450 1600 3838 1666 interdicatur,

2151 1701 2280 1740 cum
2342 1686 2641 1750 fructibus,
2683 1687 2905 1741 caeteris
2965 1687 3394 1755 emolumentis,
3452 1692 3514 1743 ut
3568 1694 3707 1743 vota
3755 1689 3840 1744 de-

2146 1774 2324 1829 functi
2353 1776 2723 1846 impleantur.

2146 1881 2273 1936 CAP.
2300 1882 2497 1937 XXXV.
2535 1912 2598 1924 —
2631 1884 2697 1937 Ut
2721 1883 2855 1937 laici
2897 1885 3145 1951 quamvis
3190 1884 3432 1953 religiosz
3482 1886 3840 1940 ecclesiastita

2765 1969 2871 2008 non
2900 1954 3212 2023 disponant.

2215 2041 2324 2109 (Ex
2349 2041 2548 2110 eodem,
2606 2043 2785 2111 capite
2839 2045 2916 2108 5.)
2969 2042 3169 2107 Laicis,
3225 2043 3488 2114 quamvis
3537 2043 3834 2116 religiosis,

2138 2128 2298 2182 nullo
2329 2128 2497 2182 modo
2528 2129 2598 2183 de
2620 2128 3015 2183 ecclesiasticis
3045 2129 3411 2184 facultatibus
3456 2130 3683 2202 aliquid
3725 2131 3835 2186 dis-

2137 2217 2392 2286 ponendi
2434 2233 2687 2288 unquam
2719 2218 3062 2272 attribuatur
3090 2218 3347 2272 facultas.

2140 2304 2267 2359 CAP.
2288 2304 2504 2358 XXXVI.
2524 2333 2592 2345 —
2614 2307 2686 2359 De
2702 2306 2814 2359 illis
2835 2307 2934 2375 qui
2950 2320 3035 2359 res
3065 2306 3321 2360 Ecclesiae
3342 2321 3375 2359 a
3394 2306 3617 2374 regibus
3632 2312 3831 2377 petunt.

2210 2395 2320 2459 (Ea:
2378 2393 2600 2447 concilio
2643 2393 3007 2459 Lugdunensi,
3041 2398 3218 2462 capite
3259 2394 3503 2465 Η.)Ουί
3533 2411 3627 2450 res
3660 2398 3834 2451 Eccle-

2136 2479 2232 2533 siae
2272 2483 2536 2551 petunta
2582 2479 2835 2551 regibus,
2869 2486 2927 2535 et
2978 2481 3283 2536 horrendae
3339 2483 3674 2554 cupiditatis
3726 2485 3835 2538 im-

2134 2568 2306 2638 pulsu
2335 2567 2629 2637 egentium
2650 2568 3028 2624 substantiam
3054 2570 3310 2640 rapiunt,
3355 2571 3515 2624 irrita
3579 2573 3836 2627 habean-

2138 2663 2231 2710 tur
2260 2672 2389 2726 quae
2419 2656 2703 2722 obtinent,
2737 2661 2795 2711 et
2823 2673 2856 2710 a
2883 2658 3291 2712 communione
3340 2659 3616 2726 Ecclesiae,
3679 2661 3839 2730 cujus

2132 2745 2465 2799 facultatem
2502 2743 2726 2798 auferre
2775 2744 3037 2815 cupiunt,
3080 2746 3474 2799 excludantur.

2132 2849 2261 2904 CAP.
2293 2850 2540 2905 XXXVII.
2572 2879 2638 2890 —
2662 2850 2744 2903 De
2786 2864 2864 2915 eo,
2900 2852 2952 2903 si
2998 2852 3276 2919 episcopus
3324 2851 3768 2919 ecclesiasticum,
3789 2856 3838 2905 et

2273 2934 2465 2986 comes,
2513 2921 2751 2975 seculare
2775 2921 3042 2989 placitum
3070 2937 3183 2973 una
3211 2922 3299 2974 die
3325 2922 3693 2976 condimerint.

2202 3008 2324 3077 (Ea:
2352 3009 2576 3062 concilio
2612 3001 2987 3073 Triburi.,cui
3013 3010 3269 3074 interfuit
3322 3025 3423 3063 rea:
3492 3011 3830 3079 Arnolpltus,

2131 3098 2307 3165 capite
2335 3098 2411 3163 9.)
2434 3098 2574 3149 Cum
2609 3099 2800 3149 autem
2834 3095 3133 3166 episcopus
3172 3096 3475 3150 Ecclesiam
3512 3113 3544 3150 a
3585 3097 3829 3151 Domino

2132 3186 2246 3239 Deo
2296 3185 2402 3239 sibi
2443 3186 2803 3239 commissam
2855 3200 3077 3255 regens,
3137 3185 3531 3256 episcopatum
3582 3186 3827 3239 circum-

2129 3273 2318 3327 eundo
2374 3273 2705 3343 perrexerit,
2768 3277 2826 3327 et
2890 3272 3163 3343 placitum
3212 3274 3486 3327 canonice
3551 3275 3826 3327 constitu-

2126 3364 2250 3416 tum
2313 3361 2645 3428 decreverit,
2695 3362 3094 3432 populumque
3145 3361 3253 3415 sibi
3309 3361 3685 3416 commissum
3733 3363 3829 3415 illo

2127 3449 2473 3519 invitaverit,
2497 3455 2670 3521 atque
2700 3464 2894 3504 comes
2925 3450 3124 3504 eadem
3171 3449 3262 3503 die
3309 3450 3489 3504 sciens
3549 3450 3829 3521 placitum

2125 3538 2196 3593 ab
2226 3540 2490 3610 episcopo
2537 3538 2881 3606 condictum,
2923 3538 3009 3593 vel
3039 3538 3298 3592 nesciens
3350 3538 3626 3609 placitum
3699 3555 3830 3593 cum

2127 3628 2338 3699 populo
2366 3643 2469 3681 suo
2508 3626 2843 3694 condixerit,
2877 3630 2933 3680 et
2964 3627 3157 3681 banuo
3187 3626 3322 3682 illuc
3364 3626 3560 3681 venire
3608 3643 3832 3697 praece-

2122 3716 2294 3787 perit,
2336 3715 2608 3787 placitum
2634 3716 2858 3771 comitis
2903 3732 3102 3771 omnes
3152 3720 3520 3787 postponant,
3548 3721 3606 3769 et
3635 3732 3834 3771 comes

2122 3805 2265 3875 ipse,
2297 3806 2565 3876 idemque
2621 3806 2871 3876 populus
2900 3809 3026 3876 post
3057 3804 3387 3877 episcopum
3435 3804 3642 3858 festiue
3707 3821 3834 3876 per.

2124 3899 2281 3964 gant,
2332 3893 2574 3947 scientes
2628 3910 2686 3947 se
2740 3909 2858 3947 non
2936 3893 3056 3948 illic
3114 3893 3385 3948 seditiosa
3457 3895 3833 3949 contentione

2125 3981 2436 4048 decertare,
2490 3982 2590 4036 sed
2642 3998 2745 4053 pro
2821 3982 2933 4036 ﬁde
2991 3982 3267 4036 catholica
3322 3982 3651 4051 invigilare,
3714 3999 3829 4037 non

2122 4070 2416 4123 cumulum
2462 4070 2831 4140 pecuniarum
2880 4069 2975 4125 sed
3019 4070 3239 4124 lucrum
3304 4085 3658 4140 congregare
3700 4070 3831 4123 ani-

319 4174 447 4228 CAP.
478 4173 676 4228 XXXII.
708 4202 779 4211 -—
802 4170 1171 4250 Quodsaucta
1203 4169 1443 4250 Ecclesia
1471 4183 1638 4223 unum
1667 4169 1886 4225 Patrem
1911 4171 2011 4224 ha-
2042 4197 2084 4250 υ
2125 4174 2370 4250 [flama].
2406 4158 2573 4250 Unde
2619 4159 2677 4211 in
2715 4161 2914 4250 eadem
2966 4158 3118 4250 beati
3144 4158 3482 4250 ‘Clementis
3532 4159 3784 4250 epistola
3812 4174 3825 4212 :

955 4241 1076 4295 beat
1104 4244 1163 4294 in
1191 4242 1357 4295 cwlis.

386 4332 495 4403 (Ea:
523 4332 746 4387 concilio
782 4331 1067 4397 Cabillon.,
1096 4330 1275 4400 capite
1299 4328 1406 4400 51.)
1438 4329 1581 4394 Quia
1611 4345 1748 4400 ergo
1789 4334 2012 4385 constat

312 4419 371 4473 in
400 4420 643 4473 Ecclesia
683 4419 1037 4474 diversarum
1086 4418 1481 4473 conditionum
1548 4419 1811 4473 homines
1865 4435 2006 4486 esse,

313 4513 377 4561 ut
405 4514 537 4561 sunt
566 4508 805 4575 nobiles,
838 4513 896 4563 et
924 4508 1224 4580 ignobiles,
1262 4507 1428 4575 servi,
1474 4507 1683 4577 coloni,
1712 4507 2006 4579 inquilini,

314 4601 370 4650 et
395 4602 600 4651 cmtera
625 4597 951 4668 hujusmodi
998 4596 1254 4664 nomina,
1285 4601 1528 4666 oportet,
1576 4600 1639 4650 ut
1678 4596 2008 4668 quicunque

311 4684 394 4739 eis
432 4685 653 4756 praelati
699 4689 849 4751 sunt,
895 4684 1108 4751 clerici,
1154 4684 1269 4738 sive
1307 4684 1455 4752 laici,
1508 4684 1820 4738 clementer
1872 4700 2008 4755 erga

311 4789 410 4829 eos
464 4778 656 4845 agant,
704 4779 759 4828 et
816 4773 1258 4829 misericorditer
1303 4789 1400 4827 eos
1455 4777 1717 4839 tractent,
1775 4772 1890 4827 sive
1946 4773 2006 4827 in

309 4864 607 4935 exigendis
636 4863 708 4917 ab
733 4863 812 4916 eis
869 4862 1159 4932 operibus,
1209 4862 1325 4917 sive
1381 4862 1441 4916 in
1496 4861 1840 4932 accipiendis
1901 4861 2004 4915 tri-

303 4950 479 5017 butis,
513 4955 570 5005 et
614 4949 957 5021 quibusdam
1017 4948 1245 5016 debitis,
1299 4949 1595 5019 sciantque
1644 4964 1740 5003 eos
1801 4949 2004 5003 fratres

307 5056 439 5094 suos
467 5055 611 5108 esse,
657 5044 714 5093 et
744 5054 924 5092 unum
980 5043 1202 5109 patrem
1258 5037 1468 5091 habere
1523 5038 1726 5105 Deum,
1777 5036 1869 5091 cui
1926 5037 2004 5091 sic

305 5128 554 5184 clamant
586 5145 598 5183 :
634 5130 800 5183 Pater
830 5132 1039 5201 .noster
1070 5126 1170 5197 qui
1219 5142 1278 5179 es
1334 5127 1392 5179 in
1435 5126 1607 5190 caelis,
1663 5142 1840 5180 unam
1880 5143 2001 5181 ma-

305 5219 455 5270 trem
484 5221 734 5271 sanctam
774 5215 1101 5281 Ecclesiam,
1134 5231 1263 5286 quas
1310 5230 1408 5268 eos
1456 5216 1796 5269 intemerato
1856 5214 2002 5269 sacri
2048 5262 2053 5267 .

305 5303 478 5358 fontis
508 5309 668 5358 utero
698 5304 901 5376 gignit.
964 5303 1275 5374 Disciplina
1324 5301 1503 5371 igitur
1540 5303 1621 5357 eis
1672 5303 2000 5357 misericor—

302 5392 558 5458 dissima,
614 5398 669 5447 et
715 5393 1055 5464 gubernatio
1111 5397 1438 5464 opportuna
1498 5392 1823 5447 adhibenda
1893 5396 1994 5447 est.

302 5480 631 5553 Disciplina:
658 5480 720 5536 in
753 5481 1055 5553 disciplina
1090 5487 1146 5536 te
1190 5480 1452 5547 vivendo,
1489 5485 1780 5536 auctorem
1828 5497 1997 5536 suum

2124 4247 2403 4313 Vestrum,
2428 4245 2528 4316 qui
2559 4245 2849 4316 legatione
2881 4246 3108 4300 Domini
3134 4246 3467 4317 fungimini,
3495 4252 3582 4300 est
3614 4247 3824 4301 docere

2121 4335 2407 4405 populos:
2441 4350 2640 4388 eorum
2675 4350 2805 4389 vero
2854 4339 2959 4397 est,
2991 4334 3149 4389 vobis
3192 4335 3424 4389 obedire
3470 4334 3530 4387 in
3582 4336 3723 4389 Deo.
3761 4335 3823 4389 Et

2119 4423 2178 4476 in
2205 4419 2447 4492 epistola
2504 4422 2807 4478 Alexandri
2865 4439 3031 4494 papas
3083 4423 3393 4476 successori
3443 4423 3727 4477 Evaristi:
3763 4423 3815 4478 Si

2119 4511 2246 4581 quis
2272 4514 2463 4565 autem
2484 4510 2832 4580 legationem
2860 4516 3105 4565 vestram
3151 4511 3414 4581 impedit,
3459 4527 3578 4565 non
3618 4512 3809 4570 unius,

2118 4599 2215 4653 sed
2246 4599 2562 4653 multorum
2587 4599 2910 4670 profectum
2941 4600 3160 4653 avertit.
3198 4600 3263 4653 Et
3298 4599 3445 4653 sicut
3478 4582 3687 4654 multis
3717 4616 3811 4653 no-

2116 4691 2226 4756 cet,
2252 4687 2330 4740 ita
2359 4704 2393 4741 a
2420 4687 2614 4740 multis
2638 4691 2723 4740 est
2752 4687 3080 4758 arguendus
3114 4704 3127 4741 :
3152 4692 3209 4741 et
3239 4686 3371 4758 quia
3430 4686 3530 4742 Dei
3580 4702 3810 4741 causam

2114 4775 2356 4846 impedit
2384 4780 2442 4829 et
2478 4779 2689 4830 statum
2722 4775 2985 4830 Ecclesiae
3036 4776 3357 4842 conturbat,
3391 4775 3521 4829 ideo
3571 4792 3605 4828 a
3661 4774 3808 4830 limi-

2113 4865 2281 4920 nibus
2310 4865 2431 4935 ejus
2468 4870 2747 4919 arceatur.
2781 4865 3147 4936 Quapropter
3181 4865 3376 4919 nullus
3425 4880 3642 4932 comes,
3684 4863 3813 4919 nul-

2112 4954 2316 5025 lusque
2341 4953 2545 5025 judex,
2577 4954 2771 5008 nullus
2801 4954 3038 5007 omnino
3069 4952 3131 5007 in
3160 4953 3448 5018 clericum,
3502 4955 3590 5007 vel
3649 4970 3817 5008 secu-

2112 5040 2219 5094 lari
2249 5039 2442 5095 habitu
2478 5040 2840 5106 constitutus,
2906 5040 3194 5111 legatione
3253 5040 3657 5111 episcoporum
3705 5041 3815 5094 im-

2111 5128 2324 5200 pediat,
2356 5129 2445 5182 vel
2493 5129 2833 5182 conturbare
2879 5132 3209 5200 praesumat.
3257 5129 3329 5183 Ut
3369 5134 3565 5183 autem
3611 5129 3821 5183 unani-

2111 5217 2280 5272 mitas
2327 5222 2383 5271 et
2412 5216 2716 5271 concordia
2763 5217 2836 5271 sit
2896 5217 3049 5271 inter
3090 5218 3390 5289 episcopos
3441 5223 3500 5271 et
3550 5217 3815 5283 comites,

2111 5305 2343 5375 placuit,
2378 5305 2513 5358 utsi
2546 5305 2675 5376 quis
2715 5305 3016 5377 episcopus
3055 5306 3213 5360 domi
3254 5305 3506 5359 residens
3563 5320 3816 5359 conven-

2111 5399 2235 5448 tum
2260 5393 2463 5465 populi
2488 5410 2608 5449 esse
2629 5394 2891 5459 voluerit,
2954 5398 3013 5450 et
3048 5411 3262 5461 comes,
3319 5394 3700 5448 nihilominus
3756 5395 3814 5447 in

2110 5482 2236 5553 ipsa
2318 5482 2515 5537 eadem
2593 5483 2685 5538 die
2742 5483 3017 5554 placitum
3113 5483 3451 5551 condixerit,
3544 5483 3810 5537 etI'ectum
