4010 6192
101 231 205 281 905
898 228 1374 284 DECRETORUM
1421 227 1616 285 LIBRI
1658 229 1765 284 xx.
1813 261 1885 272 -
1927 234 2149 288 LIBER
2194 234 2504 293 DECIMUS
2543 240 2864 305 QUINTUS.
3558 262 3661 316 906

97 347 360 452 cbtineat
388 348 484 452 qui
515 348 676 452 prior
722 349 1094 450 indicaverat.
1153 351 1317 406 Salva
1366 354 1576 405 tamen
1621 352 1828 423 digni-
1859 356 1907 407 A
1952 355 2207 452 alicujus
2259 373 2323 411 ex
2354 375 2611 452 paupere
2648 363 2850 418 divites
2881 366 3032 434 facit,
3069 374 3126 424 et
3157 373 3311 443 quod
3352 376 3514 446 juxta
3559 398 3661 452 po-

97 441 331 534 ίδῖθνὴθῐ
359 438 939 534 Ρίξξξξξῇξῗ-θρίεοςρί-
1023 528 1054 534 __
1167 528 1181 534 _
1950 448 2227 534 testatem
2264 465 2297 501 a
2349 451 2575 518 populis
2610 458 2945 524 extorquere
2991 438 3231 528 poterat,
3304 438 3453 534 saepe
3484 438 3657 524 mise-

243 525 779 625 CAPLXXXY‘IIL-i
810 528 889 625 De
913 528 1288 625 regi-busibene
1324 525 1683 625 regentibus:
1954 531 2226 625 ricordize
2295 537 2596 591 clementia
2654 541 2844 595 donat.
2906 525 3069 599 Dedit
3111 525 3257 602 Deus
3299 525 3656 625 principibus

164 613 288 681 (Em
335 614 493 668 dictis
547 615 603 669 S.
660 615 882 684 Isidor.)
938 616 1082 680 Quia
1136 617 1288 670 intra
1339 615 1608 668 seculum
1668 615 1823 669 bene

98 702 779 772 temporaliterimperat,
811 703 936 756 sine
967 705 1080 757 ﬁne
1103 705 1161 758 in
1189 708 1543 774 perpetuum
1591 708 1822 773 regnat,

97 796 151 843 et
184 790 260 843 de
293 790 468 860 gloria
498 792 671 845 seculi
702 792 894 861 hujus,
931 793 1002 847 ad
1024 799 1293 846 aeternam
1318 797 1643 845 transmeat
1690 792 1825 861 glo—

100 880 274 932 riam.
304 879 409 943 Qui
437 895 570 933 vero
598 896 771 951 prave
820 896 1069 950 regnum
1096 886 1376 946 exercent,
1430 884 1566 950 post
1605 884 1830 933 vestem

100 968 438 1035 fulgentem,
480 974 536 1021 et
564 968 785 1021 lumina
833 967 1188 1039 lapillorum,
1239 968 1381 1021 nudi
1432 973 1495 1022 et
1534 968 1730 1022 miseri
1749 965 1831 1020 ad

101 1056 330 1109 inferna
359 1057 662 1127 torquendi
709 1057 1063 1111 descendunt
1094 1073 1311 1128 regesa
1369 1065 1531 1112 recte
1599 1056 1830 1129 agendo

104 1144 289 1198 vocati
322 1150 474 1210 sunt,
501 1145 746 1216 ideoque
777 1150 929 1199 recte
951 1144 1213 1200 faciendo
1233 1144 1385 1215 regis
1414 1161 1640 1200 nomen
1669 1152 1833 1200 tene-

103 1238 213 1299 tur,
246 1233 536 1303 peccando
567 1234 867 1289 amittitur.
903 1235 1044 1289 Nam
1068 1239 1122 1287 et
1136 1233 1286 1287 viros
1310 1239 1548 1288 sanctos
1580 1235 1828 1306 proinde

103 1339 268 1393 reges
290 1322 482 1376 vocari
512 1322 572 1377 in
616 1323 787 1377 sacris
821 1322 1084 1393 eloquiis,
1136 1338 1203 1375 eo
1237 1322 1393 1393 quod
1425 1327 1587 1377 recte
1627 1328 1823 1394 agant,

102 1427 421 1483 sensusque
460 1412 715 1482 proprios
754 1412 901 1466 bene
931 1415 1154 1482 regant,
1184 1415 1241 1464 et
1292 1414 1495 1464 motus
1527 1412 1619 1466 his
1679 1413 1824 1467 resi-

104 1506 317 1555 stentes
351 1500 457 1554 sibi
486 1501 814 1555 rationabili
847 1501 1191 1555 discretione
1233 1504 1616 1569 componant.
1652 1501 1822 1556 Recte

104 1590 277 1659 igitur
303 1589 390 1641 illi
411 1605 572 1659 reges
598 1595 892 1657 vocantur,
927 1589 1027 1661 qui
1057 1595 1173 1643 tam
1211 1588 1583 1658 semetipsos,
1644 1606 1817 1661 quam

104 1678 392 1748 subjectos
440 1678 581 1732 bene
632 1680 883 1749 regendo
946 1678 1275 1732 modiﬁcare
1309 1683 1626 1732 noverunt.
1674 1679 1817 1743 Qui-

105 1767 231 1820 dam
258 1768 452 1837 ipsum
487 1783 691 1821 nomen
716 1767 1034 1838 regiminis,
1065 1767 1135 1820 ad
1166 1765 1593 1820 immanitatem
1636 1772 1819 1821 trans-

105 1860 340 1909 vertunt
379 1856 765 1910 crudelitatis:
819 1857 1073 1927 dumque
1106 1855 1175 1909 ad
1223 1855 1454 1908 culmen
1520 1857 1819 1925 potestatis

106 1944 389 2009 venerint,
434 1943 492 1997 in
546 1944 891 2015 apostasiam
943 1944 1136 1998 statim
1187 1942 1481 2010 labuntur,
1540 1947 1819 2014 tantoque

107 2049 157 2087 se
186 2036 424 2087 tumore
457 2033 666 2086 mentis
722 2034 1026 2099 extollunt,
1072 2037 1137 2085 ut
1166 2036 1400 2085 cunctos
1439 2031 1700 2085 subditos
1755 2033 1817 2085 in

107 2120 185 2173 sui
216 2120 649 2189 comparatione
680 2120 1021 2190 despiciant,
1056 2134 1270 2190 eosque
1301 2118 1513 2188 quibus
1569 2135 1817 2189 praeesse

108 2207 368 2277 contigit,
398 2224 516 2261 non
545 2214 882 2277 agnoscant.
916 2208 1136 2273 Quibus
1166 2222 1417 2277 congrue
1467 2223 1570 2277 per
1630 2208 1814 2260 Eccle-

108 2298 317 2350 siasten
373 2296 623 2350 dicitur:
692 2297 904 2350 Ducem
953 2301 1008 2350 te
1063 2294 1353 2361 constitui,
1412 2294 1535 2348 noli
1594 2296 1811 2351 extolli.

108 2386 251 2437 Dum
296 2384 496 2438 mundi
546 2400 709 2455 reges
770 2400 828 2437 se
868 2384 1089 2438 caeteris
1120 2382 1487 2437 sublimiores
1534 2384 1810 2452 sentiunt,

108 2473 378 2526 mortales
409 2479 603 2527 tamen
633 2490 692 2527 se
738 2489 862 2527 esse
888 2476 1237 2543 cognoscant
1271 2487 1414 2525 :nec
1469 2471 1634 2542 regni
1683 2474 1813 2543 glo-

104 2562 272 2626 riam,
304 2561 403 2631 qui
431 2561 491 2614 in
521 2562 714 2615 seculo
746 2561 1149 2629 sublimantur,
1203 2562 1498 2629 aspiciant,
1538 2560 1633 2613 sed
1667 2577 1813 2631 opus

103 2649 255 2720 quod
294 2665 485 2703 secum
517 2648 589 2703 ad
619 2650 835 2704 inferos
866 2650 1193 2721 deportant,
1241 2649 1559 2703 intendant.
1594 2648 1650 2702 Si
1671 2665 1810 2719 ergo

103 2737 386 2791 carebunt
405 2737 576 2806 hujus
605 2738 881 2808 temporis
910 2738 1114 2809 gloria,
1138 2738 1235 2791 illa
1295 2741 1488 2806 agant,
1513 2751 1642 2807 quae
1682 2742 1813 2806 post

100 2824 283 2877 tinem
313 2824 432 2879 sine
481 2824 595 2879 fine
635 2826 985 2895 possideant.
1039 2826 1187 2879 Dum
1242 2826 1549 2894 Apostolus
1612 2822 1808 2877 dicat:

1956 621 2332 686 praesulatum
2382 642 2485 694 pro
2515 627 2792 696 regimine
2823 633 3163 701 populorum
3208 652 3221 690 :
3262 642 3320 693 et
3390 621 3506 695 illis
3558 662 3656 699 eos

1962 720 2205 773 praeesse
2236 712 2433 779 Voluit,
2476 731 2604 768 cum
2663 717 2869 786 quibus
2920 736 3031 773 una
3083 728 3165 776 est
3213 726 3293 779 eis
3357 733 3651 799 nascendi,

1961 797 2355 891 moriendique
2381 802 2651 856 conditio.
2686 806 2953 861 Prodesse
2982 825 3118 880 ergo
3176 812 3346 869 debet
3424 797 3651 888 populis

1961 883 2329 977 principatus,
2378 905 2490 942 non
2527 907 2748 959 nocere,
2808 910 2912 949 nec
2954 896 3300 956 dominando
3362 883 3645 977 premere,

1957 972 2051 1026 sed
2083 974 2583 1032 condescendendo
2615 982 2936 1049 consulere;
2968 989 3029 1038 ut
3070 1002 3199 1040 vere
3231 989 3303 1043 sit
3346 972 3484 1048 utile
3540 972 3647 1052 hoc

1951 1063 2245 1129 potestatis
2276 1063 2522 1136 insigne,
2573 1071 2629 1122 et
2657 1069 2873 1125 donum
2908 1072 3006 1126 Dei
3049 1089 3154 1143 pro
3200 1077 3443 1135 tuitione
3477 1087 3645 1138 utan-

1946 1151 2040 1238 tur
2061 1152 2447 1208 membrorum
2481 1156 2707 1211 Christi.
2749 1159 2998 1214 Membra
3027 1162 3180 1216 enim
3224 1164 3454 1238 Christi,
3496 1171 3643 1227 ﬁde-

1938 1237 2020 1292 les
2054 1246 2185 1295 snnt
2214 1244 2413 1313 populi
2444 1260 2458 1299 :
2496 1262 2637 1316 quos
2687 1246 2823 1300 dum
2865 1264 2932 1302 ea
2971 1255 3243 1319 potestate
3283 1271 3455 1325 quam
3492 1260 3641 1314 acci-

1936 1328 2127 1398 piunt,
2158 1331 2371 1400 optime
2402 1340 2630 1403 regunt,
2664 1334 2875 1390 bonam
2932 1338 3131 1408 utique
3189 1342 3639 1402 vicissitudinem

1933 1417 2051 1470 Deo
2080 1418 2343 1488 largitori
2386 1422 2713 1475 restituunt.
2772 1424 2960 1477 Bonus
2986 1441 3083 1479 rex
3112 1427 3330 1483 facilius
3359 1432 3427 1485 ad
3462 1434 3638 1503 justi-

1933 1503 2073 1558 tiam
2102 1522 2135 1559 a
2165 1506 2370 1561 delicto
2405 1509 2741 1578 regreditur,
2772 1527 2945 1581 quam
3003 1512 3070 1566 de
3104 1514 3327 1584 justitia
3383 1521 3453 1573 ad
3487 1523 3638 1576 deli-

1932 1599 2090 1647 ctum
2141 1596 2524 1650 transfertur:
2591 1598 2661 1651 Ut
2701 1599 2929 1653 noveris
2980 1600 3088 1655 hoc
3134 1619 3255 1657 esse
3295 1622 3510 1677 casum,
3566 1611 3637 1664 il-

1929 1681 2031 1735 lud
2060 1684 2438 1754 propositum.
2473 1686 2537 1738 In
2568 1687 2863 1757 proposito
2914 1688 3037 1759 ejus
3085 1706 3205 1745 esse
3254 1694 3443 1766 debet,
3484 1713 3637 1753 nun-

1930 1786 2103 1840 quam
2136 1773 2329 1842 egredi
2360 1790 2389 1826 a
2438 1774 2675 1829 veritate
2710 1792 2723 1829 :
2761 1776 2913 1847 quod
2969 1777 3017 1831 si
3047 1795 3182 1834 casu
3225 1782 3471 1839 titubare
3498 1802 3636 1841 con-

1927 1859 2143 1929 tigerit,
2170 1876 2303 1914 mox
2329 1877 2645 1932 resurgere.

2283 1950 2409 2003 Car.
2440 1950 2546 2004 XL.
2582 1953 2744 2004 —Dc
2758 1954 3035 2020 patientia
3067 1970 3272 2022 regum.

1996 2037 2117 2099 (Em
2175 2036 2336 2091 dictis
2367 2037 2655 2107 ejusdem.)
2710 2040 3057 2111 Plerumque
3106 2046 3375 2117 princeps
3420 2050 3633 2122 justus,

1925 2124 2095 2178 etiam
2128 2125 2413 2178 malorum
2443 2142 2665 2180 errores
2697 2127 3059 2184 dissimulare
3104 2134 3280 2187 novit.
3315 2136 3437 2191 Non
3475 2143 3632 2209 quod

1924 2212 2216 2283 iniquitati
2247 2228 2448 2267 eorum
2507 2216 2854 2284 consentiat,
2902 2219 3000 2272 sed
3048 2222 3202 2289 quod
3233 2228 3434 2292 aptum
3482 2232 3631 2282 tem-

1921 2317 2029 2373 pus
2061 2300 2429 2354 correctionis
2479 2308 2749 2371 expectet,
2808 2307 3038 2375 quando
3089 2324 3287 2363 eorum
3320 2312 3476 2380 vitia,
3539 2318 3631 2372 vel

1923 2388 2228 2442 emendare
2258 2389 2461 2455 valeat,
2498 2390 2576 2441 vel
2614 2390 2840 2458 punire.
2885 2392 3042 2446 Multi
3093 2396 3362 2451 adversus
3412 2400 3629 2469 princi-

1920 2492 2021 2547 pes
2067 2476 2480 2545 conjurationis
2527 2477 2767 2532 crimine
2826 2478 3196 2551 deteguntur,
3248 2487 3345 2541 sed
3386 2491 3628 2558 probare

1920 2564 2115 2618 volens
2157 2565 2303 2617 Deus
2328 2565 2689 2619 clementiam
2721 2566 3071 2639 principum,
3106 2571 3233 2626 illos
3279 2576 3427 2630 male
3467 2581 3624 2650 cogi-

1920 2655 2040 2705 tare
2076 2652 2373 2721 permittit,
2425 2652 2562 2706 istos
2611 2670 2730 2707 non
2780 2655 3005 2711 deserit.
3060 2660 3137 2713 De
3187 2662 3419 2719 illorum
3451 2670 3624 2737 malo,

1920 2740 2067 2793 bene
2099 2739 2219 2792 istis
2270 2740 2448 2794 facit:
2510 2741 2647 2796 dum
2693 2744 2889 2813 culpas
2938 2763 3079 2817 quas
3126 2748 3211 2802 illi
3274 2759 3469 2822 agunt,
3532 2756 3627 2812 isti

1921 2829 2067 2883 mira
2094 2828 2372 2898 patientia
2402 2829 2727 2901 indulgent.
2762 2833 3020 2888 Reddere
3053 2837 3269 2892 malum
3301 2857 3405 2910 pro
3448 2844 3623 2912 malo,

97 2912 229 2965 Non
253 2916 338 2965 est
363 2916 633 2981 potestas,
684 2912 848 2966 nisia
884 2914 1020 2966 Deo.
1071 2911 1371 2976 Quomodo
1415 2927 1518 2981 per
1565 2911 1809 2981 prophe-
1848 2921 1888 2976 C
1919 2915 2250 2972 vicissitudo
2295 2920 2379 2971 est
2425 2918 2686 2987 justitim.
2742 2920 2850 2975 Sed
2894 2923 2993 2993 qui
3041 2925 3401 2983 clementiam
3463 2911 3627 2988 addit

92 3008 221 3054 tam
251 3000 321 3053 de
352 3001 693 3070 quibusdam
735 3000 1113 3071 potestatibus
1156 3000 1400 3054 dicitur:
1444 2998 1558 3068 Ipsi
1604 3014 1805 3067 regna-

95 3093 330 3153 verunt,
370 3089 467 3143 sed
518 3105 635 3143 non
692 3105 759 3142 ex
805 3090 937 3142 me?
988 3088 1161 3153 Quasi
1220 3087 1478 3142 diceret:
1532 3087 1653 3140 Non
1712 3102 1804 3140 me

97 3177 380 3248 propitio,
435 3177 634 3241 etiam,
695 3178 788 3231 sed
844 3194 936 3231 me
993 3178 1160 3232 irato.
1204 3176 1364 3231 Unde
1419 3174 1661 3229 inferius
1701 3191 1807 3244 per

99 3266 351 3320 eundem
383 3266 727 3337 Prophetam
758 3266 893 3320 dicit
923 3283 937 3320 :
978 3266 1153 3334 Dabo,
1182 3263 1392 3335 inquit,
1441 3263 1543 3317 tibi
1606 3278 1804 3332 regem

99 3354 159 3407 in
187 3354 380 3408 furore
418 3371 568 3408 meo.
604 3355 727 3418 Quo
758 3354 1113 3408 manifestius
1142 3355 1348 3421 elucet,
1388 3352 1618 3414 bonam,
1680 3367 1807 3405 ma-

98 3443 334 3514 lamque
360 3448 699 3514 potestatem
725 3458 757 3495 a
789 3444 902 3496 Deo
935 3442 1189 3497 ordinari
1220 3457 1234 3495 :
1276 3442 1372 3493 sed
1414 3440 1626 3493 bonam
1666 3455 1807 3508 pru-

98 3533 298 3603 pitius,
336 3533 544 3585 malum
584 3531 780 3584 iratus.
829 3533 1010 3601 Reges
1039 3530 1271 3601 quando
1299 3527 1436 3582 boni
1490 3529 1641 3591 sunt,
1686 3542 1807 3579 mu-

100 3621 260 3676 neris
290 3637 409 3674 esse
442 3620 543 3674 Dei
577 3619 845 3689 :quando
883 3635 1017 3673 vero
1050 3620 1208 3684 mali,
1269 3616 1500 3670 sceleris
1543 3631 1661 3668 esse
1711 3631 1808 3685 po-

102 3709 247 3779 puli.
282 3708 606 3763 Secundum
648 3707 917 3761 meritum
952 3707 1107 3761 enim
1153 3705 1431 3777 plebium,
1483 3702 1807 3773 disponitur

104 3798 215 3851 vita
267 3803 576 3861 rectorum,
658 3800 896 3849 testante
953 3795 1108 3850 Job:
1168 3793 1275 3859 Qui
1359 3807 1600 3863 regnare
1672 3790 1808 3845 facit

102 3885 480 3955 hypocritam,
511 3889 747 3954 propter
769 3888 1000 3954 peccata
1042 3884 1263 3954 populi,
1307 3882 1586 3935 irascente
1650 3881 1806 3934 enim

104 3976 214 4028 Deo
240 3975 412 4027 talem
444 3978 726 4027 rectorem
771 3972 970 4043 populi
1010 3972 1350 4042 suscipiunt,
1406 3969 1636 4040 qualem
1702 3986 1805 4039 pro

100 4067 328 4132 peccato
360 4066 675 4115 merentur.
710 4061 1134 4132 Nonnunquam
1166 4076 1271 4130 pro
1344 4057 1565 4113 malitia
1601 4058 1802 4127 plebis,

102 4150 276 4204 etiam
333 4165 496 4221 reges
554 4152 872 4213 mutantur,
924 4154 980 4202 et
1009 4148 1109 4220 qui
1145 4153 1275 4202 ante
1302 4147 1645 4201 videbantur
1684 4163 1804 4201 esse

102 4238 260 4303 boni,
295 4243 525 4309 accepto
558 4253 737 4307 regno
767 4237 914 4291 fiunt
938 4237 1144 4308 iniqui.

489 4326 617 4379 CAP.
667 4326 876 4379 XXXIX.
901 4354 970 4365 —-
1000 4328 1074 4379 De
1111 4324 1297 4379 eadem
1335 4339 1411 4378 re.

172 4414 281 4484 (Ea:
310 4414 471 4469 dictis
497 4414 772 4483 ejusdem.)
803 4413 910 4477 Qui
940 4420 1093 4468 recte
1125 4413 1307 4467 utitur
1343 4411 1509 4482 regni
1559 4414 1802 4483 potesta-

104 4506 156 4555 te
188 4503 267 4556 ita
306 4518 364 4557 se
388 4507 656 4573 praestare
701 4502 968 4556 omnibus
1009 4502 1196 4568 debet,
1243 4506 1309 4555 ut
1351 4505 1566 4571 quanto
1626 4500 1805 4570 magis

106 4591 339 4645 honoris
368 4591 704 4646 celsitudine
751 4591 942 4659 claret,
986 4596 1150 4645 tanto
1200 4590 1507 4660 semetipso
1554 4594 1806 4643 mentem

108 4680 371 4733 humiliet
416 4695 743 4750 proponens
772 4679 878 4733 sibi
932 4681 1260 4749 exemplum
1304 4679 1644 4731 humilitatis
1704 4678 1806 4732 Da-

110 4768 217 4834 vid,
248 4768 390 4838 quid
431 4769 499 4821 de
541 4768 657 4821 suis
708 4768 929 4821 meritis
962 4784 1079 4821 non
1108 4767 1337 4830 tumuit,
1368 4767 1464 4820 sed
1508 4767 1807 4820 humiliter

108 4872 225 4909 sese
274 4855 569 4927 dejiciens,
616 4855 802 4911 dixit:
861 4855 994 4908 Vilis
1038 4848 1327 4921 incedam,
1358 4860 1413 4909 et
1446 4854 1570 4907 vilis
1635 4871 1807 4925 appa-

107 4945 237 4998 rebo
270 4949 401 4998 ante
450 4946 650 5011 Deum,
701 4944 801 5014 qui
853 4943 1027 5014 elegit
1076 4959 1188 4997 me.
1252 4942 1361 5007 Qui
1417 4948 1567 4996 recte
1622 4943 1805 4997 utitur

106 5034 267 5103 regni
296 5038 602 5103 potestate,
624 5032 867 5087 formam
895 5032 1155 5101 justitiaa,
1206 5031 1369 5085 factis
1391 5032 1595 5103 magis,
1629 5048 1804 5102 quam

106 5122 288 5175 verbis
336 5120 610 5175 instituet.
676 5121 787 5175 Iste
850 5120 1010 5173 nulla
1068 5120 1453 5190 prosperitate
1538 5119 1801 5189 erigitur,

104 5212 259 5264 nulla
292 5210 652 5271 adversilate,
708 5208 993 5262 turbatur.
1051 5191 1196 5261 Non-
1235 5208 1505 5262 innititur
1556 5207 1804 5279 propriis

104 5299 338 5361 viribus,
366 5314 470 5352 nec
495 5314 526 5351 a
558 5297 798 5350 Domino
851 5296 1076 5350 recedet
1099 5312 1196 5349 cor
1251 5296 1394 5366 ejus.
1429 5296 1613 5366 Regni
1641 5296 1802 5350 fasti-

105 5387 285 5457 gium,
318 5386 520 5440 humili
565 5384 831 5456 praesidet
860 5384 1071 5438 animo.
1109 5385 1233 5438 Non
1264 5400 1393 5438 eum
1418 5384 1658 5438 delectat
1698 5384 1806 5439 ini-

106 5478 317 5547 quitas,
343 5490 461 5530 non
491 5473 813 5528 inﬂammat
831 5471 1145 5543 cupiditas:
1196 5470 1319 5525 sine
1372 5470 1804 5526 defraudatione

469 5580 747 5644 PATROL.
798 5577 971 5643 CXL.

1909 3004 2171 3076 justitiaa,
2204 3020 2322 3058 non
2370 3007 2585 3059 malum
2631 3023 2736 3077 pro
2775 3010 2927 3064 malo
2959 3013 3202 3083 culpatis
3255 3018 3462 3086 reddit,
3523 3023 3624 3077 sed

1913 3094 2132 3148 bonum
2161 3109 2265 3164 pro
2300 3095 2448 3148 malo
2478 3094 2710 3149 otfensis
2741 3096 3017 3167 impertit.

2059 3181 2187 3235 CAP.
2230 3182 2357 3236 XLI.
2392 3212 2460 3222 —
2491 3186 2565 3237 De
2603 3183 2815 3239 delictis
2845 3202 3032 3254 regum
3070 3203 3162 3242 seu
3199 3196 3478 3263 exemplis.

1988 3271 2095 3337 (Ea:
2119 3270 2305 3356 dictis
2328 3271 2610 3339 ejusdem.)
2646 3270 2882 3327 Difﬁcile
2914 3280 3000 3328 est
3039 3276 3358 3349 principem
3400 3286 3625 3356 regredi

1914 3355 1985 3409 ad
2020 3355 2243 3422 melius,
2300 3356 2347 3410 si
2385 3357 2535 3411 vitiis
2586 3358 2762 3413 fuerit
2802 3360 3149 3432 implicatus.
3202 3368 3410 3439 Populi
3468 3355 3625 3431 enim

1913 3447 2232 3513 peccantes,
2256 3444 2509 3513 judicem
2538 3451 2825 3502 metuunt.
2870 3449 3051 3520 Reges
3084 3458 3298 3522 autem,
3341 3459 3450 3513 nisi
3499 3463 3621 3518 solo

1918 3530 2016 3584 Dei
2047 3530 2273 3598 timore,
2337 3538 2609 3602 metuque
2667 3535 2949 3604 gehennae
3009 3551 3402 3612 coerceantur,
3457 3549 3621 3605 liberi

1914 3619 1976 3673 in
2010 3634 2258 3689 praeceps
2307 3625 2613 3691 proruunt,
2649 3627 2704 3675 et
2752 3640 2856 3693 per
2886 3626 3202 3697 abruptum
3248 3633 3519 3706 licentiae,
3566 3640 3626 3695 in

1915 3722 2084 3761 omne
2114 3707 2333 3761 facinus
2362 3709 2631 3764 vitiorum
2683 3711 2974 3768 labuntur.
3010 3714 3235 3779 Quanto
3297 3723 3539 3796 quisque
3566 3727 3624 3782 in

1915 3794 2199 3864 superiori
2226 3797 2569 3851 constitutus
2591 3804 2675 3853 est
2705 3800 2850 3869 loco,
2884 3807 3043 3857 tanto
3068 3804 3125 3859 in
3150 3809 3355 3880 majori
3387 3794 3624 3870 conver-

1916 3888 2076 3975 satur
2102 3884 2380 3954 periculo,
2413 3891 2469 3941 et
2499 3892 2715 3957 quanto
2744 3890 3066 3960 splendoris
3105 3893 3323 3953 honore
3380 3902 3624 3975 quisque

1916 3972 2120 4025 celsior
2152 3978 2256 4040 est,
2316 3979 2501 4041 tanto,
2538 3975 2586 4029 si
2638 3976 2955 4049 delinquat,
3002 3989 3233 4051 peccato
3282 3984 3468 4059 major
3514 3972 3619 4050 est.

1919 4061 2185 4114 Potentes
2242 4063 2417 4129 enim,
2481 4068 2750 4133 potenter
2800 4069 3089 4122 tormenta
3146 4073 3461 4142 patiuntur.
3522 4080 3623 4135 Cui

1918 4148 2073 4202 enim
2100 4149 2228 4218 plus
2258 4150 2658 4220 committitur,
2719 4154 2849 4224 plus
2898 4155 2968 4209 ab
3004 4172 3072 4210 eo
3124 4161 3390 4234 exigitur,
3448 4167 3622 4223 etiam

1918 4253 2048 4292 cum
2098 4254 2367 4293 mensura
2418 4256 2741 4310 poenarum.
2805 4244 2989 4314 Reges
3032 4245 3206 4303 vitam
3262 4252 3621 4312 subditorum

1914 4325 2080 4380 facile
2112 4328 2390 4397 exemplis
2433 4328 2567 4397 suis,
2600 4331 2689 4385 vel
2751 4332 3054 4399 aedificant,
3111 4338 3199 4392 vel
3261 4342 3617 4401 subvertunt.

1916 4414 2049 4468 Ideo
2080 4415 2400 4486 principem
2456 4432 2572 4472 non
2612 4425 2836 4490 oportet
2865 4422 3224 4494 delinquere,
3276 4445 3347 4485 ne
3377 4431 3619 4490 formam

1915 4503 2190 4571 peccandi
2218 4503 2388 4558 faciat
2419 4507 2635 4575 peccati
2673 4509 2797 4578 ejus
2842 4509 3129 4581 impunita
3170 4516 3419 4573 licentia.
3478 4523 3621 4578 Nam

1916 4606 2013 4644 rex
2044 4597 2099 4645 et
2123 4592 2218 4663 qui
2278 4594 2393 4647 ruit
2446 4594 2508 4649 in
2561 4596 2733 4663 vitiis,
2765 4597 2877 4652 cito
2898 4599 3049 4654 viam
3101 4605 3347 4659 ostendit
3386 4612 3616 4665 erroris.

1912 4679 2070 4733 Sicut
2097 4679 2307 4750 legitur
2344 4681 2412 4735 de
2444 4682 2810 4751 Hieroboam,
2844 4687 2944 4756 qui
2972 4690 3247 4757 peccavit,
3298 4697 3353 4746 et
3382 4710 3619 4765 peccare

1913 4768 2045 4821 fecit
2074 4769 2266 4822 Israel.
2300 4770 2455 4823 lllius
2495 4776 2689 4825 autem
2720 4774 3044 4841 ascribitur,
3092 4777 3364 4849 quicquid
3428 4800 3618 4840 exem-

1913 4856 2009 4925 plo
2041 4856 2164 4926 ejus
2194 4873 2226 4911 a
2270 4857 2512 4911 subditis
2562 4866 2947 4928 perpetretur.
3008 4863 3162 4918 Sicut
3201 4872 3464 4924 nonnulli
3520 4874 3617 4927 bo-

1914 4959 2119 4997 norum
2145 4944 2472 5015 principum
2518 4946 2629 4999 Deo
2680 4948 2889 5015 placita
2946 4950 3091 5005 facta
3155 4962 3493 5026 sequuntur,
3540 4960 3619 5016 ita

1913 5030 2076 5085 facile
2110 5030 2277 5084 multi
2309 5048 2484 5101 prava
2510 5048 2708 5087 eorum
2743 5037 3007 5107 exempla
3035 5043 3325 5096 sectantur
3352 5059 3366 5098 :
3437 5047 3617 5115 pleri-

1916 5134 2027 5188 que
2056 5124 2248 5172 autem
2276 5120 2428 5190 apud
2454 5120 2686 5191 iniquos
2717 5124 3007 5195 principes
3047 5129 3381 5185 necessitate
3432 5135 3617 5204 magis

1917 5222 2089 5277 quam
2122 5212 2252 5261 voto
2284 5208 2420 5261 mali
2458 5209 2725 5278 existunt,
2761 5212 2899 5266 dum
2932 5213 3189 5286 imperiis
3237 5235 3439 5275 eorum
3487 5225 3619 5279 obe-

1917 5294 2100 5348 diunt.
2148 5296 2420 5349 Nonnulli
2451 5302 2663 5361 autem,
2692 5299 2835 5354 sicut
2864 5302 3116 5372 prompti
3155 5312 3286 5360 sunt
3321 5311 3483 5381 sequi
3532 5329 3618 5368 re-

1916 5398 2014 5453 ges
2044 5383 2104 5436 in
2126 5383 2361 5451 malum,
2392 5384 2473 5439 sic
2499 5384 2652 5455 pigri
2674 5393 2807 5441 sunt
2834 5388 3050 5443 imitari
3090 5390 3221 5448 illos
3273 5396 3336 5451 in
3372 5397 3611 5457 bonum.

1916 5470 2076 5540 Seepe
2098 5470 2250 5524 unde
2282 5471 2418 5525 mali
2474 5488 2637 5541 reges
2666 5481 2925 5544 peccant,
2975 5477 3107 5533 inde
3132 5479 3267 5536 boni
3299 5485 3615 5553 justilican-

3218 5595 3299 5653 29
