4010 6192
337 242 440 294 907

1429 239 1829 294 BURCHARDI
1868 239 2400 295 WORMACIENSIS
2439 239 2770 295 EPlSCOPI.

3752 246 3857 296 908

329 379 467 429 tur:
527 363 664 417 dum
718 359 1164 432 praecedentium
1218 360 1585 430 cupiditatem
1637 365 1692 414 et
1759 363 2032 416 malitiam
2066 367 2111 417 Α
2148 362 2480 434 principalis
2502 362 2780 433 imponat,
2827 368 2979 418 etut
3019 363 3162 417 bene
3191 364 3466 418 rationem
3519 371 3861 419 mereantur

333 450 647 521 corrigunt.
688 451 829 503 Nam
883 464 942 502 re
998 465 1130 502 vera
1182 450 1427 518 peccatis
1467 466 1668 503 eorum
1716 450 2039 504 communi-

331 544 482 605 cant,
523 539 566 591 si
612 539 760 608 quod
805 537 889 590 illi
935 537 1315 606 diripuerunt,
1362 536 1454 589 isti
1504 543 1810 592 retentant.
1865 538 2040 608 Cujus

331 632 627 698 peccatum
659 628 899 696 quisque
937 624 1212 695 sequitur,
1265 641 1492 679 necesse
1525 632 1610 680 est
1640 631 1702 680 ut
1745 627 1866 696 ejus
1914 643 2039 696 poe-

335 731 470 770 nam
528 719 816 784 sequatur.
880 714 1073 782 Neque
1112 713 1264 765 enim
1329 713 1436 765 erit
1492 714 1678 784 impar
1735 715 2037 786 supplicio,

335 804 495 874 cujus
519 819 710 855 errore
740 801 979 871 quisque
1012 817 1114 870 par
1143 806 1248 868 est,
1278 817 1342 854 ac
1383 801 1541 854 vitio.

513 892 640 945 Cn.
672 890 828 943 XLII.
868 918 942 928 —
971 889 1122 957 Quod
1154 905 1302 956 reges
1326 891 1529 956 legibus
1550 895 1849 945 teneantur.

407 979 526 1046 (EI:
552 979 712 1031 dictis
751 977 1036 1045 ejusdem.)
1065 978 1289 1030 Iustum
1313 984 1418 1043 est,
1454 979 1769 1049 principem
1820 980 2040 1051 legibus

336 1068 733 1135 obtemperare
782 1066 915 1118 suis.
958 1067 1115 1118 Tunc
1151 1065 1303 1118 enim
1329 1067 1461 1135 jura
1501 1084 1600 1120 sua
1641 1069 1711 1122 ab
1774 1069 2042 1124 omnibus

335 1154 707 1208 custodienda
738 1153 1040 1218 existimet,
1076 1155 1304 1223 quando
1342 1160 1399 1208 et
1444 1157 1565 1225 ipse
1606 1155 1721 1209 illis
1779 1173 2040 1211 reveren-

336 1243 476 1296 tiam
499 1242 735 1312 praabet.
781 1241 1074 1312 Principes
1112 1242 1334 1311 legibus
1373 1243 1556 1296 teneri
1588 1244 1724 1310 suis,
1758 1261 1829 1298 ne
1878 1247 1936 1299 in
1984 1263 2042 1301 se

335 1347 502 1402 posse
563 1331 836 1384 damnare
889 1331 1036 1399 jura,
1094 1347 1222 1401 quae
1275 1331 1335 1384 in
1376 1332 1616 1386 subditis
1669 1334 2037 1388 constituunt.

334 1420 496 1473 Justa
523 1419 674 1471 enim
710 1418 860 1470 vocis
910 1434 1108 1471 eorum
1161 1420 1488 1487 auctoritas,
1533 1421 1577 1473 si
1610 1421 1761 1490 quod
1816 1423 2044 1492 populis

336 1507 670 1576 prohibent,
720 1507 826 1559 sibi
861 1506 1030 1560 licere
1083 1523 1196 1560 non
1229 1508 1543 1576 patiantur.
1597 1509 1709 1564 Sub
1748 1510 2043 1580 religionis

340 1595 643 1666 disciplina
670 1595 842 1648 seculi
874 1599 1182 1663 potestates
1209 1595 1477 1665 subjectae
1523 1602 1674 1650 sunt.
1719 1598 1785 1650 Et
1840 1614 2041 1668 quam-

337 1683 422 1736 vis
452 1683 702 1736 culmine
735 1683 895 1752 regni
937 1683 1051 1736 sint
1100 1683 1354 1752 praediti,
1386 1684 1613 1739 vinculo
1670 1690 1863 1740 tamen
1917 1686 2046 1740 fidei

340 1777 614 1824 tenentur
639 1771 876 1831 astricti,
910 1779 972 1823 ut
1013 1771 1185 1824 fidem
1236 1771 1440 1825 Christi
1473 1773 1593 1826 suis
1631 1773 1852 1844 legibus
1891 1790 2046 1844 pra:—

343 1859 554 1924 dicent,
592 1863 649 1911 et
694 1859 875 1928 ipsam
923 1858 1055 1911 ﬁdei
1094 1859 1528 1928 paedicationem
1578 1862 1835 1915 moribus
1884 1861 2046 1915 bonis

347 1951 704 2000 conservent.

452 2034 576 2087 CAP.
608 2035 792 2088 XLIII.
825 2065 894 2072 —
929 2036 1006 2088 De
1039 2035 1334 2103 disciplina
1361 2051 1548 2102 regum
1583 2039 1638 2090 in
1672 2039 1929 2093 Ecclesia.

431 2125 539 2187 (Ezc
564 2123 725 2176 dictis
755 2123 1041 2192 ejusdem.)
1075 2125 1365 2194 Principes
1393 2126 1585 2179 saeculi
1626 2143 2042 2198 nonnunquam

342 2208 494 2262 intra
551 2209 852 2262 Ecclesiam
912 2211 1208 2279 potestatis
1262 2213 1483 2282 adepta:
1524 2213 1777 2266 culmina
1826 2218 2044 2282 tenent,

345 2302 407 2350 ut
433 2313 533 2366 per
580 2298 822 2351 eandem
873 2302 1241 2366 potestatem,
1296 2299 1657 2369 disciplinam
1705 2301 2044 2354 ecclesiasti-

345 2400 467 2437 cam
518 2385 799 2439 muniant.
855 2386 1139 2440 Caeterum
1188 2386 1339 2440 intra
1388 2388 1691 2442 Ecclesiam
1733 2394 2044 2458 potestates

345 2473 679 2526 necessarize
701 2489 818 2526 non
849 2477 1060 2539 essent,
1092 2474 1202 2527 nisi
1234 2480 1295 2528 ut
1325 2476 1476 2546 quod
1507 2493 1623 2529 non
1657 2478 1931 2547 praevalet
1958 2495 2043 2532 sa-

342 2560 542 2614 cerdos
605 2561 851 2628 efﬁcere,
908 2578 1014 2631 per
1064 2562 1337 2617 doctrina:
1387 2580 1732 2618 sermonem.
1789 2569 2042 2635 potestas

343 2649 452 2702 hoc
500 2650 761 2719 imperet,
818 2666 923 2720 per
981 2649 1297 2721 disciplima
1368 2657 1668 2711 terrorem.
1731 2653 1889 2724 Saepe
1940 2671 2044 2724 per

343 2753 583 2806 regnum
645 2741 963 2806 terrenum,
1024 2739 1250 2793 caeleste
1288 2757 1530 2812 regnum
1561 2741 1804 2811 proficit,
1842 2746 1903 2796 ut
1944 2743 2043 2813 qui

339 2826 490 2880 intra
523 2827 823 2880 Ecclesiam
885 2827 1055 2896 positi
1112 2833 1309 2882 contra
1369 2829 1538 2883 fidem
1569 2837 1624 2883 et
1677 2829 2038 2900 disciplinam

342 2915 600 2968 Ecclesiae
665 2920 870 2984 agunt,

342 3002 642 3073 ipsamque
698 3003 1059 3074 disciplinam
1122 3021 1294 3075 quam
1347 3007 1602 3060 Ecclesiae
1644 3007 1857 3061 utilitas
1887 3025 2041 3062 exer-

340 3105 470 3143 cere
505 3103 621 3143 non
655 3090 946 3160 praevalet,
998 3091 1310 3145 cervicibus
1356 3093 1736 3162 superborum
1790 3098 2045 3163 potestas

2148 451 2358 506 virtute
2415 451 2713 520 potestatis
2769 451 3087 522 impertiat.
3129 452 3480 522 Cognoscant
3565 454 3860 524 principes

2150 540 2346 604 seculi,
2406 540 2520 594 Deo
2588 540 2795 594 debere
2850 541 3089 594 reddere
3145 558 3202 594 se
3258 542 3566 604 rationem,
3623 549 3863 612 propter

2150 629 2453 682 Ecclesiam
2493 645 2662 698 quam
2699 645 2731 682 a
2762 629 2987 683 Christo
3011 630 3277 684 tuendam
3323 631 3669 701 suscipiunt.
3718 631 3860 684 Nam

2149 717 2265 770 sive
2295 721 2572 786 augeatur
2601 733 2707 786 pax
2763 721 2820 770 et
2850 717 3148 787 disciplina
3198 720 3450 772 Ecclesiae
3505 735 3614 788 per
3662 718 3864 772 ﬁdeles

2149 805 2457 876 principes,
2491 805 2607 858 sive
2655 806 2925 872 solvatur,
2955 806 3049 860 ille
3077 808 3146 860 ab
3187 809 3264 860 eis
3296 809 3589 861 rationem
3661 807 3862 877 exigit,

2149 893 2468 966 quieorum
2501 895 2768 964 potestati
2799 910 2962 948 suam
3006 895 3306 948 Ecclesiam
3349 895 3623 948 credidit.

2151 1001 2278 1054 CAP.
2306 1000 2490 1055 XLIII.
2514 1028 2586 1041 —
2606 1000 2714 1056 Cur
2745 1003 2885 1054 Deus
2913 1002 3050 1054 alios
3069 1000 3142 1053 ad
3171 1001 3489 1064 libertatm,
3508 1002 3656 1054 alios
3687 1006 3869 1054 autem

2594 1072 2669 1124 ad
2698 1075 3012 1124 servitutem
3041 1073 3396 1125 discrevisset.

2224 1160 2372 1227 (Item
2410 1159 2696 1229 ejusdem.)
2743 1162 2982 1229 Propter
3037 1165 3323 1229 peccatum
3370 1160 3550 1230 primi
3608 1160 3869 1213 hominis

2153 1247 2406 1302 humano
2436 1248 2633 1317 generi
2663 1264 2830 1318 poena
2859 1249 3130 1302 divinitus
3183 1249 3339 1302 illata
3369 1254 3456 1300 est
3511 1249 3726 1313 servis,
3795 1249 3868 1302 ita

2154 1340 2218 1388 ut
2251 1334 2461 1405 quibus
2487 1335 2688 1404 aspicit
2718 1351 2834 1388 non
2873 1351 3125 1406 congrue
3160 1337 3512 1402 libertatem,
3562 1336 3659 1390 his
3700 1337 3868 1390 mise-

2154 1421 2673 1492 ricordiusirroget
2701 1424 3032 1476 servitutem
3066 1441 3078 1478 :
3107 1429 3162 1477 et
3207 1425 3338 1478 licet
3401 1441 3511 1494 per
3566 1432 3863 1494 peccatum

2153 1510 2425 1564 humanae
2456 1512 2715 1581 originis,
2747 1521 2941 1564 tamen
2972 1528 3170 1582 aequus
3231 1514 3373 1566 Deus
3407 1513 3540 1565 ideo
3594 1515 3863 1566 discrev:t

2158 1598 2491 1652 hominibus
2535 1600 2730 1665 vitam,
2763 1601 2903 1652 alios
2951 1617 3140 1653 servos
3188 1601 3566 1666 constituens,
3604 1603 3755 1654 alios
3778 1603 3864 1654 do-

2158 1687 2346 1740 minos
2379 1692 2480 1741 :ut
2511 1686 2740 1741 licentia
2773 1689 2922 1742 male
2965 1689 3172 1758 agendi
3204 1705 3526 1757 servorum,
3588 1695 3868 1758 potestate

2158 1775 2579 1830 dominantium
2610 1776 3010 1846 restringatur.
3055 1777 3193 1831 Nam
3235 1778 3281 1830 si
3320 1794 3523 1831 omnes
3554 1779 3688 1831 sine
3720 1785 3867 1831 metu

2156 1864 2416 1928 fuissent,
2451 1863 2578 1934 quis
2605 1871 2771 1930 esset,
2803 1866 2904 1934 qui
2955 1882 2984 1917 a
3031 1866 3197 1918 malis
3244 1866 3588 1936 quempiam
3641 1867 3866 1920 cohibe-

2158 1952 2281 2005 ret?
2310 1952 2447 2005 Inde
2497 1957 2552 2005 et
2589 1952 2648 2005 in
2692 1952 2962 2023 gentibus
3006 1953 3312 2025 principes,
3365 1970 3661 2025 regesque
3712 1955 3866 2009 electi

2155 2046 2311 2108 sunt,
2362 2047 2424 2093 ut
2459 2046 2676 2094 terrore
2725 2057 2826 2094 suo
2878 2043 3121 2110 populos
3185 2059 3219 2095 a
3287 2043 3436 2096 malo
3514 2052 3863 2109 coercerent,

2154 2133 2324 2198 atque
2368 2129 2434 2182 ad
2490 2135 2639 2183 recte
2671 2130 2975 2183 vivendum
3027 2130 3249 2200 legibus
3294 2131 3643 2185 subderent.
3684 2132 3862 2196 Quan-

2153 2223 2278 2271 tum
2329 2217 2399 2271 ad
2443 2232 2625 2288 poena?
2676 2218 2977 2286 rationem,
3005 2234 3122 2271 non
3165 2224 3252 2272 est
3283 2235 3676 2289 personarum
3718 2237 3861 2274 acce-

2152 2307 2272 2377 ptio
2291 2307 2442 2376 apud
2477 2308 2676 2371 Deum,
2709 2307 2808 2377 qui
2852 2307 3050 2361 mundi
3079 2307 3254 2377 elegit
3297 2307 3590 2378 ignobilia
3638 2315 3696 2363 et
3738 2327 3864 2363 con-

2153 2395 2516 2465 temptibilia,
2543 2401 2746 2464 etquae
2773 2412 2891 2449 non
2953 2401 3108 2462 sunt,
3162 2401 3227 2449 ut
3275 2412 3339 2450 ea
3396 2413 3533 2466 qua:
3587 2405 3744 2463 sunt,
3775 2400 3864 2452 de-

2155 2487 2417 2546 strueret,
2452 2500 2522 2537 ne
2570 2484 2848 2553 glorietur
2896 2484 3086 2537 omnis
3128 2500 3279 2550 care,
3320 2485 3431 2538 hoc
3462 2490 3571 2552 est,
3629 2487 3866 2540 carnalis

2154 2573 2410 2640 potentia
2441 2588 2631 2625 coram
2674 2573 2792 2625 illo.
2829 2573 2979 2627 Unus
3009 2572 3163 2626 enim
3205 2573 3508 2640 Dominus,
3565 2576 3868 2642 aequaliter

2153 2663 2210 2712 et
2236 2659 2484 2713 dominis
2514 2660 2622 2713 fert
2651 2661 2977 2714 consultum
3009 2663 3065 2713 et
3113 2659 3308 2714 servis.
3342 2661 3548 2714 Melior
3590 2669 3680 2715 est
3736 2662 3868 2714 sub-

2147 2748 2299 2817 jecta
2328 2749 2590 2814 servitus,
2623 2765 2794 2819 quam
2830 2751 2979 2802 elata
3012 2748 3263 2803 libertas.
3316 2750 3482 2803 Multi
3514 2751 3680 2804 enim
3715 2752 3867 2804 inve-

2153 2835 2394 2890 niuntur
2423 2837 2538 2890 Deo
2568 2836 2744 2890 libere
2777 2837 3080 2890 servientes
3115 2837 3219 2890 sub
3256 2837 3514 2891 dominis
3571 2840 3867 2893 constituti

958 2915 1148 2986 rigore
1232 2917 1560 2988 principum
1653 2923 2040 2986 conterantur,
2085 2916 2124 2972 C
2154 2920 2474 2990 ﬂagitiosis,
2507 2923 2604 2993 qui
2641 2927 2698 2977 et
2729 2922 2969 2992 subjecti
2998 2927 3130 2976 sunt
3158 2923 3272 2976 illis
3325 2939 3596 2993 corpore,
3643 2926 3866 2994 praelati

2155 3015 2347 3064 tamen
2379 3016 2515 3064 sunt
2537 3019 2747 3066 mente.

1626 3196 1800 3236 FINIS
1845 3197 2022 3237 LIBRI
2065 3197 2289 3238 DECIMI
2336 3197 2589 3244 QUINTI.

1011 3385 1310 3458 INDEX
1382 3387 2074 3462 CAPITULOBUM
2153 3390 2408 3462 LIBRI
2488 3389 2819 3462 DECIMI
2883 3391 3178 3464 SEXTI.

339 3521 468 3576 CAP.
521 3523 569 3574 1.
619 3521 695 3574 De
751 3522 1070 3576 rectoribus
1127 3522 1526 3588 Ecclesiarum,
1581 3540 1652 3578 ne
1715 3525 2041 3596 praecipites

409 3607 524 3663 sint
550 3609 609 3662 in
649 3608 932 3663 dictandis
965 3609 1280 3664 sententiis.

335 3701 394 3751 2.
442 3697 510 3751 Ut
537 3701 772 3751 comites
805 3702 860 3751 et
884 3697 1108 3768 judices
1149 3715 1253 3770 pro
1281 3699 1500 3770 judicio
1547 3717 1788 3756 munera
1816 3718 1932 3757 non
1953 3718 2040 3756 ac-

407 3785 644 3853 cipiant.

336 3874 393 3927 3.
433 3874 508 3927 De
536 3874 651 3927 illis
683 3872 785 3944 'qui
808 3875 1023 3928 crimen
1067 3873 1398 3945 objecerint,
1428 3880 1483 3930 et
1511 3892 1710 3931 verum
1761 3893 1876 3932 non
1910 3895 2039 3950 pro—

407 3961 686 4015 baverint.

336 4049 387 4102 4.
417 4049 622 4114 Quales
656 4050 727 4103 ad
759 4049 1151 4104 testimonium
1185 4051 1448 4106 accedere
1479 4053 1741 4108 debeant.

335 4141 384 4192 5.
421 4139 499 4194 Ne
531 4140 804 4194 innocens
824 4140 1076 4209 pernicie
1106 4141 1491 4194 accusantium
1552 4143 1886 4197 maculatur.

335 4229 386 4281 6.
415 4228 484 4282 Ut
535 4229 729 4282 nullus
793 4228 1149 4282 describatur
1197 4244 1350 4296 reus,
1391 4229 1726 4301 priusquam
1796 4232 2032 4286 convin-

404 4320 528 4368 catu
539 4331 583 4368 r.

332 4407 383 4457 7.
421 4403 489 4456 Ut
515 4401 834 4473 presbyteri
890 4419 1023 4457 suos
1081 4404 1460 4474 parochianos
1492 4405 1551 4458 in
1606 4407 1821 4477 synodo
1868 4423 2032 4462 accu-

405 4505 526 4542 sare
554 4489 822 4544 debeant.

334 4579 384 4630 8.
421 4576 498 4630 De
525 4576 636 4630 illis
671 4579 772 4648 qui
815 4577 947 4632 victi
992 4577 1208 4633 fuerint
1237 4579 1458 4651 aliquos
1507 4581 1578 4635 ad
1621 4581 1828 4636 falsum
1874 4583 2034 4637 testi-

401 4665 665 4719 monium
697 4667 1009 4721 attraxisse.

331 4757 382 4808 9.
419 4754 489 4808 Ut
515 4769 606 4808 res
626 4753 812 4822 finita,
836 4754 1094 4809 refricari
1129 4770 1245 4808 non
1273 4754 1492 4810 debeat.

334 4845 417 4897 l0.
450 4843 529 4896 De
556 4842 668 4897 illis
699 4842 800 4913 qui
830 4859 862 4896 a
885 4842 1310 4914 suisjudicibus
1331 4842 1541 4913 pulsati
1573 4860 1691 4898 non
1721 4844 1955 4900 fuerint.

333 4936 416 4986 11.
450 4933 518 4986 Ut
551 4932 747 4985 nullus
777 4930 1008 4986 infamis
1052 4931 1387 5001 religiosum
1437 4931 1822 4988 Christianum
1867 4950 2029 4989 accu-

398 5035 523 5074 sare
554 5019 750 5090 possit.

331 5110 415 5162 l2.
452 5108 528 5161 De
549 5107 691 5161 falso
717 5111 859 5162 teste
893 5106 1045 5176 quod
1088 5121 1208 5160 non
1238 5105 1441 5163 debeat
1479 5107 1800 5180 impunitus
1846 5107 2024 5162 abire.

334 5201 417 5252 13.
449 5198 515 5251 Ut
544 5213 715 5251 nemo
743 5197 948 5251 absens
967 5195 1331 5267 dijudicetur.

331 5286 413 5339 14.
444 5286 521 5338 De
552 5285 753 5339 eadem
789 5297 873 5339 re.‘

330 5375 413 5428 15.
444 5373 513 5427 L't
541 5390 711 5427 nemo
744 5373 914 5427 simul
949 5373 1021 5428 sit
1045 5379 1358 5442 accusator,
1375 5374 1550 5445 judex
1581 5379 1638 5430 et
1666 5377 1844 5431 testis.

330 5464 415 5517 16.
447 5463 525 5517 De
551 5461 692 5517 falso
713 5462 1046 5518 testimonio
1081 5463 1231 5534 quod
1263 5465 1508 5534 capitale
1538 5464 1613 5520 sit
1642 5464 1882 5520 crimen.

2157 3530 2240 3580 l7.
2273 3527 2343 3580 Ut
2380 3526 2507 3580 falsi
2539 3530 2710 3581 testes
2768 3544 2800 3581 a
2859 3529 3263 3583 communione
3296 3529 3411 3583 nisi
3459 3532 3865 3600 poenituerint,

2221 3615 2335 3668 sint
2362 3615 2762 3668 submovendi.

2155 3705 2237 3757 l8.
2287 3703 2356 3756 Ut
2402 3703 2574 3756 falsus
2605 3702 2766 3757 testis
2808 3709 2977 3768 prout
3020 3704 3236 3759 crimen
3266 3709 3354 3760 est
3406 3706 3564 3778 quod
3595 3710 3870 3779 opposuit

2221 3790 2509 3861 puniatur.

2151 3881 2234 3933 19.
2271 3879 2347 3932 De
2387 3879 2673 3949 ingenuis,
2707 3879 2756 3933 si
2786 3879 2845 3933 in
2876 3879 3092 3950 synodo
3127 3887 3486 3937 accusantur.

2147 3968 2239 4021 20.
2284 3968 2348 4022 Ut
2379 3974 2551 4022 testes
2587 3969 2652 4020 ad
2683 3969 3076 4023 testimonium
3126 3987 3240 4025 non
3291 3971 3672 4042 recipiantur,
3725 3989 3868 4044 quos

2216 4063 2509 4110 accusator
2539 4073 2572 4109 a
2603 4057 2774 4110 domo
2805 4074 2907 4111 sua
2938 4058 3292 4128 produxerit.

2063 4162 2105 4216 ι)
2145 4146 2233 4198 21.
2289 4145 2354 4198 Ut
2383 4146 2574 4198 nullus
2603 4145 2841 4198 clericus
2871 4146 2942 4199 ad
2975 4145 3226 4215 judicem
3282 4147 3623 4215 secularem,
3680 4150 3863 4204 alium

2220 4231 2487 4286 clericum
2515 4249 2776 4286 accusare
2808 4239 3135 4304 praesumat.

2147 4323 2233 4375 22.
2279 4322 2350 4374 Ut
2378 4322 2570 4374 nullus
2615 4321 2789 4391 judex
2829 4322 3096 4375 secularis
3143 4321 3399 4394 aliquem
3439 4325 3863 4381 ecclesiastico-

2217 4425 2345 4463 rum
2374 4410 2717 4480 distringere
2748 4415 3076 4481 praesumat.

2145 4498 2232 4551 23.
2269 4499 2336 4552 Ut
2362 4513 2562 4551 omnes
2592 4514 2776 4551 causae
2809 4515 2909 4568 per
2962 4499 3364 4554 auctoritatem
3405 4501 3666 4557 veritatis
3717 4519 3852 4558 ven-

2215 4584 2446 4638 tilanda:
2477 4584 2608 4638 sint.

2144 4673 2231 4726 24.
2266 4673 2342 4726 De
2371 4672 2593 4726 clericis
2617 4673 2679 4726 in
2706 4672 2847 4727 falso
2876 4673 3201 4728 testimonio
3229 4675 3529 4731 convictis.

2142 4763 2228 4815 25.
2266 4763 2345 4815 De
2370 4760 2685 4832 judicibus.

2140 4851 2228 4904 26.
2266 4852 2342 4906 De
2365 4850 2556 4920 pravis
2571 4849 2880 4920 judicibus.

2139 4939 2223 4993 27.
2259 4939 2336 4993 De
2366 4938 2621 4992 verbosis
2645 4938 2937 5008 judicibus
2959 4943 3014 4992 et
3035 4937 3218 4993 elatis.

2139 5027 2224 5080 28.
2260 5026 2336 5080 De
2368 5026 2610 5097 praemio
2641 5026 3148 5081 remunerationis.

2139 5116 2224 5168 29.
2259 5115 2334 5168 De
2366 5115 2803 5185 oppressoribus
2833 5131 3170 5186 pauperum.

2140 5205 2226 5257 30.
2265 5203 2332 5256 Ut
2345 5203 2526 5273 judex
2558 5219 2675 5257 non
2705 5203 2886 5274 prius,
2921 5203 3113 5257 obviet
3156 5219 3255 5257 sua
3288 5206 3583 5259 sententia
3611 5205 3849 5277 litigan-

2206 5290 2380 5358 tibus,
2413 5292 2665 5362 quandiu
2696 5291 2819 5364 ipse
2848 5290 3060 5346 habent
3081 5291 3294 5363 aliquid
3326 5293 3487 5363 quod
3514 5300 3851 5364 proponant

2206 5379 2267 5432 in
2298 5380 2636 5451 quaestione.
