4010 6192
66 319 172 370 909

894 320 1373 378 DECRETORUM
1426 327 1615 386 LIBRI
1656 333 1763 387 XX.
1806 363 1872 374 —
1918 334 2130 390 LIBER
2173 337 2478 394 DECIMUS
2516 341 2793 397 SEXTUS.

3499 349 3601 401 910

67 440 151 492 3t.
199 439 265 493 Ut
299 454 415 493 non
456 439 634 495 iidem
668 440 786 496 sint
816 447 1178 499 accusatores
1226 449 1282 499 et
1324 447 1567 519 judices,
1628 458 1683 510 et
1714 460 1796 511 te-
1826 461 1871 512 Α
1911 461 1996 513 35.
2036 461 2112 513 De
2141 461 2252 515 illis
2279 463 2517 517 testibus
2550 465 2649 536 qui
2694 466 2941 536 aliquem
2990 483 3054 519 ex
3082 483 3243 521 sacro
3275 468 3478 524 ordine
3508 488 3595 524 ac-

137 533 259 581 stes
291 529 568 583 accusati.

69 618 153 669 32.
212 617 281 671 Ut
331 618 455 688 ejus
506 619 931 673 accusationem
963 619 1158 673 nullus
1186 621 1351 676 facile
1397 626 1663 698 accipiat,
1698 628 1796 700 qui

135 704 311 759 facile
341 706 549 777 litigat,
574 714 633 762 et
664 714 911 763 accusat.

71 795 156 846 33.
234 794 309 847 Ut
375 795 682 866 episcopus
734 800 1097 851 accusatores
1153 797 1397 852 fratrum
1464 817 1794 859 excommu-

143 881 324 936 nicet.

73 973 159 1024 34.
220 972 304 1024 De
338 971 450 1025 illis
478 973 579 1043 qui
608 972 852 1028 convicti
901 971 1142 1041 fuerint,
1190 974 1464 1031 fratribus
1512 979 1659 1035 falsa
1687 981 1795 1035 cri~

145 1061 312 1114 mina
341 1060 431 1131 obj
441 1061 639 1116 ecisse.

1976 564 2172 603 cusare
2202 558 2545 621 pertentant,
2580 560 2636 607 et
2664 560 2726 608 ut
2779 556 2990 625 quique
3037 557 3260 626 Optimi,
3296 563 3353 612 et
3381 558 3599 614 ﬁdelio-

1976 653 2065 689 res
2098 638 2157 690 in
2188 640 2583 695 testimonium
2614 650 2996 697 assumantur.

1908 724 1991 775 36.
2032 724 2099 778 Ut
2128 726 2320 779 nullus
2368 729 2639 783 secularis
2695 730 2863 784 alicui
2918 746 2983 783 ex
3036 731 3188 785 clero
3238 733 3352 787 vim
3384 734 3595 789 inferre

1977 816 2304 879 prmsumat.

1907 899 1993 950 37.
2025 897 2186 961 Quod
2217 901 2410 955 mariti
2448 919 2655 957 uxores
2684 920 2813 957 suas
2844 920 2908 959 ex
2957 906 3275 975 suspicione
3328 925 3593 964 accusare

1977 988 2214 1056 possint.

2370 1078 2574 1132 Indicis
2600 1080 2960 1147 capitulorum
2984 1084 3132 1149 finis.

1389 1351 2306 1461 BURCHARDI

1190 1531 1540 1588 ECCLESIz‘E
1577 1536 2115 1597 WORMACIENSIS
2154 1544 2485 1599 EPISCOPI.

128 1694 1287 1852 DECRETORUM
1394 1705 1901 1857 LIBER
2012 1710 2760 1868 DECIMUS
2896 1713 3539 1873 SEXTUS

1121 1972 1221 2036 DE
1267 1974 1932 2043 ACCUSATORIBUS
1982 1981 2085 2045 ET
2136 1984 2554 2050 TESTIBUS.

558 2258 1048 2313 ARGUMENTUM
1083 2260 1293 2317 LIBRI.

140 2346 313 2400 Libro
339 2346 447 2400 hoc
478 2347 658 2418 qualis
681 2348 882 2416 judex,
940 2355 1318 2417 accusatores,
1352 2357 1408 2407 et
1456 2357 1631 2407 testes
1664 2371 1786 2410 esse

72 2433 339 2501 debeant,
373 2435 622 2503 docetur,
670 2452 925 2507 qumque
974 2439 1318 2506 paenitentia
1374 2441 1446 2496 sit
1490 2442 1785 2512 judicibus

71 2524 167 2592 qui
199 2523 273 2577 ad
305 2524 544 2593 gratiam
586 2523 867 2594 judicant,
920 2525 1464 2599 calumniatoribus,
1520 2535 1575 2584 et
1625 2530 1783 2586 falsis

70 2612 311 2664 testibus
341 2611 710 2682 injuugenda.
948 2642 949 2645 η
1078 2634 1081 2635 ⁷

70 2699 197 2753 CAP.
244 2700 289 2753 l.
331 2730 400 2739 —
446 2702 520 2754 De
546 2701 859 2776 rectoribus
897 2701 1288 2776 Ecclesiamm,
1346 2721 1414 2759 ne
1471 2709 1781 2776 przcipites

503 2775 613 2825 sint
644 2775 704 2825 in
732 2771 1015 2825 dictandis
1054 2778 1357 2829 sententiis.

140 2860 257 2927 (Ea;
288 2858 447 2914 dictis
477 2860 633 2927 Greg.
663 2859 870 2930 papa.)
901 2860 1284 2932 Summopere
1306 2880 1632 2933 praecavere
1676 2867 1777 2921 de-

71 2948 207 3001 bent
255 2955 501 3002 rectores
560 2949 963 3013 Ecclesiarum,
1024 2955 1082 3003 et
1132 2951 1233 3022 qui
1280 2954 1509 3020 publica
1556 2954 1779 3025 judicia

74 3042 359 3102 exercent,
382 3041 452 3095 ut
482 3037 543 3090 in
572 3036 851 3091 dictandis
904 3040 1208 3093 sententiis
1240 3041 1594 3109 nullatenus,
1631 3043 1776 3097 levi-

74 3129 205 3191 tate,
249 3130 351 3179 aut
393 3125 584 3180 furore
632 3126 808 3193 ducti,
879 3125 995 3179 sint
1040 3128 1391 3199 praecipites,
1443 3131 1541 3185 sed
1592 3132 1776 3185 causis

75 3214 229 3283 prius
264 3215 572 3285 diligenter
604 3214 909 3281 ventilatis,
942 3230 1073 3269 cum
1112 3233 1206 3271 res
1237 3233 1367 3288 qua:
1399 3219 1776 3289 ignorabatur

70 3304 319 3373 pleniter
344 3303 415 3357 ad
448 3303 711 3357 notitiam
747 3302 990 3367 venerit,
1035 3308 1175 3358 tunc
1207 3304 1400 3358 divina
1431 3312 1487 3360 et
1519 3309 1775 3361 humana

70 3395 165 3448 lex
194 3393 536 3458 resolvatur,
610 3396 666 3445 et
697 3392 1015 3446 secundum
1065 3395 1223 3463 quod
1271 3394 1351 3447 ibi
1395 3397 1771 3451 constitutum

69 3488 174 3547 est,
206 3487 428 3535 remota
459 3496 836 3550 personarum
880 3481 1229 3550 acceptione,
1263 3482 1553 3537 deﬁnitiva
1579 3485 1772 3555 profe-

1816 2270 1856 2323 B
1896 2272 1985 2335 cit,
2014 2272 2155 2328 sciat
2188 2292 2250 2330 se
2280 2276 2655 2345 probaturum
2684 2297 2746 2336 re
2776 2299 2928 2349 vera,
2979 2287 3041 2338 ut
3086 2284 3164 2338 ibi
3197 2301 3365 2341 causa
3395 2290 3595 2344 termi-

1896 2366 2084 2426 uetur,
2117 2364 2216 2419 ubi
2252 2366 2468 2421 crimen
2517 2369 2951 2433 admittitur,ut
2996 2373 3092 2444 qui
3126 2390 3239 2429 non
3267 2377 3595 2445 probaverit

1896 2451 2047 2518 quod
2076 2454 2313 2523 objecit,
2345 2472 2574 2525 pmnam
2597 2474 2771 2529 quam
2798 2460 3073 2528 intulerit,
3103 2462 3221 2533 ipse
3250 2465 3517 2535 patiatur.

1894 2554 2021 2608 CAP.
2055 2556 2144 2611 IV.
2182 2591 2249 2599 —
2282 2561 2473 2625 Quales
2503 2564 2578 2615 ad
2606 2567 2965 2623 testimonium
2994 2570 3236 2624 accedere
3273 2571 3517 2628 debeant.

1964 2660 2073 2750 {Eae
2104 2666 2336 2720 concilio
2357 2667 2509 2736 apud
2541 2670 2836 2727 Theodonis
2865 2675 3050 2729 villam
3072 2676 3272 2743 habito,
3303 2679 3484 2747 capite
3515 2682 3592 2750 3.)

1892 2747 2231 2817 Homicidaa,
2277 2753 2546 2821 maleﬁci,
2599 2753 2771 2825 fures,
2808 2760 3092 2831 sacrilegi,
3122 2768 3395 2832 raptores,
3429 2781 3595 2819 vene-

1888 2834 1999 2901 tici,
2035 2838 2300 2906 adulteri,
2329 2846 2386 2895 et
2418 2840 2519 2910 qui
2564 2847 2793 2912 raptum
2840 2847 3093 2915 fecerint,
3149 2851 3237 2904 vel
3262 2850 3467 2905 falsum
3502 2858 3589 2907 te-

1887 2922 2227 2980 stimonium
2262 2928 2534 2995 dixerint,
2569 2945 2665 2984 seu
2711 2932 2809 3002 qui
2848 2934 2915 2989 ad
2945 2937 3246 3005 sortilegos
3278 2954 3593 3011 magosque

1887 3015 2263 3082 cucurreriut,
2316 3016 2648 3071 nullatenus
2678 3020 2749 3074 ad
2802 3024 3243 3095 accusationem,
3285 3028 3373 3082 vel
3410 3028 3479 3083 ad
3512 3034 3591 3085 te-

1885 3098 2224 3157 stimonium
2251 3109 2425 3159 erunt
2449 3104 2805 3163 admittendi.

1886 3204 2012 3259 Cap.
2046 3207 2108 3261 V.
2155 3237 2225 3247 -—
2262 3211 2340 3266 Ne
2398 3212 2931 3339 innocenslriernicie
2977 3224 3345 3278 accusantium
3405 3240 3591 3281 macu-

2686 3302 2713 3339 e
2739 3303 2825 3339 ur.

2686 3302 2825 3343 etur.

1955 3364 2060 3435 (Ea
2094 3366 2238 3423 decr.
2274 3371 2472 3424 Felicis
2516 3388 2694 3441 papa,
2740 3379 2917 3446 capite
2968 3382 3070 3446 l5.)
3119 3382 3363 3453 Dignum
3397 3392 3479 3441 est
3526 3392 3590 3442 ut

1792 3472 1793 3479 η
1882 3450 1999 3506 vita
2028 3454 2354 3511 innocentis
2387 3474 2504 3513 non
2536 3463 2856 3518 maculetur
2883 3468 3135 3536 pernicie
3169 3450 3586 3547 accusantium,

66 3540 231 3623 ratur
262 3540 561 3623 sententia.
595 3570 735 3622 Hinc
765 3574 848 3622 est
878 3540 1028 3639 quod
1076 3540 1252 3624 Moses
1282 3573 1543 3640 querelas
1572 3540 1775 3643 populi
1816 3547 1855 3601 Ο
1884 3540 2044 3605 adeo’
2087 3546 2148 3643 ξπ
2173 3543 2450 3643 (Ῑυίδίῖίῖξδ,
2487 3551 2830 3643 {quolibet
2875 3555 3233 3619 criminatur.
3291 3578 3404 3615 non
3454 3570 3584 3621 ante

61 3674 299 3729 semper
328 3658 399 3712 ad
434 3658 765 3723 Dominum,
799 3657 1234 3712 tabernaculum
1276 3660 1591 3731 ingressus,
1626 3662 1775 3716 refe-

61 3748 252 3813 rebat,
308 3751 367 3800 et
408 3748 575 3815 juxta
611 3746 765 3816 quod
811 3746 1090 3800 Dominus
1150 3748 1490 3817 imperabat,
1550 3750 1771 3819 judicia

62 3835 470 3907 proponebat:
533 3834 809 3888 nimirum
865 3850 974 3888 nos
1025 3835 1352 3902 instituens,
1411 3842 1477 3891 ut
1527 3854 1644 3892 non
1704 3854 1773 3893 ex

63 3924 241 3977 corde
275 3928 494 3990 nostro,
545 3922 641 3975 sed
691 3938 757 3976 ex
787 3928 1074 3994 praecepto
1100 3924 1311 3990 divino,
1341 3926 1773 3982 condemnatio-

63 4012 160 4064 nis
189 4011 279 4063 vel
312 4009 738 4080 justiticationis
769 4011 1110 4065 sententiam
1143 4012 1517 4083 proferamus.

63 4100 201 4153 CAP.
240 4100 308 4152 ll.
366 4128 435 4139 -—
468 4101 535 4153 Ut
584 4102 796 4153 comites
834 4104 884 4153 et
918 4100 1132 4168 judices
1177 4116 1281 4170 pro
1303 4101 1518 4170 judicio
1544 4118 1772 4157 munera

711 4186 817 4224 non
848 4173 1142 4239 accipiant.

139 4259 258 4326 (Em
282 4258 503 4311 concilio
525 4256 821 4318 Cabillon.,
856 4260 1033 4327 capite
1067 4261 1177 4326 2t.)
1212 4258 1529 4313 Comitibus
1553 4276 1686 4315 vero
1714 4264 1767 4315 et

53 4346 358 4415 judicibus
406 4345 516 4398 hoc
570 4360 933 4415 summopere
978 4348 1295 4400 cavendum
1345 4351 1448 4412 est,
1506 4352 1572 4401 ut
1615 4348 1767 4417 juste

55 4434 348 4503 judicent,
383 4438 438 4487 et
470 4448 834 4503 nequaquam
864 4433 924 4487 in
961 4434 1182 4505 judicio
1230 4450 1469 4488 munera
1500 4451 1599 4489 seu
1631 4453 1768 4507 per-

59 4540 233 4577 sonas
278 4521 581 4590 accipiant,
623 4520 843 4575 dicente
896 4523 1137 4577 Domino
1170 4539 1181 4576 :
1208 4523 1332 4576 Non
1365 4521 1603 4591 accipiat
1633 4540 1764 4593 per-

61 4626 271 4666 sonam
303 4625 407 4663 nec
437 4624 677 4662 munera
711 4625 723 4662 :
777 4610 914 4679 quia
958 4626 1197 4664 munera
1249 4614 1534 4664 excaecant
1572 4613 1766 4665 oculos

57 4698 438 4769 sapientium,
484 4703 543 4751 et
590 4701 814 4751 mutant
864 4700 1037 4753 verba
1080 4701 1418 4769 justorum:
1466 4699 1562 4753 sed
1593 4700 1766 4754 mini-

52 4794 229 4853 stros,
296 4802 441 4856 quos
490 4786 751 4851 vicarios,
801 4789 855 4839 et
906 4787 1265 4841 centenarios
1308 4792 1531 4856 vocant,
1577 4788 1763 4857 justos
1793 4826 1836 4879 Ι)

48 4877 276 4932 habere
305 4875 535 4940 debent,
562 4890 635 4928 ne
672 4874 815 4928 forte
857 4891 1058 4928 eorum
1108 4876 1342 4929 avaritia
1390 4881 1489 4931 aut
1533 4877 1763 4948 rapaci-

44 4971 174 5021 tate
226 4963 476 5033 populus
497 4968 784 5034 gravetur,
820 4967 875 5017 et
904 4963 1125 5018 amissis
1145 4964 1508 5020 facultatibus
1537 4966 1597 5020 in
1616 4983 1756 5037 pau-

40 5056 347 5126 pertatem
408 5051 717 5121 redigatur.
796 5053 988 5107 Testes
1050 5069 1183 5108 vero
1236 5053 1628 5125 probatissimi
1704 5059 1760 5110 et

40 5141 254 5214 pauci,
288 5140 359 5193 de
390 5141 650 5210 pluribus
680 5156 801 5194 esse
828 5141 1039 5196 debent
1068 5142 1233 5209 tales,
1265 5142 1334 5196 de
1366 5159 1613 5213 quorum
1644 5143 1758 5200 ﬁde

43 5247 175 5286 non
232 5229 549 5283 dubitetur.
606 5229 844 5283 Multum
909 5232 1100 5282 autem
1158 5245 1463 5299 pravorum
1503 5230 1756 5299 testium,

40 5318 376 5390 cupiditate
407 5323 463 5371 et
493 5316 739 5370 falsitate
773 5316 1091 5387 respublica
1124 5316 1364 5370 laeditur.

40 5410 182 5465 Car.
221 5407 319 5462 III.
357 5435 425 5447 —
456 5408 529 5461 De
559 5406 669 5460 illis
699 5408 796 5475 qui
818 5408 1017 5459 crimen
1045 5406 1352 5474 objecerint,
1371 5409 1422 5459 et
1440 5420 1623 5460 verum
1654 5423 1759 5461 non

748 5476 1115 5546 probaverint.

121 5549 241 5615 (Em
272 5550 497 5603 concilio
530 5548 817 5613 Arausico,
869 5549 1047 5615 capite
1072 5547 1151 5617 4.)
1184 5546 1291 5610 Qui
1338 5545 1554 5600 crimen
1604 5546 1755 5616 obji-

1887 3633 2179 3682 accusatus
2209 3631 2492 3701 supplicio
2520 3634 2846 3704 deputetur.
2885 3658 3056 3711 quam
3113 3654 3407 3703 accusator
3435 3668 3581 3720 prte-

1885 3721 2159 3777 sentetur.
2191 3724 2364 3788 atque
2395 3724 2458 3773 ut
2508 3725 2565 3775 et
2613 3739 2901 3783 canonum
2931 3734 3213 3789 sententia
3244 3738 3352 3792 erit
3385 3742 3583 3811 exqui-

1884 3809 2042 3858 ratur
2075 3821 2089 3859 :
2121 3811 2185 3859 ut
2211 3806 2259 3858 si
2285 3807 2521 3876 indigna
2543 3810 2615 3864 ad
2656 3818 3037 3872 accusandum
3082 3836 3327 3890 persona
3363 3806 3583 3883 inveni-

1883 3894 1997 3957 tur,
2034 3892 2103 3945 ad
2136 3894 2256 3961 ejus
2286 3896 2705 3953 accusationem
2741 3919 2857 3958 non
2882 3906 3195 3975 judicetur.

1884 3997 2011 4051 CAP.
2046 3997 2133 4051 VI.
2167 4028 2235 4037 —
2269 4000 2336 4054 Ut
2364 4001 2546 4056 nullus
2569 4002 2910 4130 describatur
2937 4026 3085 4080 reus,
3103 4018 3434 4086 priusquam
3460 4037 3583 4076 con-

2588 4090 2748 4130 vznca
2778 4095 2863 4130 ur.

2588 4090 2863 4134 vincatur.

1952 4157 2065 4225 (Eae
2091 4157 2233 4213 decr.
2287 4159 2535 4214 Adriani
2576 4179 2757 4234 papa,
2790 4172 2968 4239 capite
3004 4171 3281 4243 2.).ludex
3310 4177 3581 4235 crimino-

1880 4261 2005 4299 sum
2033 4246 2363 4315 discutiens,
2397 4266 2514 4303 non
2544 4257 2676 4307 ante
2706 4258 3047 4313 sententiam
3104 4264 3357 4332 proferat
3402 4267 3579 4323 ﬁniti-

1878 4348 2006 4386 vam
2041 4349 2213 4403 quam
2240 4339 2340 4388 aut
2366 4352 2497 4391 reus
2522 4338 2643 4409 ipse
2685 4344 3049 4413 confiteatur,
3115 4355 3213 4404 aut
3255 4368 3362 4422 per
3408 4358 3579 4410 testes

1877 4420 2114 4475 idoneos
2140 4424 2527 4480 convincatur.

1878 4507 2006 4562 CAP.
2043 4510 2154 4563 Vll.
2188 4540 2256 4549 —
2290 4514 2355 4566 Ut
2378 4515 2687 4584 presbyteri
2714 4534 2836 4600 suos
2878 4526 3241 4600 parochianos
3271 4530 3330 4583 in
3371 4534 3575 4600 synodo

2460 4601 2712 4641 accusare
2741 4591 2988 4648 debeant.

1948 4666 2055 4732 (Ea:
2085 4669 2304 4723 concilio
2332 4672 2593 4742 Mogunt,
2646 4680 2823 4745 capite
2852 4681 2927 4750 6.)
2980 4682 3042 4735 In
3085 4691 3281 4741 saneto
3331 4691 3570 4745 concilio

1876 4752 2166 4809 decretum
2198 4762 2301 4822 est,
2342 4763 2408 4811 ut
2453 4762 2772 4832 presbyteri
2820 4784 2954 4823 suos
3000 4770 3359 4841 plebesanos,
3393 4781 3448 4830 et
3478 4795 3569 4833 ac-

1876 4858 2095 4910 cusare,
2127 4849 2184 4899 et
2212 4845 2602 4901 testimoniare
2649 4853 2891 4919 possint.
2944 4856 3001 4911 Si
3056 4867 3248 4917 autem
3295 4866 3561 4936 neglexe-

1871 4930 2007 4999 rint,
2036 4932 2125 4986 sui
2155 4934 2366 5003 gradus
2387 4936 2640 5004 periculo
2669 4940 3067 5010 subjacebunt.

1871 5035 2000 5091 CAP.
2064 5037 2207 5091 Vlll.
2252 5041 2347 5125 Pen,
2385 5040 2506 5125 illis.
2554 5044 2650 5125 qui
2702 5049 3179 5125 convictifuerint
3233 5057 3443 5125 aliquos
3493 5059 3568 5114 ad

2242 5110 2447 5174 falsum
2489 5115 2849 5170 testimonium
2869 5110 3186 5176 attrawisse.

1940 5194 2046 5262 (Em
2074 5197 2296 5251 concilio
2350 5202 2698 5267 Aquisgran.
2736 5217 2858 5272 cap.
2910 5206 2986 5276 9.)
3034 5207 3092 5261 Si
3123 5211 3251 5279 quis
3276 5215 3564 5272 convictus

1867 5282 2043 5338 fuerit
2070 5284 2295 5355 aliquos
2325 5287 2396 5340 ad
2428 5287 2634 5342 falsum
2667 5291 3082 5360 testimonium,
3117 5300 3201 5350 vel
3244 5303 3561 5371 perjurium

1869 5371 2183 5438 attraxisse,
2234 5377 2333 5427 aut
2361 5390 2463 5445 per
2517 5392 2921 5450 quamcunque
2968 5385 3396 5453 corruptionem
3427 5394 3560 5447 soli-

1867 5460 2087 5528 citasse,
2124 5460 2243 5532 ipse
2300 5462 2532 5533 quidem
2567 5480 2749 5537 usque
2795 5468 2867 5521 ad
2900 5469 3110 5523 exitum
3146 5488 3261 5527 non
3292 5491 3557 5533 commu-

1865 5547 2035 5603 nicet.
