4010 6192
345 316 443 369 911

490 436 621 492 CAP.
649 433 732 488 1X.
775 459 844 470 —
875 429 942 484 Ut
975 439 1058 480 res
1080 423 1249 494 ﬁnita
1270 417 1534 485 refricari
1557 427 1664 466 non
1684 410 1893 464 debeat.

421 527 531 597 (Ea:
574 522 799 578 concilio
847 481 1131 584 lifogunti.,
1183 481 1377 578 capite.
1411 505 1490 574 7.)
1517 504 1593 556 De
1649 499 1738 554 his
1788 481 2041 551 crimini-

351 616 460 670 bus
518 615 588 668 de
645 609 855 680 quibus
920 602 1214 657 absolutus
1269 600 1355 650 est
1415 594 1733 656 accusatus,
1793 580 2046 639 refricari

352 701 635 758 accusatio
667 712 786 751 non
817 697 1023 764 potest.

356 810 486 866 CAP.
504 809 563 862 X.
584 833 652 844 ——
677 806 752 856 De
766 802 877 854 illis
899 798 995 866 qui
1005 794 1164 848 asuis
1176 787 1460 861 judicibus
1469 783 1796 855 pulsatinon
1815 778 2042 846 fuerint.

427 899 536 963 (Ere
565 892 710 945 decr.
757 885 980 943 Eusebii
1005 895 1183 952 papz,
1235 878 1414 946 capite
1442 874 1558 944 20.)
1603 871 1866 926 Pulsatus
1915 870 2048 920 ante

358 999 526 1039 suum
549 979 802 1051 judicem
833 987 1059 1027 causam
1093 969 1263 1033 dicat,
1297 971 1350 1018 et
1373 979 1491 1017 non
1543 964 1675 1014 ante
1703 971 1868 1011 suum
1890 953 2050 1025 judi-

359 1084 479 1123 cem
512 1043 790 1136 pulsatus,
821 1058 867 1111 si
894 1053 1142 1108 voluerit
1187 1053 1371 1104 taceat
1402 1064 1415 1102 :
1450 1051 1506 1100 et
1539 1049 1604 1099 ut
1631 1043 1876 1114 pulsato,
1905 1053 2050 1109 quo-

359 1157 467 1211 ties
498 1146 885 1222 appellaverit,
921 1141 1167 1198 induciae
1198 1139 1425 1192 dentur.

361 1245 489 1299 CAP.
639 1267 706 1280 —
739 1239 805 1292 Ut
827 1235 1008 1289 nullus
1048 1231 1276 1294 infamis
1324 1226 1639 1292 religiosum
1676 1216 2053 1276 Christianum

973 1315 1225 1356 accusare
1247 1299 1439 1367 possit.

435 1402 545 1473 (Ea:
575 1399 746 1454 decre.
779 1396 970 1452 Felicis
997 1406 1176 1462 papae,
1199 1388 1374 1456 capite
1403 1383 1474 1453 7.)
1500 1379 1655 1436 Nulli
1671 1374 1870 1432 infami
1896 1378 1953 1427 et
1973 1387 2055 1426 sa-

364 1463 575 1560 crilego
605 1489 673 1542 de
691 1497 1032 1556 quocunque
1053 1475 1284 1547 negotio
1298 1474 1465 1526 liceat
1490 1467 1836 1540 quandoque
1854 1463 2054 1517 adver-

364 1596 460 1632 sus
491 1576 823 1645 religiosum
845 1568 1252 1629 Christianum,
1295 1559 1556 1631 quamvis
1587 1554 1840 1619 humilis,
1876 1547 2058 1603 servi-

366 1668 551 1736 lisque
585 1677 830 1733 persona
863 1657 955 1722 sit,
989 1649 1383 1708 testimonium
1415 1647 1604 1700 dicere
1639 1659 1652 1696 :
1686 1656 1791 1695 nec
1820 1639 1888 1693 de
1917 1652 2057 1708 qua-
2097 1692 2135 1745 Β

368 1755 509 1810 libet
538 1768 616 1818 re,
640 1749 884 1812 actione,
931 1739 1305 1811 inscriptione
1337 1734 1724 1791 Christianum
1763 1729 2061 1796 impetere.

374 1861 503 1916 CAP.
530 1859 642 1912 XII.
667 1883 735 1896 —
766 1855 846 1906 De
873 1851 1016 1917 falso
1047 1841 1372 1968 testeé'quod
1399 1854 1503 1894 non
1549 1836 1736 1891 debeat
1765 1832 2066 1903 impunitus

1137 1933 1171 1968 a
1209 1931 1307 1967 ire.

1137 1931 1307 1969 amre.

446 2019 554 2086 (Eae
584 2015 746 2070 dictis
782 2006 1069 2076 Augusti.)
1122 2005 1316 2058 Falsus
1364 1997 1547 2064 testis,
1596 1993 1733 2048 dicit
1777 1991 2068 2056 Salomon,

378 2123 494 2160 non
526 2104 633 2158 erit
669 2098 1006 2169 impunitus.
1040 2092 1147 2156 Qui
1195 2091 1400 2144 falsum
1431 2081 1823 2140 testimonium
1855 2077 2072 2148 profert

377 2199 576 2249 contra
630 2190 954 2260 proximum
1003 2197 1192 2245 suum,
1242 2177 1611 2245 extinguetur
1657 2172 1889 2224 lucerna
1946 2165 2072 2235 ejus

378 2284 438 2337 in
467 2281 560 2336 die
591 2254 815 2332 ultimo.
841 2274 948 2339 Qui
979 2278 1134 2325 metu
1172 2265 1475 2337 cujuslibet
1522 2256 1822 2332 potestatis
1860 2254 2071 2308 verita-

380 2377 496 2426 tem
557 2368 818 2430 occultat,
875 2363 1020 2416 iram
1077 2357 1175 2412 Dei
1224 2369 1398 2423 super
1449 2367 1507 2405 se
1563 2347 1874 2419 provocat:
1939 2339 2076 2412 quia

383 2458 565 2530 magis
629 2456 792 2509 timet
859 2449 1154 2506 hominem
1228 2458 1403 2515 quam
1497 2440 1698 2493 Deum.
1769 2429 2076 2488 Falsidicus

381 2548 542 2602 testis
589 2544 772 2598 tribus
820 2536 1081 2612 personis
1137 2538 1224 2588 est
1267 2527 1567 2585 obnoxius.
1631 2522 1890 2578 Primum
1937 2520 2075 2583 Deo,

384 2636 546 2705 cujus
589 2609 954 2704 praesentiam
1000 2621 1335 2678 contemnit.
1393 2614 1610 2672 Deinde
1653 2609 1852 2682 judici,
1905 2621 2076 2678 quem

387 2695 718 2778 mentiendo
766 2717 946 2781 fallit;
998 2717 1287 2783 postremo
1352 2701 1670 2766 innocenti,
1721 2712 1890 2768 quem
1936 2695 2078 2749 falso

386 2808 713 2867 testimonio
766 2804 940 2860 laedit.
998 2800 1055 2855 Si
1109 2797 1238 2852 falsi
1293 2797 1465 2848 testes
1523 2791 1886 2859 separantur,
1946 2796 2078 2836 mox

1429 282 1830 346 BURCHABDI
1868 274 2405 336 WOBMACIENSIS
2443 267 2774 326 EPISCOPI.

3759 253 3875 303 912

2067 405 2114 457 Α
2150 397 2499 455 testimonia.
2523 397 2590 449 Et
2618 393 2750 447 ideo
2799 386 3065 443 similiter
3090 383 3260 440 debet
3309 378 3618 452 paenitere,
3670 379 3732 429 et
3765 390 3876 428 ex-

2153 483 2566 543 communicari
2622 481 2797 536 falsus
2845 475 3021 541 testis,
3075 473 3221 527 sicut
3269 470 3515 534 adulter,
3550 471 3614 520 et
3655 464 3778 529 fur,
3818 468 3878 515 et

2154 574 2462 632 homicida.

2112 697 2117 701 -
2156 667 2287 722 CAP.
2321 663 2482 720 XVII.
2504 690 2572 700 ——
2600 660 2666 714 Ut
2689 657 2825 724 falsi
2845 658 2997 707 testes
3020 668 3054 724 α
3074 649 3437 724 communione
3459 645 3579 699 nisi
3593 643 3880 711 paenitue-

2680 719 2794 782 rint
2825 728 2935 779 sint
2964 719 3331 779 submovendi.

2229 824 2349 892 (Ea:
2394 820 2619 875 concilio
2669 814 2979 879 Aureliam,
3032 812 3209 878 capite
3250 810 3326 877 5.)
3379 804 3585 860 Falsos
3632 804 3820 853 testes
3853 814 3885 850 a

2158 909 2563 968 communione
2593 901 2973 960 ecclesiastica
3021 895 3464 951 submovendas:
3525 889 3652 945 nisi
3685 887 3886 958 paeni-

2159 1001 2356 1057 tentiae
2384 994 2770 1052 satisfactione
2799 988 3041 1043 crimina
3070 985 3315 1040 admissa
3346 979 3654 1037 diluerint.

2163 1091 2290 1144 CAP.
2322 1085 2506 1142 XVIII.
2535 1113 2599 1122 —
2615 1083 2681 1136 Ut
2692 1080 2868 1148 falsus
2884 1077 3032 1130 testis
3051 1077 3210 1142 prout
3229 1074 3432 1127 crimen
3453 1071 3535 1122 est
3550 1064 3712 1136 quod
3723 1079 3887 1133 oppo-

2800 1151 2912 1203 suit
2939 1147 3222 1216 puniatur.

2237 1249 2345 1314 (Εω
2393 1243 2612 1298 concilio
2651 1238 2982 1299 Elibertan.,
3038 1233 3219 1300 capite
3298 1227 3407 1297 I0.)
3454 1226 3669 1280 Falsus
3729 1219 3884 1275 testis

2164 1308 2341 1406 prout
2369 1332 2583 1386 crimen
2619 1332 2704 1380 est
2748 1321 3148 1377 abstinebitur.
3206 1316 3262 1370 Si
3292 1322 3493 1371 tamen
3549 1327 3679 1366 non
3718 1308 3885 1363 fuerit

2167 1397 2371 1478 mortis
2404 1418 2556 1490 quod
2587 1414 2813 1482 objecit,
2862 1414 2916 1463 et
2960 1405 3286 1479 probaverit
3329 1403 3491 1474 quod
3546 1401 3654 1454 diu
3688 1397 3882 1456 tacuit,

2168 1509 2388 1567 biennii
2419 1515 2677 1576 tempore
2713 1497 3106 1555 abstinebitur.
3123 1494 3180 1548 Si
3201 1500 3394 1546 autem
3414 1506 3538 1544 non
3553 1485 3890 1559 probaverit

2169 1601 2227 1655 in
2281 1601 2565 1653 conventu
2603 1591 2960 1652 clericorum,
3011 1584 3226 1656 placuit
3253 1597 3356 1652 per
3407 1574 3887 1651 quinquennium

2175 1685 2463 1744 abstineri.

2244 1780 2375 1834 CAP.
2409 1773 2539 1830 XIX.
2570 1800 2642 1810 —
2674 1771 2742 1822 De
2763 1766 3029 1838 ingenuis,
3053 1765 3104 1817 si
3123 1763 3182 1815 in
3211 1755 3417 1826 synodo
3457 1757 3822 1808 accusantur.

2247 1866 2357 1930 (Ea:
2388 1861 2610 1916 concilio
2661 1837 2928 1918 Triburi.,
2973 1851 3150 1920 capite
3184 1846 3292 1916 10.)
3341 1843 3566 1898 Nobilis
3597 1841 3780 1894 homo
3809 1837 3888 1888 vel

2177 1953 2486 2022 ingenuus,
2539 1946 2587 2000 si
2632 1945 2692 1998 in
2736 1941 2954 2014 synodo
3000 1940 3316 1999 accusatur,
3345 1938 3403 1986 et
3457 1929 3814 2000 negaverit:
3845 1926 3889 1978 si

2179 2057 2312 2096 eum
2345 2038 2576 2094 ﬁdelem
2615 2049 2734 2087 esse
2767 2031 2970 2096 sciunt,
3004 2043 3133 2081 cum
3173 2021 3487 2079 duodecim
3517 2017 3798 2088 ingenuis
3834 2031 3888 2067 se

2179 2131 2480 2199 expurget.
2508 2123 2567 2178 Si
2597 2125 2765 2174 antea
2805 2117 3193 2188 deprehensus
3245 2110 3428 2165 fuerit
3481 2108 3548 2161 in
3591 2108 3769 2170 furto,
3800 2111 3890 2156 aut

2179 2212 2458 2286 perjurio,
2487 2211 2585 2262 aut
2631 2207 2769 2261 falso
2815 2202 3162 2269 testimonio,
3213 2198 3285 2252 ad
3335 2196 3750 2267 juramentum
3779 2205 3889 2243 non

2183 2279 2539 2363 admittatur,
2563 2295 2661 2350 sed
2691 2294 2835 2348 sicut
2867 2292 2964 2363 qui
3020 2292 3306 2360 ingenuus
3355 2301 3480 2338 non
3507 2287 3619 2341 est,
3652 2279 3892 2335 ferventi

2183 2405 2352 2461 aqua,
2385 2391 2485 2440 aut
2513 2381 2777 2439 candenti
2802 2381 2953 2435 ferro
2985 2395 3043 2432 se
3069 2379 3362 2448 expurget.

2185 2496 2313 2550 CAP.
2347 2492 2449 2547 XX.
2482 2519 2550 2531 —
2586 2490 2653 2542 Ut
2683 2491 2837 2541 testes
2863 2483 2937 2538 ad
2977 2482 3340 2536 testimonium
3369 2493 3480 2550 non
3527 2476 3893 2550 recipiantur,

2435 2576 2566 2631 quos
2593 2561 2874 2613 accusator
2903 2572 2936 2608 a
2963 2555 3116 2608 domo
3142 2567 3244 2606 sua
3277 2548 3642 2619 produxerit.

2259 2655 2365 2723 (Εω
2403 2651 2582 2706 eodem
2619 2649 2798 2716 capite
2836 2645 2914 2714 5.)
2956 2644 3145 2697 Testes
3196 2639 3266 2692 ad
3331 2634 3751 2690 testimonium
3791 2645 3900 2684 non

2190 2719 2572 2796 admittendos
2600 2733 2701 2805 qui
2745 2747 2850 2786 nec
2887 2730 2956 2784 ad
2999 2725 3423 2781 accusationem
3476 2719 3714 2774 admitti
3759 2732 3899 2787 pre-

2189 2827 2339 2899 cepti
2392 2830 2544 2891 sunt,
2599 2821 2689 2875 vel
2737 2835 2882 2890 quos
2930 2817 3050 2887 ipse
3099 2817 3396 2868 accusator
3435 2809 3508 2862 de
3561 2808 3745 2861 domo
3803 2819 3901 2855 sua

2193 2895 2546 2989 produxerit.
2597 2910 2684 2964 Ad
2739 2903 3130 2961 testimonium
3185 2905 3379 2953 autem
3429 2895 3583 2950 infra
3619 2898 3900 2964 quatuor-

388 2990 617 3044 Γίίδίθω
666 2983 934 3046 occuuat’
981 2982 1037 3031 et
1083 2973 1183 3046 qni
1235 2962 1784 3060 mendacmm-difﬁ.t
1815 2976 1829 3015 :
1863 2958 2000 3060 quia
2027 2960 2082 3010 et
2121 2971 2160 3023 Ο
2193 2958 3048 3060 decim-tetatis-annos,inultus
3077 2988 3434 3044 admittatur.

388 3078 486 3133 ille
515 3073 787 3146 prodesse
815 3083 929 3122 non
961 3065 1102 3129 vult,
1140 3067 1198 3116 et
1225 3061 1329 3114 iste
1361 3070 1562 3112 nocere
1604 3051 1910 3107 desiderat.
1941 3047 2082 3100 Bea-

391 3172 482 3220 tus
512 3135 673 3232 cujus
729 3153 1125 3212 testimonium
1172 3149 1233 3203 in
1285 3147 1592 3215 conspectu
1639 3139 1756 3204 Dei,
1788 3135 2086 3210 probabile

393 3251 737 3306 invenietur.

617 3337 745 3390 CAP.
779 3331 918 3386 XIII.
943 3359 1012 3369 -—
1045 3329 1113 3383 Ut
1137 3339 1286 3380 nemo
1307 3321 1496 3376 absens
1520 3315 1871 3386 dijudicetur.

464 3427 573 3499 (Ea:
629 3425 789 3493 epist.
851 3419 1092 3488 Zepheri
1144 3427 1304 3484 papa
1379 3407 1755 3463 Siciliensibus
1822 3401 2090 3472 episcopis

395 3514 611 3581 missa.)
641 3513 818 3567 Nemo
846 3507 1051 3562 absens
1073 3502 1364 3575 judicetur
1397 3513 1411 3555 :
1447 3495 1580 3568 quia
1610 3495 1880 3548 humanae
1913 3495 1969 3542 et
1999 3489 2090 3543 di-

397 3604 545 3658 vina:
583 3603 691 3656 hoc
736 3595 1046 3670 prohibent
1087 3592 1264 3660 leges.
1317 3587 1550 3642 Nullum
1584 3595 1835 3650 namque
1869 3593 2091 3644 eorum,

397 3693 457 3748 id
489 3696 594 3758 est,
627 3692 1024 3743 accusatorum
1055 3677 1340 3734 sententia
1361 3691 1478 3729 non
1506 3690 1540 3726 a
1587 3687 1690 3726 suo
1710 3668 1905 3740 judice
1945 3667 2096 3720 dicta

397 3755 749 3848 constringat
783 3790 795 3829 :
832 3771 968 3844 quia
1000 3774 1058 3824 et
1087 3766 1265 3822 seculi
1295 3765 1449 3834 leges
1475 3760 1535 3814 id
1560 3759 1748 3831 ipsum
1777 3755 1906 3810 ﬁeri
1945 3770 2095 3826 prae-

398 3870 641 3941 cipiunt.

841 3950 968 4003 CAP.
998 3945 1132 4002 XIV.
1167 3972 1236 3983 —-
1260 3942 1340 3995 De
1365 3938 1549 3994 eadem
1577 3951 1656 3992 re.

473 4049 581 4114 (Ea:
620 4043 766 4098 decr.
802 4037 1049 4094 Adriani
1077 4046 1256 4104 papae,
1279 4031 1456 4098 capite
1493 4025 1570 4098 4.)
1601 4026 1848 4081 Caveant
1879 4020 2097 4093 judices

403 4134 683 4200 Ecclesiae,
719 4147 788 4184 ne
823 4128 1059 4180 absente
1098 4138 1165 4176 eo
1210 4119 1372 4188 cujus
1417 4131 1588 4170 causa
1624 4113 1936 4167 ventilatur
1965 4125 2096 4164 sen-

2195 3093 2326 3149 CAP.
2360 3091 2498 3146 XXI.
2535 3117 2602 3127 -
2633 3088 2700 3140 Ut
2730 3083 2912 3137 nullus
2955 3081 3177 3135 clericus
3209 3076 3284 3129 ad
3309 3074 3555 3149 judicent
3605 3071 3901 3125 secularem

2515 3159 2689 3214 alium
2708 3156 2959 3209 clericum
2981 3163 3234 3204 accusare
3249 3148 3573 3216 praesumat.

2269 3252 2374 3316 (Em
2398 3247 2621 3303 concilio
2663 3241 2970 3304 Mariscen.,
3008 3239 3184 3306 capite
3211 3235 3286 3301 8.)
3328 3234 3401 3287 Ut
3425 3231 3623 3285 nullus
3659 3228 3903 3282 clericus

2197 3340 2270 3395 ad
2285 3338 2540 3410 judicem
2572 3333 2887 3388 secularem
2937 3327 3115 3381 alium
3155 3321 3428 3378 clericum
3461 3333 3756 3381 accusare,
3806 3321 3904 3368 aut

2199 3429 2268 3484 ad
2289 3441 2520 3482 causam
2547 3420 2848 3478 dicendum
2899 3417 3127 3471 trahere
3171 3426 3518 3482 quocunque
3558 3407 3734 3461 modo
3764 3421 3906 3476 prae-

2201 3521 2393 3571 sumat
2425 3531 2438 3569 :
2472 3512 2567 3566 sed
2599 3524 2769 3564 omne
2819 3505 3119 3575 negotium
3157 3499 3521 3562 clericorum,
3574 3501 3677 3548 aut
3703 3495 3762 3548 in
3791 3492 3907 3562 epi-

2203 3603 2361 3674 scopi
2399 3600 2508 3666 sui,
2542 3603 2640 3653 aut
2662 3595 3130 3667 presbyterorum
3157 3603 3284 3641 cum
3317 3582 3710 3640 archidiaconi
3755 3597 3903 3650 prae-

2203 3690 2388 3747 sentia
2416 3688 2666 3744 ﬁniatur.
2697 3683 2859 3747 Quod
2899 3680 2946 3734 si
2995 3678 3352 3749 quiscunque
3385 3672 3626 3726 clericus
3657 3670 3770 3723 hoc
3797 3671 3905 3721 im-

2203 3782 2360 3853 plere
2399 3775 2706 3841 distulerit,
2757 3773 2804 3826 si
2854 3770 3054 3841 junior
3097 3765 3290 3832 fuerit,
3335 3778 3456 3817 una
3511 3761 3706 3814 minus
3725 3758 3794 3813 de
3827 3757 3907 3812 XL

2204 3870 2352 3925 ictus
2397 3865 2655 3935 accipiat.
2704 3862 2762 3918 Si
2810 3875 2944 3914 vero
2993 3853 3351 3920 honoratior,
3399 3851 3640 3921 triginta
3677 3847 3902 3902 dierum

2205 3955 2571 4014 conclusione
2602 3951 2899 4007 multetur.

2208 4048 2338 4104 CAP.
2370 4045 2529 4100 XXII.
2563 4072 2620 4082 —
2661 4042 2726 4095 Ut
2775 4035 2959 4092 nullus
2983 4033 3156 4103 judea:
3176 4029 3438 4085 secularis
3483 4027 3725 4104 aliquem
3752 4024 3909 4078 eccle~

2544 4112 2886 4168 siasticorum
2915 4102 3240 4170 distringere
3264 4102 3586 4169 presumat.

401 4222 640 4278 tentiam
674 4217 970 4290 proferant
1001 4227 1014 4265 :
1049 4209 1185 4299 quia
1226 4205 1390 4259 irrita
1438 4202 1569 4268 erit,
1611 4201 1729 4256 imo
1763 4204 1821 4253 et
1868 4211 2098 4251 causam
2137 4246 2181 4299 Β
2281 4205 2392 4272 (Ea:
2429 4201 2652 4256 concilio
2679 4196 3000 4258 Parisiensi,
3032 4192 3206 4260 capite
3255 4186 3368 4255 10.)
3396 4186 3468 4239 Ut
3519 4182 3716 4238 nullus
3755 4182 3909 4253 judi-

2823 4283 2836 4299 ι
3167 4290 3354 4299 _--.--
3418 4273 3724 4299 λεηλη...
3815 4275 3908 4299 η...

402 4314 465 4368 in
494 4308 710 4382 synodo
736 4320 840 4376 pro
865 4301 1010 4355 facto
1044 4297 1280 4352 dabunt.

404 4372 540 4455 CAP:
566 4396 676 4450 XV.
728 4372 799 4431 ζ-
847 4391 913 4446 Ut
948 4399 1098 4441 nemo
1151 4382 1314 4507 stimtul
1359 4382 1433 4436 sit
1477 4381 1779 4442 accusator,
1824 4372 2001 4443 judex
2050 4374 2102 4425 et

1191 4467 1338 4507 esis.

1191 4467 1338 4508 estis.

477 4555 595 4621 (Ea:
615 4553 773 4621 epist.
807 4544 1081 4604 Alemand.
1119 4556 1299 4612 papae,
1356 4539 1531 4608 capite
1577 4537 1658 4605 7.)
1707 4535 1883 4588 Nemo
1928 4529 2101 4584 simul

405 4646 478 4701 sit
502 4645 814 4705 accusator,
843 4635 1000 4691 testis
1031 4649 1094 4689 ac
1118 4631 1315 4702 judex,
1349 4627 1542 4682 nullus
1571 4637 1828 4693 unquam
1875 4633 2101 4689 praesu-

405 4737 526 4790 mat
545 4731 838 4786 accusator
858 4723 1029 4779 simul
1049 4736 1190 4786 esse,
1215 4723 1274 4772 et
1287 4715 1484 4788 judex,
1508 4716 1565 4766 et
1585 4710 1744 4766 testis
1775 4724 1788 4763 :
1824 4705 2102 4778 quoniam

404 4825 466 4878 in
496 4820 656 4876 omni
686 4819 807 4872 loco
853 4810 1060 4885 judicii
1109 4811 1354 4878 quatuor
1403 4816 1677 4874 personas
1733 4811 1962 4851 necesse
2018 4797 2105 4848 est

405 4924 635 4980 semper
664 4906 886 4969 adesse,
920 4901 977 4955 id
1009 4903 1112 4965 est,
1141 4894 1365 4967 judices
1392 4892 1621 4954 electos,
1649 4891 1703 4942 et
1723 4887 2102 4949 accusatores,

409 5006 579 5070 atque
599 4995 925 5051 defensores
946 4992 1004 5043 et
1023 4990 1218 5042 testes.

410 5108 536 5162 CAP.
570 5101 871 5158 XVI.-—De
883 5096 1025 5164 falso
1046 5089 1346 5146 testimonio
1377 5083 1522 5154 quod
1549 5080 1866 5152 capitalesit
1881 5079 2102 5132 crimen.

479 5193 600 5260 (Ea:
628 5188 850 5244 concilio
879 5183 1176 5251 Agathen.,
1217 5178 1395 5246 capite
1432 5171 1510 5243 8.)
1543 5167 1814 5224 Noverint
1839 5165 1967 5220 falsi
1986 5169 2108 5218 tes-

409 5254 518 5346 tes,
567 5277 724 5350 quod
769 5275 818 5328 si
860 5273 1067 5326 falsum
1139 5263 1535 5321 testimonium
1597 5256 1838 5327 capitale
1889 5254 2109 5307 crimen

411 5385 530 5426 non
560 5371 727 5432 esset,
774 5373 1143 5431 nequaquam
1176 5354 1455 5408 Dominus
1510 5348 1569 5401 in
1599 5341 1908 5414 Evangelio
1957 5340 2110 5394 inter

410 5453 756 5530 principalia
801 5429 1042 5504 crimina
1091 5444 1198 5498 hoc
1255 5439 1709 5495 annumerasset.
1759 5432 1853 5486 Ait
1903 5429 2106 5483 enim:

415 5514 493 5602 De
540 5514 709 5598 corde
757 5539 968 5592 exeunt
1026 5529 1357 5599 homicidia,
1409 5521 1713 5587 adulteria,
1756 5519 1930 5585 furta,
1971 5514 2110 5569 falsa

2212 4307 2366 4358 cum,
2429 4304 2616 4359 neque
2690 4283 3106 4356 presbyterum,
3167 4290 3358 4346 neque
3415 4273 3746 4338 diaconum,
3814 4275 3911 4323 aut

2211 4380 2479 4435 clericum
2514 4377 2718 4440 ullum,
2747 4361 2845 4426 aut
2873 4369 3132 4441 juniores
3181 4362 3463 4426 Ecclesiae,
3499 4361 3624 4415 sine
3676 4359 3909 4414 scientia

2213 4465 2523 4541 pontiﬁcis,
2555 4479 2657 4535 per
2705 4477 2764 4515 se
2812 4457 3135 4526 distringat,
3189 4456 3291 4506 aut
3344 4451 3736 4505 condemnare
3768 4462 3906 4518 prae-

2214 4536 2423 4612 sumat.
2482 4551 2647 4617 Quod
2705 4550 2754 4603 si
2804 4545 3020 4610 fecerit,
3075 4544 3147 4596 ah
3196 4539 3445 4594 Ecclesia
3499 4537 3594 4592 cui
3640 4536 3907 4606 injuriam

2215 4645 2470 4714 irrogare
2535 4635 2906 4709 dignoscitur,
2980 4637 3096 4686 tam
3150 4629 3246 4683 diu
3301 4628 3714 4697 sequestratus,
3769 4638 3908 4693 quo-

2215 4747 2400 4803 usque
2433 4733 2655 4783 reatum
2686 4739 2853 4779 suum
2883 4724 3154 4791 agnoscat
3181 4721 3237 4771 et
3260 4715 3542 4770 emendet.

2217 4800 2344 4877 CAP.
2379 4817 2566 4873 XXIII.
2589 4844 2655 4855 —
2691 4815 2756 4869 Ut
2785 4824 2961 4866 omnes
2990 4823 3164 4862 causa
3187 4821 3284 4875 per
3310 4805 3688 4858 auctoritatem
3709 4800 3909 4853 cerita-

2771 4885 2840 4936 tis
2869 4879 3196 4934 ventilanda:
3227 4879 3359 4930 sint.

2293 4980 2408 5046 (Ea:
2437 4977 2601 5032 dictis
2630 4977 2871 5042 August.
2905 4973 2964 5024 in
2994 4969 3119 5023 libr.
3151 4969 3222 5020 De
3249 4966 3474 5019 civitate
3509 4959 3658 5028 Dei.)
3705 4959 3912 5012 Omnes

2220 5084 2400 5126 causa:
2433 5064 2701 5137 primitus
2733 5078 2834 5133 per
2863 5057 3259 5114 auctoritatem
3285 5050 3542 5105 veritatis
3569 5046 3910 5102 ventilanda

2221 5162 2369 5213 sunt.
2404 5134 2620 5218 Quibus
2654 5151 2786 5214 sint,
2842 5147 3006 5216 cujus
3036 5144 3168 5206 sint,
3212 5138 3506 5212 quomodo
3541 5137 3678 5202 sint,
3720 5134 3910 5205 quales

2223 5245 2358 5310 sint,
2393 5244 2570 5296 doctae
2601 5246 2700 5292 aut
2751 5237 3016 5299 indoctae,
3068 5245 3275 5302 parvae,
3342 5243 3417 5280 an
3465 5239 3716 5295 magnai,
3769 5229 3909 5276 nota

2224 5333 2358 5401 sint,
2389 5337 2489 5384 aut
2516 5329 2748 5399 ignotas.
2787 5321 2967 5393 Longi
3006 5316 3280 5390 temporis
3320 5331 3394 5368 an
3423 5313 3607 5384 parvi,
3641 5319 3742 5365 aut
3770 5313 3908 5364 anti-

2226 5420 2326 5493 qui
2380 5418 2559 5473 hostis
2592 5411 3010 5470 consuetudine
3067 5410 3304 5477 reperta:
3355 5402 3490 5456 sint.
3543 5401 3694 5454 Hac’
3727 5397 3914 5453 omnia

2219 5489 2397 5582 judex
2423 5521 2554 5561 cum
2585 5503 2913 5576 aqualitate
2944 5497 3268 5554 discernere
3297 5489 3488 5548 debet.
