4010 6192
117 266 243 320 913
344 242 349 243 ⁷

970 268 1451 329 DECRETORUM
1492 276 1679 333 LIBRI
1717 280 1824 335 XX.
1866 309 1935 319 —
1977 282 2185 339 LIBER
2227 284 2529 341 DECIMUS
2566 286 2850 343 SEXTUS.

3545 294 3652 349 914

114 390 269 445 CAP.
303 390 483 446 XXIV.
517 420 585 430 —
632 390 937 444 neotericis
968 390 1025 443 in
1067 393 1211 456 falso
1242 398 1539 450 testimonio
1567 402 1843 453 convictis.
1886 402 1930 453 A
1964 403 2186 457 tantum
2244 403 2559 457 commodis
2610 405 2885 475 cogitant,
2940 422 3053 459 non
3111 406 3179 460 de
3237 408 3465 463 futuris.
3526 412 3651 464 Vita

194 482 319 549 (Ex
368 480 593 534 concilio
648 479 990 547 Epaonensi,
1024 486 1200 549 capite
1226 484 1341 553 76.)
1399 484 1687 539 Statutum
1739 493 1844 551 est,

108 572 182 621 ut
258 568 305 620 si
359 568 490 637 quis
550 567 790 621 clericus
836 566 898 619 in
956 566 1098 620 falso
1162 571 1494 625 testimonio
1552 576 1846 629 convictus

106 656 327 718 fuerit,
368 671 501 708 reus
534 655 765 726 capitali
805 653 1048 707 crimine
1097 665 1419 728 censeatur,
1452 666 1509 715 et
1536 662 1711 717 ofticii
1752 679 1845 717 or-

113 744 268 799 dine
300 744 679 815 degradetur.

566 835 692 887 CAP.
727 834 877 887 XXV.
912 862 979 872 —
1013 834 1091 887 De
1111 835 1413 903 iudicibus.

195 922 317 990 (Ex
364 923 531 976 dictis
562 923 621 976 S.
673 920 897 990 Isidor.)
945 921 1027 975 Ad
1075 923 1348 978 delictum
1400 926 1647 996 pertinet
1673 928 1841 998 prin-

111 1010 350 1081 cipum,
405 1011 507 1080 qui
559 1027 765 1080 pravos
806 1010 1032 1079 judices
1086 1020 1287 1065 contra
1342 1017 1696 1071 voluntatem
1741 1017 1842 1072 Dei

113 1099 363 1169 populis
408 1100 673 1153 tidelibus
722 1100 1083 1168 praeferunt:
1120 1102 1258 1154 Nam
1291 1103 1435 1157 sicut
1478 1106 1674 1173 populi
1706 1123 1840 1177 pec-

113 1195 324 1241 catum
376 1188 650 1240 delictum
682 1192 782 1254 est,
821 1188 1055 1257 quando
1088 1190 1379 1260 principes
1413 1194 1545 1246 mali
1580 1200 1729 1261 sunt,
1762 1195 1840 1248 sic

114 1275 414 1345 principis
466 1281 550 1328 est
604 1280 909 1344 peccatum,
959 1278 1195 1345 quando
1221 1280 1443 1347 judices
1490 1281 1675 1352 iniqui
1719 1282 1835 1336 exi-

117 1370 308 1417 stunt.
369 1365 557 1417 Bonus
601 1364 774 1433 judex
825 1364 972 1417 sicut
1020 1380 1225 1419 nocere
1279 1368 1494 1421 civibus
1535 1371 1729 1433 nescit,
1760 1358 1837 1424 ita

115 1452 405 1521 prodesse
457 1452 723 1503 omnibus
757 1452 931 1504 novit.
966 1451 1107 1504 Aliis
1150 1455 1304 1508 enim
1338 1461 1566 1525 praestat
1597 1473 1838 1512 censura

112 1541 391 1609 justitiae,
428 1539 556 1591 aliis
587 1539 857 1592 bonitate.
906 1539 1012 1602 Qui
1040 1541 1260 1609 judicia
1291 1543 1416 1597 sine
1456 1560 1834 1613 personarum

1957 490 2112 543 enim
2159 491 2261 544 ista
2304 508 2603 563 vesperum
2650 493 2840 547 futura
2870 510 3003 547 vero
3035 510 3199 548 mane
3252 496 3545 565 accipitur.
3586 499 3648 551 Et

1953 576 2100 632 bene
2162 579 2243 633 ait
2294 580 2455 651 quasi
2502 581 2642 649 lupi,
2703 581 2839 651 quia
2888 583 3153 650 luporum
3220 598 3377 636 more
3446 591 3647 639 cuncta

1955 667 2255 737 diripiunt,
2291 675 2345 722 et
2374 669 2463 722 vix
2492 686 2673 739 pauca
2699 670 3051 740 pauperibus
3078 670 3465 742 derelinquat.

2084 756 2209 810 Car.
2242 758 2440 811 XXVII.
2473 787 2543 797 —
2569 758 2651 812 De
2676 759 2912 812 verbosis
2928 758 3227 826 judicibus,
3262 765 3312 813 et
3338 762 3513 815 elatis.

2025 846 2139 913 (Em
2161 846 2299 898 libro
2321 846 2564 912 Ofﬁcior.
2591 850 2647 900 S.
2670 848 2889 913 Isidor.)
2921 848 3147 900 Verbosi
3172 848 3392 916 judices
3416 856 3471 902 et
3492 851 3643 917 elati,

1953 937 2017 986 ut
2034 933 2317 1002 sapientes
2339 934 2649 995 videantur,
2676 950 2790 986 non
2814 934 3122 987 discutiunt
3142 950 3361 1002 causas,
3387 938 3482 990 sed
3505 954 3651 992 asse-

1952 1026 2106 1086 runt,
2139 1021 2330 1088 sicque
2352 1022 2916 1090 conturbantjudicii
2941 1021 3221 1088 ordinem,
3247 1023 3380 1076 dum
3406 1041 3506 1077 suo
3530 1042 3644 1080 non

1950 1109 2427 1173 contentiofﬁcio,
2444 1111 2625 1163 aliena
2642 1115 3019 1179 praesumunt,
3039 1109 3268 1179 quidam
3292 1110 3648 1180 dumjudica-

1950 1196 2662 1266 reincipinntirascuntur,
2690 1199 2989 1267 ipsamque
3008 1198 3208 1267 judicii
3232 1200 3644 1255 sententiamin

1949 1284 2232 1337 insaniam
2256 1290 2507 1351 vertunt,
2531 1286 2600 1338 de
2629 1286 2836 1355 quibus
2858 1289 3008 1338 recte
3034 1302 3135 1354 per
3148 1288 3484 1356 prophetam
3510 1290 3647 1344 dici-

1947 1377 2062 1440 tur,
2108 1374 2206 1443 qui
2235 1380 2575 1427 convertunt
2618 1374 2678 1426 in
2710 1373 2957 1426 furorem
2988 1374 3289 1441 judicium.
3325 1376 3430 1439 Qui
3462 1378 3645 1431 iratus

1941 1460 2180 1529 judicat,
2212 1460 2273 1513 in
2320 1461 2570 1514 furorem
2614 1460 2893 1528 judicium
2939 1464 3138 1525 mutat,
3173 1468 3227 1514 et
3268 1469 3397 1518 ante
3432 1467 3645 1535 profert

1946 1548 2291 1601 sententiam
2323 1565 2493 1619 quam
2529 1554 2818 1618 agnoscat.
2855 1549 3033 1600 Furor
3078 1549 3137 1601 in
3163 1550 3373 1619 judice,
3411 1553 3644 1608 investi-

117 1628 464 1699 acceptione
512 1627 761 1697 suscipit.
799 1643 915 1680 non
950 1627 1207 1684 infirmat
1238 1632 1544 1701 justitiam,
1579 1635 1831 1688 avaritiae
1875 1681 1914 1735 Β
1948 1635 2235 1706 gationem
2292 1638 2412 1690 veri
2462 1652 2574 1689 non
2610 1637 2756 1688 valet
2788 1634 3063 1705 attingere
3098 1653 3111 1690 :
3146 1638 3281 1707 quia
3328 1656 3489 1694 mens
3520 1643 3646 1711 ejus

118 1719 388 1783 ﬂamma,
442 1731 547 1769 nec
579 1716 765 1769 studet
801 1716 1027 1770 auferre
1060 1718 1245 1785 alteri,
1281 1721 1431 1789 quod
1479 1722 1671 1792 cupiat
1701 1724 1829 1778 sibi.

119 1806 266 1859 Boni
310 1804 560 1875 judices,
607 1804 889 1873 justitiam
922 1806 992 1858 ad
1040 1808 1220 1861 solam
1256 1809 1630 1864 obtinendam
1681 1813 1832 1865 salu-

120 1898 244 1947 tem
280 1900 561 1946 aeternam
607 1892 947 1962 suscipiunt,
1000 1911 1103 1948 nec
1134 1912 1257 1950 eam
1295 1898 1630 1952 muneribus
1678 1916 1836 1953 acce-

121 1982 243 2051 ptis
276 1980 653 2045 distribuunt,
704 1987 765 2034 ut
793 1982 930 2035 dum
965 1983 1033 2037 de
1058 1984 1215 2053 justo
1246 1985 1465 2055 judicio
1499 1988 1837 2056 temporalia

117 2072 256 2140 jura
292 2084 407 2121 non
450 2074 748 2138 appetunt,
798 2073 1036 2139 praemio
1070 2079 1284 2127 aeterno
1330 2075 1604 2129 ditentur.
1640 2076 1836 2131 Omnis

123 2160 227 2231 qui
257 2159 414 2229 juste
454 2157 701 2229 judicat,
736 2164 1007 2214 stateram
1042 2161 1100 2216 in
1132 2178 1305 2216 manu
1338 2169 1538 2233 gestat,
1574 2164 1633 2218 in
1688 2170 1837 2218 utro-

122 2264 240 2318 que
295 2262 472 2317 penso
512 2247 795 2317 justitiam
847 2255 903 2302 et
953 2250 1407 2306 misericordiam
1456 2259 1649 2324 portat
1690 2270 1702 2307 :
1739 2255 1833 2309 sed

123 2354 233 2408 per
284 2336 559 2407 justitiam
604 2337 797 2392 reddit
842 2339 1061 2408 peccati
1093 2342 1457 2404 sententiam,
1508 2360 1613 2414 per
1658 2343 1835 2398 mise-

123 2425 697 2495 ricordiam.peccati
747 2432 1033 2497 temperat
1082 2445 1310 2498 prunam
1345 2448 1357 2484 :
1392 2436 1456 2484 ut
1486 2432 1594 2485 isto
1650 2432 1832 2487 libra-

123 2517 285 2569 mine
312 2514 570 2585 qtimdam
600 2532 705 2583 per
734 2517 1067 2583 aequitatem
1099 2520 1365 2583 corrigat,
1400 2522 1666 2590 quaedam
1700 2537 1831 2575 vero

122 2621 230 2675 per
278 2604 699 2657 miserationem
732 2605 1049 2674 indulgeat.
1085 2606 1246 2670 Quod
1283 2608 1619 2678 Deijudicia
1651 2610 1830 2663 oculis

118 2695 242 2748 suis
292 2693 591 2763 praeponit,
627 2710 856 2765 semper
890 2694 1099 2748 timens
1145 2701 1513 2763 tremensque
1563 2698 1622 2751 in
1664 2698 1827 2752 omni

122 2782 359 2852 negotio
407 2782 759 2849 reformidat,
805 2798 877 2837 ne
920 2782 990 2836 de
1019 2782 1257 2851 justitiaa
1317 2786 1544 2839 tramite
1588 2786 1826 2841 devians

120 2873 307 2936 cadat,
340 2874 395 2924 et
424 2870 572 2925 unde
604 2887 719 2924 non
753 2870 1123 2941 justiﬁcatur,
1156 2873 1289 2927 inde
1318 2874 1511 2945 potius
1554 2875 1824 2929 condem-

126 2967 312 3015 netur.
1016 3022 1025 3031 ⁸

423 3049 550 3103 CAP.
588 3049 763 3103 XXVI.
793 3078 865 3090 —
903 3052 973 3103 De
999 3052 1190 3117 pravis
1210 3050 1515 3120 judicibus.

199 3138 323 3205 (Ea:
360 3138 519 3192 dictis
568 3138 854 3204 ejusdem.)
902 3138 1199 3191 Neminem
1234 3139 1543 3192 stultorum
1586 3141 1674 3193 vel
1707 3140 1820 3193 im-

129 3226 438 3295 proborum
488 3233 748 3296 oportere
790 3226 1038 3295 judicem
1099 3242 1237 3280 esse.
1270 3228 1413 3281 Nam
1456 3229 1665 3281 stultus
1723 3244 1826 3299 per

127 3313 414 3383 ignaviam
434 3314 660 3385 ignorat
682 3314 985 3383 justitiam,
1008 3314 1305 3384 improbus
1326 3332 1431 3385 per
1452 3317 1827 3385 cupiditatem

130 3404 447 3472 corrumpit
494 3404 678 3473 ipsam
711 3419 884 3475 quam
935 3402 1073 3456 dicit
1103 3404 1425 3459 veritatem.
1477 3406 1713 3459 Gravius
1741 3405 1826 3458 la-

128 3496 396 3546 cerantur
420 3508 701 3561 pauperes
727 3508 757 3545 a
789 3491 981 3562 pravis
1006 3491 1320 3561 judicibus,
1357 3510 1531 3564 quam
1561 3511 1593 3547 a
1618 3509 1831 3547 cruen-

128 3580 369 3634 tissimis
416 3580 697 3635 hostibus.
749 3580 951 3634 Nullus
1004 3580 1157 3634 enim
1188 3582 1386 3652 prmdo
1440 3586 1559 3636 tam
1591 3582 1833 3652 cupidus

130 3670 190 3723 in
232 3669 454 3731 alienis,
488 3685 661 3739 quam
704 3669 879 3740 judex
929 3669 1165 3739 iniquus
1195 3671 1252 3724 in
1285 3670 1419 3724 suis.
1455 3671 1727 3725 Latrones
1775 3670 1833 3725 in

127 3758 370 3811 accessis
416 3758 673 3811 faucibus
706 3773 769 3811 ac
814 3758 1115 3811 latebrosis
1140 3759 1395 3828 jacentes
1443 3759 1683 3812 insidias
1726 3775 1835 3829 po-

128 3850 281 3899 nunt
313 3862 326 3899 :
362 3845 455 3898 isti
488 3846 673 3915 palam
711 3844 1040 3916 rapacitatis
1070 3846 1305 3900 avaritia
1334 3846 1593 3900 smviunt.
1635 3848 1834 3901 Hostes

131 3934 193 3987 in
251 3933 497 3986 aliorum
554 3932 897 4002 sanguinem
939 3936 1167 3988 tantum
1217 3934 1528 3989 intendunt
1570 3933 1832 4003 :judices

130 4022 297 4091 quasi
363 4021 743 4074 crudelissimi
809 4021 1104 4076 carniﬁces
1160 4022 1401 4089 civium,
1462 4023 1832 4093 oppressione

128 4126 233 4163 sua
290 4110 677 4179 subjectorum
719 4109 897 4164 vitam
951 4111 1311 4181 extinguunt.
1359 4112 1467 4176 Qui
1522 4111 1677 4164 enim
1731 4112 1828 4166 dc-

128 4202 359 4251 struant
410 4197 577 4251 multi
626 4203 758 4251 sunt
797 4215 810 4252 :
847 4200 961 4252 rari
1007 4206 1137 4254 sunt
1177 4201 1273 4270 qui
1330 4202 1572 4271 populos
1635 4200 1828 4269 legum

131 4286 525 4339 moderamine
557 4290 775 4355 regant.
806 4288 1150 4358 Plerumque
1182 4293 1237 4342 et
1261 4289 1395 4342 boni
1420 4289 1644 4358 judices
1671 4295 1824 4356 sunt,

128 4374 230 4427 sed
279 4373 573 4427 ministros
620 4389 850 4445 rapaces
899 4375 1129 4441 habent,
1164 4377 1369 4430 horum
1402 4377 1611 4444 ﬁgura,
1663 4382 1726 4431 ut
1754 4379 1831 4433 ait

127 4462 391 4532 quidam,
426 4466 702 4533 tanquam
750 4464 908 4517 scilla
937 4464 1217 4535 pingitur,
1265 4470 1433 4536 atque
1465 4466 1826 4522 describitur.

121 4554 258 4621 Ipsa
305 4550 539 4621 quidem
591 4552 843 4607 humana
891 4553 1097 4624 specie,
1140 4555 1235 4609 sed
1284 4554 1566 4625 capitibus
1612 4555 1829 4609 caninis

123 4638 382 4693 accincta
435 4644 490 4692 et
537 4639 911 4695 circumdata.
956 4641 1078 4696 Non
1127 4644 1293 4697 aliter
1322 4642 1665 4714 quibusdam
1721 4659 1829 4713 po-

122 4726 434 4780 testatibus
464 4728 689 4795 accidit,
721 4734 787 4783 ut
828 4730 1085 4801 ipsorum
1117 4732 1535 4786 humanitatem
1567 4731 1830 4786 immani-

121 4822 217 4869 tas
276 4814 611 4885 iniquorum
669 4818 956 4873 sociorum
1016 4822 1337 4889 perturbet.
1397 4821 1556 4889 Smpe
1605 4819 1827 4889 judices

126 4903 309 4974 pravi,
339 4905 667 4975 cupiditatis
694 4922 881 4973 causa,
918 4914 1014 4962 aut
1042 4909 1334 4975 differunt,
1367 4914 1465 4964 aut
1493 4913 1831 4979 pervertunt

116 4992 364 5061 judicia,
404 5009 507 5047 nec
557 4994 766 5049 finiunt
811 5001 996 5066 empta
1040 4999 1287 5067 partium
1334 4999 1584 5069 negotia,
1619 5014 1830 5068 quous-

124 5096 243 5151 que
309 5082 598 5152 marsupia
667 5100 866 5138 eorum
935 5085 1034 5155 qui
1102 5095 1406 5141 causantur
1472 5086 1823 5142 exhauriant.

123 5169 371 5233 Quando
404 5171 559 5225 enim
587 5172 867 5241 judicaut,
900 5190 1014 5227 non
1058 5190 1254 5229 causas
1280 5175 1377 5229 sed
1418 5175 1565 5229 dona
1600 5175 1828 5229 deside-

125 5263 281 5323 rant,
334 5263 391 5311 et
434 5258 582 5313 sicut
630 5262 988 5330 negligentes
1020 5268 1151 5315 sunt
1207 5264 1264 5315 in
1300 5263 1649 5316 discussione
1690 5279 1829 5316 cau-

123 5346 405 5412 santium,
439 5347 519 5400 sic
551 5348 611 5401 in
663 5364 863 5403 eorum
892 5351 1101 5404 damno
1131 5350 1359 5403 solliciti
1408 5355 1553 5403 sunt.
1604 5350 1829 5403 Judices

126 5435 327 5506 pravi,
378 5436 545 5506 juxta
608 5439 906 5508 Propheta:
945 5455 1158 5503 vocem,
1224 5438 1388 5509 quasi
1426 5438 1545 5509 lupi
1594 5454 1828 5508 vespere

130 5538 253 5577 ron
286 5522 621 5595 relinquunt
665 5523 723 5578 in
758 5542 947 5593 mane,
992 5527 1103 5581 hoc
1127 5531 1233 5593 est,
1267 5526 1337 5581 de
1369 5525 1666 5596 presentis
1697 5526 1829 5580 vitae

1948 1724 2177 1778 turbata
2228 1725 2440 1792 furore,
2494 1723 2562 1777 ab
2613 1723 3022 1777 inscrutatione
3061 1725 3341 1780 alienatur
3380 1728 3640 1798 justitiaa.

1949 1812 2260 1868 Iracundus
2310 1814 2482 1883 judex
2507 1810 2712 1881 judicii
2758 1826 2993 1865 examen
3026 1814 3193 1882 plene
3243 1816 3499 1869 contueri
3530 1834 3647 1872 non

1947 1901 2141 1955 valet:
2178 1900 2313 1971 quia
2368 1899 2610 1968 caligine
2674 1899 2879 1952 furoris
2933 1916 3049 1954 non
3094 1902 3262 1957 videt.
3313 1904 3416 1967 Qui
3449 1910 3642 1960 autem

1949 1988 2178 2058 repulso
2226 1990 2417 2042 furore
2467 1985 2718 2051 discutit,
2764 1987 2985 2041 facilius
3015 1989 3084 2042 ad
3132 1992 3511 2046 contuendam
3546 2011 3644 2048 ve-

1946 2077 2176 2130 ritatem
2228 2076 2433 2129 mentis
2494 2074 2799 2127 serenitate
2857 2078 3147 2147 consurgit
3188 2095 3200 2132 :
3236 2083 3291 2132 et
3346 2081 3466 2133 sine
3526 2082 3643 2135 ulla

1946 2165 2401 2237 perturbatione,
2437 2162 2508 2215 ad
2557 2162 2840 2232 aequitatis
2886 2163 3325 2235 intelligentiam
3356 2169 3637 2237 pervenit.

2122 2254 2250 2309 Car.
2284 2250 2512 2306 XXVIII.
2550 2278 2607 2288 —
2646 2253 2711 2304 De
2736 2255 2957 2319 praemio
2992 2258 3457 2311 remunerationis.

2016 2341 2125 2413 (Ea:
2150 2338 2381 2405 eodem.)
2414 2336 2522 2400 Qui
2571 2340 2964 2409 rectejudicat
3006 2347 3061 2395 et
3092 2343 3396 2412 praemium
3446 2358 3641 2398 remu-

1944 2430 2266 2485 nerationis
2296 2430 2573 2496 expectat,
2607 2426 2865 2482 fraudem
2898 2429 2954 2482 in
2991 2431 3105 2484 Deo
3137 2436 3428 2501 perpetrat
3459 2448 3472 2486 :
3506 2432 3645 2503 quia

1937 2518 2229 2589 justitiam
2281 2529 2456 2584 quam
2510 2515 2684 2582 gratis
2731 2516 3017 2587 impartiri
3075 2519 3263 2585 debet,
3311 2521 3642 2591 acceptione

1941 2606 2207 2679 pecunias
2252 2601 2465 2655 vendit.
2503 2603 2653 2657 Bona
2697 2607 2841 2660 male
2875 2612 3137 2673 utuntur,
3171 2607 3307 2678 quia
3346 2608 3502 2677 juste
3534 2626 3640 2678 pro

1940 2691 2253 2766 temporali
2286 2691 2441 2744 lucro
2463 2690 2740 2760 judicant.
2787 2696 2949 2748 Tales
2976 2696 3190 2766 quippe
3225 2696 3291 2748 ad
3343 2698 3640 2751 veritatem

1937 2801 2058 2840 non
2105 2779 2350 2854 justitia:
2406 2780 2680 2847 defensio,
2732 2784 2825 2835 sed
2857 2800 3019 2836 amor
3072 2783 3292 2854 praimii
3345 2790 3638 2853 provocat.

1936 2873 2164 2939 Quibus
2200 2868 2248 2922 si
2288 2884 2415 2938 spes
2462 2870 2683 2923 nummi
2727 2871 3102 2941 subtrahitur,
3154 2872 3450 2926 confestim
3482 2874 3642 2943 aju-

1852 2958 1892 3013 C
1932 2962 2107 3017 stitia:
2178 2956 2553 3013 confessione'
2583 2959 2876 3013 recedunt.
2947 2960 3213 3031 Acceptio
3263 2976 3637 3014 nummorum

1930 3047 2341 3120 praevaricatio
2385 3046 2637 3101 veritatis
2664 3051 2765 3100 est.
2804 3047 2963 3101 Unde
2994 3054 3048 3101 et
3073 3065 3176 3120 pro
3202 3049 3355 3118 justo
3384 3049 3591 3103 dicitur
3623 3064 3637 3103 :

1934 3139 2048 3202 Qui
2081 3138 2301 3193 excutit
2348 3152 2548 3190 manus
2579 3136 2649 3189 ab
2684 3136 2843 3189 omni
2880 3153 3137 3197 munere.
3174 3138 3277 3190 iste
3313 3137 3371 3191 in
3404 3138 3640 3191 excelsis

1936 3227 2185 3282 habitat.
2245 3226 2407 3281 Dives
2459 3225 2792 3280 muneribus
2839 3226 2951 3279 cito
2995 3227 3312 3296 corrumpit
3361 3226 3637 3296 judicem,

1940 3332 2167 3386 pauper
2224 3320 2417 3370 autem
2468 3316 2602 3370 dum
2660 3330 2778 3368 non
2826 3314 2998 3369 habet
3059 3316 3211 3387 quod
3261 3315 3480 3378 offerat,
3523 3330 3639 3368 non

1941 3404 2128 3457 solum
2159 3404 2349 3459 audiri
2395 3404 2801 3470 contemnitur,
2835 3403 2928 3456 sed
2962 3405 3133 3458 etiam
3181 3410 3237 3458 et
3263 3410 3461 3457 contra
3490 3402 3638 3457 veri-

1941 3496 2115 3545 tatem
2168 3494 2537 3562 opprimitur.
2585 3492 2706 3544 Cito
2755 3491 2996 3545 violatur
3036 3509 3175 3546 auro
3221 3492 3463 3561 justitia,
3511 3492 3640 3546 uul-

1944 3579 2174 3648 lamque
2239 3595 2370 3632 reus
2419 3579 2770 3650 pertimescit
2806 3580 3056 3648 culpam,
3117 3596 3288 3650 quam
3354 3580 3639 3634 redimere

1941 3666 2199 3719 nummis
2248 3667 2548 3721 existimat.
2584 3668 2713 3720 Plus
2759 3666 2911 3719 enim
2954 3670 3172 3721 obtinet
3223 3674 3472 3721 mentem
3506 3685 3637 3722 cen-

1940 3756 2085 3808 soris
2133 3771 2297 3808 amor
2325 3757 2491 3823 lucri,
2532 3772 2705 3825 quam
2759 3754 3000 3826 mquitas
3038 3755 3260 3826 judicii.
3318 3758 3451 3809 'l‘res
3483 3757 3638 3831 epim

1941 3846 2077 3897 sunt
2108 3860 2417 3897 munerum
2449 3844 2824 3913 acceptiones,
2877 3845 3087 3915 quibus
3138 3850 3335 3897 contra
3355 3844 3638 3914 justitiam

1941 3933 2193 3986 humana
2228 3933 2445 3986 vanitas
2496 3932 2724 4000 militat,
2776 3932 2833 3987 id
2869 3938 2971 4001 est,
3021 3934 3183 3988 favor
3224 3934 3636 4009 amicitiarum,

1942 4020 2193 4074 adulatio
2246 4020 2449 4082 laudis,
2494 4026 2550 4073 et
2596 4021 2910 4090 corporalis
2941 4021 3191 4091 acceptio
3224 4022 3496 4076 muneris.
3534 4024 3636 4077 Fa-

1941 4106 2103 4160 cilius
2137 4113 2328 4160 autem
2361 4108 2710 4178 pervertitur
2738 4109 2982 4177 animus,
3017 4110 3101 4164 rei
3131 4126 3405 4180 corporeo
3434 4126 3639 4166 mune-

1941 4210 2025 4261 re,
2078 4210 2251 4265 quam
2296 4196 2495 4266 gratia:
2546 4196 2846 4267 laudisque
2898 4198 3111 4253 favore.
3158 4200 3416 4263 Quatuor
3456 4201 3637 4255 modis

1935 4284 2217 4353 judicium
2250 4284 2570 4338 humanum
2610 4286 2962 4340 convertitur
2994 4303 3008 4341 :
3042 4288 3271 4353 timore,
3304 4288 3635 4358 cupiditate,

1941 4371 2093 4437 odio,
2126 4388 2343 4428 amore.
2378 4373 2626 4439 Timore,
2679 4374 2815 4428 dum
2849 4382 3005 4429 metu
3044 4376 3341 4446 potestatis
3371 4377 3633 4447 alicujus,

1926 4460 2236 4519 veritatem
2284 4462 2446 4532 loqui
2484 4463 2858 4533 pavescimus.
2911 4464 3250 4534 Cupiditate,
3303 4465 3441 4519 dum
3486 4482 3633 4536 prie-

1940 4549 2058 4602 mio
2086 4551 2343 4604 muneris
2376 4550 2616 4620 alicujus
2648 4552 3089 4623 corrumpimur.
3124 4553 3285 4621 Odio,
3323 4554 3459 4608 dum
3492 4571 3634 4609 con-

1938 4643 2026 4691 tra
2056 4639 2374 4708 quemlibet
2402 4639 2793 4693 adversarium
2828 4641 3117 4708 molimur,
3160 4642 3322 4709 cujus
3353 4642 3485 4697 odio
3521 4658 3637 4697 cor-

1938 4726 2284 4798 rumpimur.
2335 4730 2567 4794 Amore,
2618 4728 2754 4782 dum
2790 4730 2971 4783 amico
3003 4731 3090 4783 vel
3136 4731 3460 4802 propinquo
3492 4748 3635 4803 pree-

1939 4820 2088 4870 stare
2140 4816 2559 4870 contendimus.
2608 4816 2701 4869 His
2754 4818 2908 4871 enim
2959 4824 3207 4890 quatuor
3251 4820 3433 4874 causis
3479 4836 3632 4893 saepe

1938 4902 2176 4974 aequitas
2202 4903 2467 4956 violatur.

2116 4990 2244 5046 Cap.
2278 4992 2454 5046 XXIX.
2486 5020 2556 5031 —
2586 4992 2668 5045 De
2697 4996 3103 5062 oppressoribus
3127 5013 3449 5066 pauperum.

2010 5081 2128 5151 (Ea:
2170 5080 2396 5150 eodem.)
2440 5081 2764 5150 Pauperum
2796 5098 3161 5151 oppressores
3206 5090 3342 5139 tunc
3372 5085 3633 5139 sentian-

1936 5175 2032 5223 tur
2061 5170 2309 5240 graviori
2352 5169 2510 5240 digni
2560 5185 2679 5223 esse
2717 5172 3019 5239 sententia,
3066 5175 3295 5242 quando
3327 5175 3635 5244 praevalue-

1939 5257 2055 5312 rint
2085 5259 2172 5312 his
2204 5258 2411 5328 quibus
2446 5258 2694 5311 atrocius
2727 5274 2931 5311 nocere
2960 5260 3264 5315 voluerint.
3301 5263 3440 5316 Nam
3471 5266 3630 5317 tanto

1940 5346 1999 5400 in
2034 5348 2227 5400 futuro
2287 5348 2569 5418 supplicio
2618 5347 3038 5401 condemnandi
3082 5354 3230 5416 sunt,
3276 5355 3488 5420 quanto
3541 5351 3633 5405 hic

1938 5436 2143 5490 fortius
2172 5439 2371 5490 contra
2402 5436 2745 5491 miserorum
2778 5437 2948 5490 vitam
2982 5437 3343 5492 invaluerint.
3380 5438 3629 5493 Audiant

1931 5526 2155 5597 judices
2184 5529 2240 5580 et
2270 5525 2371 5596 qui
2396 5530 2653 5596 praesunt
2680 5526 2932 5598 pupulis,
2971 5526 3109 5598 quia
3151 5541 3257 5596 pro
3288 5527 3630 5597 temporali-
