4010 6192
364 270 470 321 9ίό

1429 256 1834 315 BURCHARDI
1881 254 2413 311 WORMACIENSIS
2455 252 2780 310 EPISCOPI.

3767 258 3873 308 9l6

362 388 468 443 bus
501 386 781 442 molestiis
827 401 970 456 quas
1000 383 1262 455 plebibus
1309 381 1598 451 ingerunt,
1633 385 1849 433 aeterno
1880 379 2070 433 incen-
2096 380 2144 431 Α
2181 381 2443 446 sumunt,
2482 375 2714 446 quibus,
2757 373 2896 429 dum
2941 374 3292 446 prosperitas
3345 376 3556 441 elucet,
3600 375 3890 445 jactanter

363 478 462 532 dio
507 476 934 541 cremabuntur,
969 477 1214 526 testante
1272 469 1510 524 Domino
1540 483 1646 538 per
1695 468 1896 522 Isaiam
1924 483 2063 538 pro—

363 567 601 636 pbetam
637 581 652 619 :
685 567 870 619 Iratus
900 579 1050 629 sum,
1082 559 1294 631 inquit,
1325 573 1496 628 super
1535 557 1812 627 populum
1847 571 2061 618 meum,

365 659 424 709 et
455 654 586 709 dedi
617 669 713 706 eos
761 652 821 706 in
852 665 1028 705 manu
1057 654 1154 702 tua
1187 663 1202 701 :
1235 663 1350 701 non
1379 644 1623 716 posuisti
1655 645 1707 699 ei
1743 645 2067 699 misericor-

369 742 548 804 diam,
615 739 938 812 aggravasti
995 738 1204 808 jugum
1269 739 1432 789 tuum
1497 735 1684 788 valde.
1758 735 2064 799 Descende,

367 832 429 886 in
477 831 712 902 pulvere
742 829 894 894 sede,
947 832 1091 890 tace,
1147 829 1204 879 et
1241 823 1394 878 intra
1424 823 1485 876 in
1533 821 1817 877 tenebras.
1869 823 2070 876 Veniet

370 935 542 990 super
572 924 624 971 te
669 918 888 971 malum
916 920 972 969 et
1001 914 1208 985 peries,
1247 917 1304 966 et
1331 912 1514 965 irruet
1543 927 1716 981 super
1739 916 1793 965 te
1833 915 2067 982 repente

370 1007 601 1062 miseria
647 1021 822 1077 quam
869 1003 1068 1058 neseis.
1101 1000 1274 1070 Magis
1322 1000 1476 1053 mala
1507 999 1849 1053 facientibus
1893 1015 2068 1070 quam

371 1095 524 1149 mala
569 1093 936 1164 patientibus,
971 1091 1162 1146 dolere
1210 1089 1505 1143 debemus.
1557 1088 1646 1142 Illi
1689 1088 1842 1141 enim
1895 1103 2070 1158 prava

372 1183 632 1236 faciendo
675 1181 732 1234 in
764 1181 983 1234 malum
1031 1177 1378 1250 proﬁciunt:
1414 1175 1508 1229 isti
1556 1175 1826 1245 patiendo
1856 1191 1889 1228 a
1919 1175 2070 1228 malo

371 1270 760 1340 corriguntur.
796 1268 943 1321 Deus
971 1271 1165 1320 autem
1214 1280 1317 1334 per
1347 1264 1527 1317 malas
1557 1263 1884 1316 voluntates
1930 1261 2069 1315 alio-

372 1375 525 1425 rum,
557 1358 618 1411 in
667 1357 790 1410 aliis
841 1356 1020 1410 multa
1083 1357 1357 1425 operatur
1405 1352 1574 1406 bona.
1639 1351 2068 1420 Malignantium

372 1445 676 1500 hominum
705 1445 991 1504 voluntas,
1027 1456 1397 1512 nequaquam
1438 1445 1632 1511 potest
1662 1438 1912 1510 impleri,
1960 1437 2072 1492 nisi

375 1536 524 1589 Deus
569 1533 792 1587 dederit
855 1536 1217 1602 potestatem.
1281 1531 1422 1583 Nam
1462 1528 1599 1582 dum
1637 1528 1925 1593 homines,
1959 1527 2072 1580 Deo

372 1623 765 1693 permittente,
815 1622 1032 1675 malum
1076 1619 1230 1690 quod
1283 1616 1693 1686 concupiscunt
1745 1614 2070 1686 perﬁciunt,

374 1711 498 1781 ipse
565 1709 774 1764 dicitur
835 1709 1020 1762 facere
1071 1707 1172 1778 qui
1230 1706 1530 1776 permittit.
1601 1705 1740 1759 Inde
1788 1708 1872 1758 est
1918 1704 2072 1773 quod

377 1797 656 1868 scriptum
702 1801 786 1852 est
831 1811 936 1867 per
967 1797 1306 1866 prophetam
1345 1811 1358 1848 :
1391 1794 1449 1848 Si
1491 1793 1600 1846 erit
1647 1793 1885 1859 malum,
1917 1791 2074 1862 quod

380 1885 660 1940 Dominus
710 1899 828 1940 non
875 1885 1025 1938 fecit.
1063 1885 1468 1937 Verumtamen
1515 1881 1668 1952 quod
1699 1881 1883 1952 iniqui
1923 1881 2074 1934 mala

381 1978 660 2044 expetunt
725 1975 1042 2037 voluntate,
1111 1972 1324 2026 idcirco
1383 1972 1530 2024 Deus
1592 1969 1922 2040 perﬁciendi
1979 1969 2076 2024 dat

381 2066 722 2133 potestatem
779 2078 884 2132 per
933 2077 1096 2114 suam
1143 2060 1354 2114 bonam
1415 2058 1766 2112 voluntatem
1819 2052 1957 2129 quia
2003 2058 2073 2112 de

379 2155 575 2206 nostro
607 2152 758 2204 malo
789 2151 908 2220 ipse
940 2152 1122 2204 multa
1153 2153 1424 2218 operatur
1453 2147 1622 2201 bona.
1673 2147 1917 2210 Quidam
1943 2164 2074 2202 cum

383 2237 485 2293 Dei
545 2238 827 2292 voluntati
877 2237 1168 2299 resistunt,
1238 2235 1554 2289 nescientes
1605 2233 1905 2288 consilium
1975 2235 2074 2290 Dei

379 2325 614 2392 faciunt,
660 2326 816 2396 quod
847 2325 1108 2380 noverint
1137 2323 1216 2378 sic
1263 2325 1376 2378 Deo
1408 2323 1658 2392 subjecta
1706 2338 1824 2376 esse
1856 2324 2072 2389 omnia,

381 2417 444 2466 ut
473 2418 530 2467 et
576 2413 686 2484 ipsi
717 2413 814 2484 qui
847 2414 970 2483 ejus
1017 2410 1376 2482 dispositioni
1407 2410 1668 2464 resistere
1701 2409 2072 2474 arbitrantur,

380 2501 504 2570 ejus
534 2500 813 2571 impleant
842 2501 1217 2554 voluntatem.
1247 2499 1558 2568 Propterea
1587 2496 1646 2550 in
1673 2497 1779 2551 hac
1807 2497 1922 2550 vita
1942 2497 2077 2550 boni

375 2587 710 2658 judicantur
737 2605 770 2641 a
800 2588 985 2651 malis,
1035 2591 1098 2640 ut
1143 2586 1350 2640 iterum
1379 2585 1438 2639 in
1467 2585 1566 2639 illa
1599 2585 1714 2639 vita
1763 2585 1898 2638 mali
1921 2584 2076 2654 judi-

382 2680 580 2729 centur
618 2693 652 2730 a
679 2675 842 2730 bonis
875 2691 887 2729 :
924 2675 1039 2728 sive
1064 2679 1128 2728 ut
1157 2675 1326 2728 etiam
1361 2672 1435 2726 sit
1464 2672 1556 2728 hic
1585 2672 1750 2727 bonis
1787 2677 2076 2744 tempora-

382 2763 452 2818 lis
482 2762 738 2832 afﬂictio,
782 2768 838 2816 et
867 2762 984 2816 illic
1010 2767 1226 2816 aeterna
1256 2761 1658 2816 remuneratio.
1700 2761 1912 2814 Idcirco
1944 2765 2079 2814 sunt

382 2852 685 2906 necessarii
717 2851 874 2915 mali,
912 2856 974 2904 ut
1003 2850 1230 2921 quoties
1269 2849 1407 2904 boni
1435 2849 1749 2916 offendunt,
1784 2849 2078 2920 ﬂagellen-

2175 465 2243 519 de
2275 464 2393 518 suis
2427 464 2642 518 meritis
2673 462 3016 533 gloriantur,
3050 469 3109 518 et
3135 465 3423 520 bonorum
3472 471 3648 536 atque
3696 467 3890 536 justo-

2174 567 2304 607 rum
2349 551 2754 607 afflictionibus
2811 551 3144 618 detrahunt,
3202 553 3462 624 dumque
3491 554 3577 608 eis
3645 555 3889 608 adversa

2176 642 2500 712 contigerit,
2535 659 2667 696 mox
2699 641 2768 694 ad
2791 641 3207 712 blasphemiam
3236 644 3728 712 pusillanimitate
3761 647 3889 700 ani-

2177 731 2258 785 mi
2339 737 2772 785 convertuntur.
2839 730 3083 793 Quidam
3149 730 3496 802 simplicium
3562 734 3889 788 nescientes

2175 819 2658 888 dispensationem
2705 818 2826 884 Dei,
2872 821 2932 871 in
2993 819 3275 874 malorum
3309 821 3686 890 provectibus
3731 838 3887 876 scan-

2177 907 2520 974 dalizentur,
2575 906 2831 961 dicentes
2881 907 3047 977 juxta
3097 909 3439 978 Prophetam
3486 926 3499 962 :
3545 909 3742 973 Quare
3802 912 3887 964 via

2177 997 2489 1066 impiorum
2539 998 2950 1066 prosperatur?
3001 998 3149 1050 Bene
3187 1003 3270 1051 est
3299 998 3576 1052 omnibus
3605 999 3713 1069 qui
3747 1017 3884 1070 pra-

2177 1085 2521 1148 varicantur,
2583 1088 2638 1136 et
2680 1083 2875 1154 inique
2923 1090 3122 1153 agunt.
3173 1083 3281 1148 Qui
3331 1101 3470 1155 ergo
3522 1085 3636 1139 hoc
3666 1088 3880 1154 dicunt,

2179 1189 2297 1226 nou
2347 1173 2648 1238 mirentur,
2699 1172 2852 1242 quod
2881 1188 3190 1242 pravorum
3231 1173 3541 1228 hominum
3588 1181 3883 1246 tempora-

2180 1261 2312 1322 lem,
2353 1266 2409 1314 et
2447 1262 2721 1315 caducam
2786 1260 3116 1314 felicitatem
3173 1261 3482 1330 aspiciunt,
3535 1263 3639 1316 sed
3711 1264 3884 1334 magis

2179 1350 2492 1404 novissima
2553 1365 2754 1403 eorum
2805 1349 3124 1411 intendant,
3179 1354 3392 1419 quanta
3459 1350 3579 1404 illis
3609 1357 3742 1422 post
3786 1353 3883 1406 hoc

2180 1443 2396 1492 aeterna
2447 1437 2732 1508 supplicia
2795 1442 3216 1508 praeparentur,
3270 1438 3500 1492 dicente
3555 1439 3878 1508 propheta:

2182 1527 2404 1580 Ducent
2443 1525 2502 1580 in
2533 1525 2704 1580 bonis
2741 1525 2861 1579 dies
2903 1542 3057 1593 suos,
3090 1533 3150 1580 et
3180 1526 3369 1581 subito
3406 1527 3479 1581 ad
3529 1527 3760 1582 inferna
3786 1529 3884 1582 de-

2107 1652 2146 1706 Β
2184 1613 2482 1669 scendunt.

2185 1719 2312 1775 CAP.
2362 1720 2507 1774 XXX.
2550 1747 2619 1758 —
2652 1721 2720 1774 Ut
2754 1719 2931 1788 judea:
2958 1734 3066 1773 non
3086 1721 3242 1788 prius
3270 1721 3449 1774 obviet
3489 1736 3595 1775 sua
3624 1725 3884 1776 sententia

2253 1790 2619 1856 litigantibus,
2651 1791 2898 1858 quandiu
2921 1793 3031 1860 ipsi
3059 1791 3257 1845 habent
3276 1792 3498 1860 aliquid
3523 1793 3673 1861 quod
3688 1809 3881 1862 propo-

2253 1867 2390 1915 nant
2421 1863 2478 1914 in
2508 1865 2816 1930 quaestione.

2255 1968 2368 2035 (Ea:
2397 1967 2538 2021 decr.
2572 1968 2845 2022 Eleuterii
2873 1983 3032 2036 papae
3073 1969 3303 2023 ecclesiis
3331 1985 3435 2038 per
3481 1971 3725 2026 Galliam
3771 1988 3883 2026 con-

2181 2058 2408 2120 stitutis,
2458 2054 2641 2124 capite
2689 2055 2764 2126 3.)
2800 2055 2912 2109 Nec
2954 2055 3315 2126 litigantibus
3349 2057 3534 2127 judex
3566 2058 3728 2128 prius
3755 2061 3883 2114 velit

2183 2161 2285 2198 sua
2334 2143 2616 2198 sententia
2644 2143 2890 2208 obviare,
2936 2143 3046 2198 nisi
3075 2145 3307 2214 quando
3339 2145 3453 2212 ipsi
3481 2147 3606 2216 jam
3645 2149 3882 2218 peractis

2185 2232 2452 2288 omnibus
2481 2231 2622 2286 nihil
2653 2232 2901 2286 habeant
2929 2232 2988 2286 in
3011 2233 3327 2303 quaestione
3356 2235 3511 2305 quod
3536 2243 3881 2306 proponant.

2188 2323 2252 2376 Et
2294 2320 2494 2375 tandiu
2544 2321 2692 2374 actio
2721 2321 3050 2388 ventiletur,
3083 2339 3385 2394 quousque
3426 2323 3514 2378 rei
3566 2326 3773 2379 veritas
3799 2342 3886 2380 re-

2184 2410 2457 2480 periatur.
2510 2411 2860 2480 Frequenter
2887 2411 3240 2480 interrogare
3279 2416 3546 2480 oportet,
3569 2429 3642 2466 ne
3673 2414 3888 2484 aliquid

2184 2498 2637 2569 prtetermissum
2682 2498 2828 2552 forte
2875 2503 3192 2565 remaneat,
3227 2499 3382 2569 quod
3429 2500 3664 2554 adnecti
3694 2518 3892 2556 conve-

2184 2586 2325 2642 niat.
2359 2586 2609 2641 Inducias
2640 2586 2797 2640 enim
2831 2603 2944 2640 non
2977 2585 3195 2640 modice
3225 2587 3293 2641 ad
3338 2589 3726 2658 quaerendum
3759 2591 3892 2644 dan-

2185 2675 2274 2730 die
2304 2681 2454 2742 sunt,
2491 2691 2560 2728 ne
2590 2675 2810 2745 aliquid
2859 2691 3103 2746 propere
3135 2676 3225 2745 agi
3257 2691 3289 2728 a
3328 2692 3684 2748 quacunque
3729 2687 3889 2750 parte

2185 2764 2442 2818 videatur
2476 2779 2489 2818 :
2520 2764 2655 2834 quia
2686 2780 2790 2833 per
2827 2763 3256 2834 subreptionem
3287 2767 3471 2818 multa
3514 2771 3884 2835 proveniunt.

2187 2853 2337 2907 Nihil
2384 2859 2578 2906 tamen
2628 2852 2844 2922 absque
2897 2852 3173 2921 legitimo,
3207 2859 3264 2905 et
3290 2853 3500 2907 idoneo
3555 2862 3886 2910 accusatore

381 2945 477 2995 tur
507 2941 578 2994 ab
626 2940 758 2994 illis.
812 2941 952 2994 Hinc
979 2944 1065 2992 est
1103 2938 1259 3009 quod
1287 2941 1465 2992 Assur
1499 2938 1720 3008 virgam
1752 2937 1959 2992 furoris
1991 2937 2078 2990 sui
2112 2929 2151 2984 Ο
2188 2941 2306 2996 ﬁat.
2363 2941 2502 2995 Nam
2548 2945 2603 2995 et
2633 2941 2908 2994 Dominus
2961 2946 3156 2994 noster
3182 2941 3345 2994 Jesus
3369 2941 3630 2996 Christus
3685 2944 3884 2998 Iudam

382 3034 625 3084 testatur
656 3029 951 3084 Dominus.
981 3027 1092 3082 Sed
1115 3027 1338 3098 quoties
1368 3026 1448 3080 ita
1478 3027 1563 3092 ﬁt,
1593 3027 1662 3080 de
1697 3027 1796 3080 Dei
1820 3025 2082 3097 indigna-

381 3119 538 3173 tione
586 3117 862 3188 procedit,
894 3121 954 3170 ut
1000 3103 1144 3170 Deus
1185 3131 1287 3186 per
1315 3116 1439 3169 illos
1477 3116 1536 3168 in
1568 3131 1662 3168 eos
1693 3116 1904 3182 saeviat,
1938 3131 2080 3186 quos

384 3206 728 3276 ﬂagellando
782 3203 1088 3258 emendare
1120 3204 1426 3258 desiderat.
1481 3203 1586 3258 Sed
1619 3203 1715 3256 ille
1763 3203 2082 3273 justissima

383 3295 700 3359 voluntate,
757 3293 840 3345 illi
886 3308 1018 3344 vero
1069 3308 1220 3361 saepe
1271 3291 1489 3345 crudeli
1535 3290 1856 3344 intentione
1889 3309 1902 3346 :
1935 3292 2083 3345 sicut

384 3397 490 3453 per
535 3382 877 3453 prophetam
919 3379 1127 3435 dicitur
1153 3380 1222 3434 de
1266 3379 1468 3434 eodem
1497 3381 1691 3435 Assur.
1735 3381 1858 3449 Ipse
1886 3384 2080 3434 autem

384 3486 501 3524 non
555 3470 654 3538 sic,
693 3470 790 3524 sed
826 3469 897 3522 ad
943 3468 1354 3523 conterendum
1404 3473 1670 3538 paratum
1699 3472 1782 3521 est
1811 3484 1909 3522 cor
1938 3468 2078 3538 ejus,

385 3563 634 3613 atrocem
670 3572 843 3629 super
889 3575 988 3612 eos
1035 3556 1294 3613 divinum
1334 3555 1585 3611 furorem
1620 3563 1948 3623 venturum,
1982 3556 2083 3628 qui

385 3646 641 3701 existunt
689 3651 1104 3716 persecutores,
1156 3650 1208 3698 et
1241 3644 1476 3697 violenti
1522 3643 1808 3698 fidelibus.
1864 3644 2080 3698 Conso-

384 3737 558 3791 lando
588 3736 743 3789 enim
793 3736 940 3789 Deus
965 3751 1098 3788 suos
1129 3735 1208 3787 ita
1231 3733 1491 3803 judicare
1522 3733 1830 3802 promittit.
1862 3733 2083 3786 Adver-

385 3841 482 3878 sus
527 3841 644 3888 eos,
680 3823 890 3892 inquit,
947 3822 1475 3893 quijudicaverunt
1523 3827 1600 3888 te,
1641 3837 1748 3891 ego
1787 3821 2078 3891 judicabo,

385 3916 445 3967 et
489 3913 689 3966 cibabo
736 3911 927 3964 hostes
958 3916 1086 3964 tuos
1131 3910 1396 3963 carnibus
1427 3909 1563 3972 suis,
1597 3914 1654 3962 et
1705 3910 1868 3979 quasi
1906 3910 2082 3963 mixto

386 4001 669 4070 sanguine
719 4015 822 4053 suo
873 3999 1330 4052 inebriabuntur.
1385 3998 1564 4052 Habet
1591 3997 1841 4068 aliquem
1887 4013 2078 4060 usum,

387 4093 445 4144 et
475 4091 759 4143 malorum
801 4087 1096 4158 iniquitas,
1141 4087 1292 4157 quod
1326 4086 1560 4140 dilectos
1595 4086 1716 4151 Dei,
1751 4085 1868 4139 suis
1900 4087 2081 4140 mori-

386 4179 494 4233 bus
539 4179 733 4242 laniat,
764 4192 829 4230 ac
860 4191 960 4246 per
1011 4177 1119 4230 hoc
1163 4176 1281 4228 vita
1309 4174 1621 4245 impiorum
1669 4174 1776 4228 sibi
1807 4175 2030 4244 deperit
2064 4193 2076 4228 :
2121 4209 2162 4262 D

378 4268 671 4338 justorum
702 4269 893 4318 autem
931 4263 1173 4334 deperit,
1206 4263 1305 4317 sed
1356 4261 1604 4333 proﬁcit,
1641 4263 1778 4317 dum
1821 4278 1920 4316 eos
1948 4263 2083 4316 mali

389 4370 494 4426 per
519 4353 904 4408 tribulationis
937 4352 1268 4406 exercitium
1300 4351 1370 4404 ad
1402 4356 1744 4421 praesentem
1775 4349 2082 4404 odiendam

388 4443 584 4508 vitam,
617 4448 674 4495 et
704 4441 957 4495 futuram
987 4441 1426 4496 desiderandam
1467 4439 1754 4493 erudiunt.
1790 4440 2081 4494 Interdum

389 4531 545 4585 enim
594 4530 828 4600 prodest
873 4544 1269 4600 perversorum
1305 4527 1557 4598 pravitas
1617 4527 1852 4582 utilitati
1891 4528 2080 4597 justu-

389 4635 539 4686 rnm,
591 4619 727 4674 dum
761 4634 857 4672 eos
887 4618 1109 4672 malitia
1135 4633 1238 4670 sua
1280 4615 1491 4682 erudit,
1524 4621 1580 4669 et
1605 4617 1673 4670 ad
1708 4631 1886 4686 regna
1911 4617 2082 4670 ctelo-

387 4724 518 4763 rum
567 4706 916 4778 requirenda
944 4706 1208 4761 molestia
1254 4705 1586 4774 temporalis
1634 4705 1896 4776 impellit.
1948 4707 2082 4760 Pro-

387 4798 556 4852 batur
586 4797 690 4850 hoc
721 4795 1002 4865 exemplis
1050 4793 1372 4849 Israelitica:
1399 4793 1603 4864 plebis,
1637 4810 1764 4865 qua;
1795 4797 1931 4848 tunc
1971 4794 2082 4848 du-

385 4887 505 4942 rius
561 4885 838 4956 agebatur
878 4885 940 4938 in
1003 4886 1262 4956 A-Zgypto,
1324 4883 1552 4954 quando
1611 4881 1912 4952 oportebat
1957 4873 2082 4936 eam

385 4992 490 5048 per
535 4975 723 5028 Mosen
786 4973 854 5028 ad
887 4979 1102 5027 terram
1155 4969 1617 5041 repromissionis
1665 4970 1874 5037 vocari,
1928 4975 1985 5024 et
2017 4988 2084 5026 ex

388 5063 575 5129 malis,
609 5079 738 5133 quas
769 5061 829 5115 in
876 5063 1116 5132 zEgypto
1162 5059 1489 5130 patiebatur
1525 5058 1887 5124 descendere,
1931 5064 1980 5112 et
2016 5059 2086 5114 ad

385 5152 732 5223 promissam
763 5151 1007 5221 patriam
1062 5147 1352 5203 festinare.
1403 5147 1592 5218 Iniqui
1639 5148 1777 5202 dum
1816 5153 2084 5201 constan-

385 5243 525 5296 tiam
549 5239 691 5310 justi
729 5239 788 5293 in
833 5236 1328 5307 persecutionibus
1371 5235 1488 5289 suis
1522 5235 1824 5306 aspiciunt,
1876 5235 2085 5289 mentis

387 5329 724 5384 confusione
790 5327 1105 5392 tabescunt,
1174 5329 1232 5378 et
1295 5324 1432 5379 dum
1488 5325 1724 5379 adversa
1774 5327 2083 5391 ostentant,

386 5433 495 5473 nec
543 5415 796 5483 vincunt,
829 5414 1061 5469 tandem
1097 5414 1167 5470 de
1195 5430 1254 5468 se
1282 5413 1668 5485 perversitatis
1700 5412 1925 5466 insania
1949 5428 2086 5467 con-

387 5504 735 5563 funduntur.
791 5503 961 5560 Stulti
989 5507 1189 5560 contra
1235 5502 1416 5558 bonos
1461 5501 1712 5557 studium
1743 5516 1970 5572 semper
1997 5517 2084 5555 as-

2186 3030 2374 3084 furem
2424 3045 2546 3084 esse
2605 3028 2820 3083 sciebat
2865 3044 2878 3082 :
2924 3015 3022 3083 sed
3072 3029 3207 3098 quia
3255 3045 3375 3083 non
3427 3037 3513 3084 est
3567 3039 3886 3097 accusatus,

2186 3119 2313 3172 ideo
2375 3134 2490 3172 non
2539 3123 2624 3172 est
2691 3118 2923 3187 ejectus,
2965 3123 3024 3172 et
3074 3117 3354 3189 quidquid
3398 3119 3550 3174 inter
3597 3125 3888 3190 apostolos

2188 3207 2327 3276 egit,
2360 3223 2466 3276 pro
2512 3206 2789 3278 dignitate
2821 3207 3126 3261 ministerii
3160 3212 3362 3261 ratum
3383 3209 3614 3264 mansit.
3671 3213 3811 3265 Nam
3843 3212 3888 3265 si

2189 3295 2344 3365 leges
2410 3295 2587 3348 seculi
2644 3301 2995 3348 accusatores
3060 3295 3384 3366 requirunt,
3438 3303 3657 3368 quanto
3708 3301 3889 3370 magis

2191 3382 2584 3437 ecclesiasticae
2615 3383 2875 3452 regulae?
2920 3385 3136 3437 Docent
3164 3385 3316 3438 enim
3347 3387 3664 3452 terrestria,
3701 3395 3760 3442 et
3789 3389 3886 3442 hu-

2190 3487 2362 3525 mana
2387 3487 2516 3541 quae
2547 3471 2661 3525 sint
2691 3471 3066 3526 ecclesiastica
3095 3477 3267 3542 atque
3290 3475 3564 3528 caelestia.

2191 3577 2320 3632 CAP.
2350 3578 2524 3632 XXXI.
2557 3607 2626 3618 —
2660 3579 2726 3632 Ut
2770 3593 2877 3630 non
2907 3577 3069 3631 iidem
3106 3581 3218 3632 sint
3247 3587 3607 3649 accusatores,
3663 3587 3716 3636 et
3738 3583 3887 3652 judi-

2685 3663 2766 3702 ces
2797 3655 2846 3702 et
2867 3654 3022 3703 testes
3053 3654 3101 3702 et
3127 3655 3392 3706 accusati.

2262 3737 2371 3806 (Ea:
2421 3736 2585 3790 dictis
2625 3737 2883 3791 Damasci
2927 3752 3106 3806 papa,
3138 3742 3313 3806 capite
3350 3739 3458 3807 l9.)
3509 3741 3886 3796 Accusatores

2192 3840 2327 3878 vero
2359 3829 2414 3878 et
2441 3824 2658 3894 judices
2691 3840 2808 3877 non
2841 3824 3013 3878 iidem
3054 3825 3169 3879 sint
3202 3843 3214 3879 :
3246 3827 3346 3880 sed
3373 3843 3477 3897 per
3507 3845 3568 3882 se
3601 3837 3885 3884 accusato-

2193 3929 2300 3980 res,
2335 3929 2438 3983 per
2485 3929 2544 3966 se
2568 3913 2807 3983 judices,
2855 3929 2959 3983 per
3014 3930 3071 3966 se
3118 3918 3310 3980 testes,
3346 3931 3449 3985 per
3509 3933 3572 3970 se
3616 3921 3882 3984 accusati,

2195 3999 2588 4073 unusquisque
2618 4001 2678 4054 in
2703 4018 2806 4055 suo
2839 4001 3234 4056 ordinabiliter
3262 4003 3484 4057 ordine.
3522 4006 3667 4059 Nam
3701 4007 3886 4060 inscri-

2193 4091 2310 4162 ptio
2344 4092 2530 4161 prima
2561 4106 2786 4160 semper
2830 4090 2949 4156 ﬁat,
2985 4097 3047 4144 ut
3071 4091 3346 4145 talionem
3374 4093 3764 4148 calumniator
3803 4113 3885 4149 ac-

2193 4179 2386 4248 cipiat.
2439 4177 2582 4242 Quia
2628 4183 2758 4232 ante
2789 4178 3220 4248 inscriptionem
3250 4196 3422 4233 nemo
3465 4181 3641 4235 debet
3682 4184 3893 4254 judica-

2196 4269 2264 4332 ri,
2296 4267 2383 4319 vel
2415 4267 2698 4332 damnari,
2726 4282 2856 4320 cum
2889 4272 2944 4320 et
2974 4267 3167 4320 sreculi
3196 4269 3350 4336 leges
3383 4269 3508 4322 haec
3532 4271 3740 4325 eadem
3771 4273 3892 4325 reti-

2194 4360 2385 4408 neant.
2427 4355 2502 4408 De
2553 4354 2762 4424 quibus
2801 4355 3065 4408 omnibus
3093 4371 3224 4408 vera
3266 4371 3496 4426 semper
3537 4358 3641 4412 ﬁat
3666 4360 3891 4430 aequali-

2194 4448 2299 4507 tas,
2352 4449 2638 4514 quatenus
2689 4443 3065 4496 accusationis
3099 4449 3153 4497 et
3183 4443 3412 4512 judicii,
3462 4463 3526 4500 ac
3582 4449 3887 4502 testimonii

2193 4532 2517 4586 mercedem
2551 4547 2654 4601 per
2682 4532 2980 4585 veritatem
3010 4535 3302 4601 gestorum
3343 4535 3624 4606 consequi
3651 4537 3882 4589 valeant.

2195 4638 2320 4692 CAP.
2367 4637 2566 4691 XXXII.
2603 4667 2670 4675 —
2705 4639 2771 4692 Ut
2799 4637 2918 4705 ejus
2949 4639 3343 4690 accusationem
3389 4641 3577 4694 nullus
3619 4642 3783 4706 facile
3810 4658 3887 4693 ar.-

2495 4709 2686 4776 cipiat,
2721 4710 2817 4776 qui
2845 4709 3011 4773 facile
3039 4709 3242 4775 litigat,
3271 4713 3323 4761 et
3351 4717 3595 4764 accusat.

2267 4797 2388 4865 (Ea:
2434 4797 2654 4850 concilio
2696 4794 3074 4862 Wormacien.,
3127 4799 3303 4864 capite
3353 4800 3434 4865 2.)
3471 4798 3603 4867 Ejus
3651 4799 3750 4870 qui
3783 4799 3886 4853 fre-

2195 4889 2438 4954 quenter
2483 4884 2694 4954 litigat,
2727 4889 2783 4937 et
2825 4884 2896 4938 ad
2936 4887 3314 4938 accusandum
3365 4892 3450 4939 est
3491 4887 3699 4952 facilis,
3738 4904 3890 4941 accu-

2196 4973 2476 5026 sationem
2511 4989 2679 5027 nemo
2712 4973 2926 5044 absque
2953 4974 3156 5042 grandi
3197 4975 3459 5028 examine
3491 4976 3752 5046 accipiat.

2194 5080 2324 5136 CAP.
2361 5081 2584 5135 XXXIII.
2632 5110 2700 5120 -—
2732 5082 2798 5134 Ut
2825 5083 3104 5150 episcopus
3142 5087 3479 5136 accusatores
3506 5084 3754 5148 fratrum
3795 5101 3884 5138 ear-

2861 5154 3220 5206 communicet.

2267 5238 2388 5308 (Ea:
2417 5239 2642 5294 concilio
2667 5238 2975 5303 Aureliam,
2999 5242 3175 5308 capite
3207 5239 3280 5309 l.)
3308 5241 3377 5295 Ut
3401 5241 3707 5312 episcOpus
3739 5260 3882 5296 accu-

2197 5331 2409 5381 satores
2457 5326 2700 5380 fratrum
2757 5327 3204 5381 excommunicet
3237 5343 3251 5380 :
3281 5333 3340 5382 et
3378 5329 3426 5383 si
3456 5332 3881 5385 emendaverint

2196 5414 2439 5480 vitium,
2489 5414 2726 5484 recipiat
2784 5431 2881 5468 eos
2945 5415 3015 5470 ad
3080 5416 3566 5478 communionem.
3636 5435 3756 5474 non
3815 5419 3877 5473 ad

2195 5503 2433 5558 clerum.
