4010 6192
156 332 283 383 917

974 328 1448 384 DECRETOHUM
1495 332 1673 386 LIBRI
1716 335 1820 389 XX.
1864 367 1930 375 —
1972 338 2174 392 LIBER
2222 338 2525 392 DECIMUS
2564 340 2926 395 SEPTIMUS.

3591 346 3693 397 9I8

144 455 289 508 CAP.
318 450 539 507 XXXIV.
565 452 721 505 ——-De
740 450 855 503 illis
872 464 967 518 qui
1000 452 1232 503 convicti
1240 453 1450 516 fuerint
1460 455 1892 522 fratribus/alsa
1928 466 1972 518 Α
2004 459 2131 514 CAP.
2149 461 2373 517 XXXVI.
2404 491 2469 499 —
2500 463 2565 515 Ut
2596 463 2776 515 nullus
2817 462 3092 515 saecularis
3120 462 3287 515 alicui
3322 478 3388 516 ea:
3418 464 3553 519 clero
3584 467 3694 517 vim

745 523 981 575 crimina
1024 522 1302 589 objecisse.
1406 542 1407 545 η

232 613 357 682 (Ea:
382 612 607 666 concilio
637 609 938 675 Agathen.,
979 612 1157 678 capite
1190 614 1261 671 6.)
1293 612 1419 681 Eos,
1468 613 1568 682 qui
1614 613 1884 670 fratribus

142 701 282 753 suis
314 700 582 770 capitalia
612 698 857 751 crimina
892 697 1168 766 objecisse
1199 700 1443 753 convicti
1470 701 1705 769 fuerint,
1763 705 1882 773 pla-

144 792 279 844 cuit
314 806 497 860 usque
530 789 597 841 ad
628 789 847 841 exitum
881 802 999 839 non
1048 788 1497 855 communicare,
1551 790 1660 844 nisi
1710 792 1885 863 digna

142 879 549 932 satisfactione
584 874 983 947 pcenituerint.

142 968 287 1022 CAP.
327 967 523 1023 XXXV.
549 995 617 1005 —
641 968 711 1019 De
732 966 842 1017 illis
866 963 1114 1028 testibus,
1146 966 1244 1033 qui
1262 965 1497 1033 aliquem
1518 982 1585 1020 ea:
1613 982 1766 1023 sacro
1803 986 1886 1023 or-

226 1040 361 1091 dine
416 1052 670 1091 accusare
712 1040 1047 1104 pertentant,
1090 1040 1141 1088 et
1195 1041 1256 1088 ut
1306 1039 1506 1104 quique
1563 1042 1775 1107 optimi,
1835 1045 1885 1094 et

225 1109 502 1178 ﬁdeliores
535 1110 591 1160 in
614 1108 980 1160 testimonium
1001 1112 1373 1160 assumantur.

229 1192 347 1257 (Ex
405 1190 625 1242 concilio
697 1188 1004 1249 Matiscen.,
1056 1188 1233 1253 Capite
1282 1188 1359 1254 5.)
1408 1187 1623 1240 Placuit
1683 1192 1879 1242 sancto

143 1277 489 1343 conventui,
525 1280 584 1328 ut
615 1280 785 1328 testes
817 1274 887 1326 ad
930 1273 1332 1327 testimonium
1382 1275 1689 1329 dicendum
1747 1291 1883 1345 pre-

144 1366 236 1418 tio
265 1381 387 1418 non
436 1364 849 1428 contineantur,
899 1366 956 1413 et
1010 1366 1074 1413 ut
1118 1360 1335 1431 quique
1369 1363 1595 1431 optimi,
1633 1367 1687 1415 et
1739 1364 1879 1416 tide-

144 1453 339 1506 liores
390 1452 450 1505 in
496 1448 889 1503 testimonium
949 1454 1338 1516 assumantur,
1394 1456 1456 1502 ut
1538 1451 1584 1503 is
1655 1456 1883 1503 contra-

147 1558 339 1612 quem
402 1537 791 1593 testimoniare
846 1536 1078 1601 debent,
1150 1536 1366 1590 nullam
1427 1536 1508 1590 eis
1583 1538 1880 1591 infamiam

149 1630 351 1700 possit
404 1629 635 1682 inferre.
669 1630 724 1680 et
771 1629 834 1679 ut
885 1626 1077 1678 nullus
1108 1625 1508 1679 testimonium
1555 1626 1724 1691 dicat,
1772 1624 1883 1680 nisi

143 1719 414 1789 jejunus.

2559 534 2763 597 inferre
2802 538 3117 601 praesumat.

2063 656 2178 720 (Ea:
2216 657 2437 709 concilio
2467 656 2616 725 apud
2664 657 2961 710 Theodonis
3010 656 3197 709 villam
3257 656 3460 723 habito,
3520 660 3698 726 capite

1996 748 2099 811 10.)
2131 744 2467 815 Quicunque
2508 745 2685 814 judex
2718 750 2816 797 aut
2846 744 3132 798 saecularis
3181 745 3527 815 presbytero,
3597 750 3698 798 aut

1991 832 2249 897 diacono,
2277 838 2375 885 aut
2437 834 2671 887 cuilibet
2728 849 2794 885 ex
2856 834 3025 898 clero,
3087 839 3183 885 aut
3238 833 3305 886 de
3368 833 3695 903 junioribus

1991 920 2205 989 absque
2241 920 2528 974 audientia
2571 921 2840 991 episcOpi,
2899 922 2985 974 vel
3014 920 3421 987 archidiaconi,
3472 922 3559 974 vel
3601 937 3693 975 ar-

1990 1008 2421 1078 chipresbyteri,
2472 1009 2740 1080 injuriam
2787 1010 2995 1063 inferre
3054 1010 3499 1079 praesumpserit,
3553 1025 3692 1062 ana-

1992 1097 2185 1150 thema
2214 1096 2509 1150 habeatur.

1991 1239 2121 1291 CAP.
2150 1237 2395 1292 XXXVII.
2416 1267 2481 1278 —
2502 1238 2654 1308 Quod
2685 1236 2877 1293 mariti
2898 1254 3096 1313 uxores
3116 1253 3243 1290 suas
3275 1253 3341 1291 ea:
3384 1239 3693 1306 suspicione

2584 1324 2842 1363 accusare
2861 1314 3091 1376 possmt.

2061 1451 2172 1519 (E1:
2197 1452 2419 1503 concilio
2448 1452 2768 1515 Parisieusi,
2801 1452 2978 1518 capite
2998 1452 3066 1515 3.)
3098 1449 3311 1503 Meritis
3340 1464 3476 1502 sane
3514 1448 3691 1503 etiam

1992 1553 2057 1590 ex
2111 1538 2431 1607 suspicione
2486 1554 2688 1591 uxores
2731 1553 2992 1590 accusare
3050 1538 3393 1607 permissum
3446 1541 3547 1601 est,
3638 1543 3691 1591 et

1993 1624 2101 1695 ipsi
2132 1626 2260 1695 plus
2307 1626 2526 1679 caeteris
2557 1626 2625 1680 de
2657 1626 2957 1688 adulterio,
2989 1630 3046 1679 et
3092 1640 3353 1679 accusare
3421 1632 3691 1695 possunt,

1994 1718 2048 1765 et
2078 1712 2403 1767 defendere.

1464 1825 1640 1865 FINIS
1688 1825 1866 1865 LIBRI
1919 1824 2141 1865 DECIMI
2187 1825 2394 1866 SEXTI.

794 2079 1091 2152 INDEX
1165 2077 1866 2152 CAPITULORUM
1945 2078 2197 2153 LIBRI
2276 2079 2607 2153 DECIMI
2661 2080 3067 2153 SEPTIMI.

154 2228 285 2283 CAP.
326 2229 375 2279 1.
414 2226 487 2279 De
517 2224 777 2285 muliere.
811 2239 941 2294 quae
970 2239 1103 2277 cum
1162 2222 1388 2276 duobus
1421 2221 1694 2276 fratribus
1758 2222 1879 2277 for-
1917 2223 1955 2276 Β
1994 2227 2082 2277 22.
2119 2224 2195 2277 De
2227 2224 2428 2278 eadem
2459 2239 2540 2277 re.

228 2316 422 2368 nicata
444 2319 544 2367 est.

156 2407 209 2456 ‘2.
252 2405 333 2456 De
368 2401 562 2454 eadem
595 2416 673 2454 re.

160 2496 211 2546 3.
248 2492 330 2544 De
362 2491 456 2543 illo
492 2489 590 2559 qui
621 2505 749 2543 cum
782 2487 1007 2542 duabus
1055 2486 1345 2541 sororibus
1392 2485 1708 2540 fornicatus
1764 2489 1872 2553 est,

233 2595 483 2649 quarum
515 2594 629 2632 una
658 2594 801 2633 uxor
846 2576 1053 2630 fuerat;

158 2671 212 2723 4.
259 2670 338 2722 De
367 2667 464 2720 illo
496 2666 593 2737 qui
628 2682 685 2720 se
736 2667 1041 2737 ignorante
1094 2679 1223 2717 cum
1277 2679 1473 2717 sorore
1522 2664 1717 2717 uxoris
1755 2680 1875 2718 suae

236 2756 550 2810 fornicatus
584 2760 686 2809 est.

162 2849 216 2898 5.
249 2846 327 2897 De
360 2843 557 2896 eadem
584 2858 663 2895 re.

160 2938 213 2987 6.
258 2935 338 2986 De
369 2932 563 2985 eadem
592 2946 672 2985 re.

163 3028 213 3076 7.
254 3023 397 3075 Item
419 3020 486 3074 de
535 3019 650 3080 illo,
707 3016 808 3088 qui
863 3031 996 3069 cum
1048 3015 1272 3069 duabus
1321 3014 1610 3069 sororibus
1668 3019 1876 3069 neutra

235 3124 416 3162 uxore
454 3107 763 3162 fornicatus
794 3109 898 3160 est.

160 3203 214 3253 8.
258 3199 335 3252 De
362 3197 458 3249 illo
500 3196 729 3267 quicum
762 3194 985 3248 duabus
1032 3191 1346 3257 sororibus,
1412 3207 1542 3244 cum
1612 3206 1871 3254 noverca,

235 3286 329 3339 vel
358 3300 487 3338 cum
516 3300 709 3337 sorore
741 3299 861 3349 sua,
886 3280 975 3333 vel
1006 3295 1137 3333 cum
1197 3279 1395 3347 amita,
1428 3280 1517 3332 vel
1572 3281 1875 3332 matertera

236 3390 364 3436 sua,
418 3373 503 3425 vel
547 3388 677 3424 cum
736 3370 854 3423 tilia
912 3368 1125 3439 patrui,
1177 3369 1261 3421 vel
1290 3367 1557 3419 avunculi
1604 3366 1712 3434 sui,
1788 3367 1870 3419 vel

241 3477 375 3515 cum
402 3460 518 3513 ﬁlia
539 3460 752 3523 amitae,
785 3459 872 3512 vel
897 3461 1219 3510 matertera;
1250 3473 1390 3521 suae,
1418 3456 1501 3507 vel
1543 3471 1671 3508 cum
1707 3459 1875 3523 nepte

240 3566 366 3615 sua,
400 3549 484 3601 vel
518 3564 644 3601 cum
672 3550 1007 3612 commatre,
1045 3545 1130 3597 vel
1163 3561 1289 3597 cum
1349 3544 1524 3596 filiola
1573 3558 1745 3612 quam
1809 3543 1878 3595 de

246 3638 407 3692 fonte
441 3636 707 3706 suscepit,
768 3636 855 3688 vel
890 3638 1023 3688 ante
1085 3633 1415 3702 episcopum
1444 3630 1649 3696 tenuit,
1702 3629 1881 3684 forni—

245 3733 407 3780 catus
438 3730 539 3778 est.
588 3718 595 3727 ’

170 3820 223 3870 9.
271 3816 349 3869 De
380 3814 479 3867 illo
546 3811 644 3882 qui
685 3828 817 3865 cum
871 3814 1117 3864 matrem
1158 3807 1361 3862 habuit
1427 3823 1686 3873 uxorem,
1749 3822 1878 3860 cum

247 3904 489 3957 ﬁliastra
509 3902 819 3954 fornicatus
849 3898 1041 3953 fuerit.

180 3995 265 4046 10.
303 3992 379 4045 De
408 3990 604 4043 eadem
640 4005 721 4043 re.

179 4085 266 4135 11.
303 4082 379 4134 De
405 4078 501 4133 illo
533 4078 630 4147 qui
661 4093 792 4130 cum
824 4090 1074 4129 noverca
1120 4074 1424 4127 fornicatus
1458 4076 1559 4125 est.

177 4173 265 4222 12.
297 4170 370 4221 De
402 4168 499 4220 illo
541 4167 798 4235 quicum
830 4164 1069 4218 ﬁliastra
1115 4163 1417 4232 ignorante
1470 4165 1650 4216 matre
1696 4160 1881 4214 forni-

251 4261 412 4309 catus
442 4259 544 4307 est.

184 4348 271 4397 13.
306 4344 381 4397 De
432 4343 529 4395 illo
573 4342 671 4412 qui
720 4343 1080 4410 stupraverat
1126 4340 1435 4409 quandam,
1477 4353 1649 4407 quam
1711 4336 1885 4390 frater

256 4431 378 4500 ejus
419 4434 610 4499 postea
642 4430 881 4483 duxerat
919 4444 1176 4482 uxorem.

184 4521 272 4574 14.
312 4521 388 4572 De
419 4519 617 4572 eadem
648 4533 730 4573 re.

188 4612 275 4662 I5.
310 4609 387 4661 De
418 4607 615 4661 eadem
644 4623 722 4661 re.

189 4702 277 4751 l6.
318 4697 393 4749 De
460 4696 699 4749 muliere
726 4711 857 4749 cum
917 4709 1031 4764 qua
1073 4697 1129 4745 et
1161 4697 1339 4763 pater,
1401 4696 1458 4744 et
1506 4691 1657 4744 filius
1706 4690 1883 4743 forni-

262 4784 375 4836 cati
408 4789 560 4838 sunt.

190 4877 279 4927 17.
315 4872 392 4924 De
434 4872 529 4924 illo
557 4872 811 4941 quicum
849 4884 1025 4922 uxore
1080 4867 1271 4922 fratris
1301 4866 1392 4921 sui
1432 4866 1746 4920 fornicatus
1781 4871 1882 4921 est.

192 4964 275 5014 I8.
319 4960 395 5012 De
424 4960 520 5012 illo
547 4959 645 5029 qui
680 4972 946 5028 sponsam
978 4956 1082 5010 ﬁlii
1112 4956 1199 5009 sui
1224 4954 1592 5027 oppresserit.

192 5052 277 5102 19.
308 5048 387 5100 De
420 5048 518 5101 illo
542 5047 641 5118 qui
672 5062 801 5100 cum
844 5061 1037 5108 uxore,
1074 5049 1274 5111 matre,
1311 5048 1366 5098 et
1414 5042 1653 5097 ﬁliastra
1721 5040 1894 5095 forni-

262 5140 424 5189 catus
454 5140 539 5188 est

191 5227 283 5280 20.
319 5224 399 5279 De
430 5224 529 5277 illo
557 5224 884 5293 conjugato,
928 5218 1027 5290 qui
1058 5235 1188 5272 cum
1218 5219 1336 5272 ﬁlia
1380 5221 1705 5271 matertera:
1756 5230 1895 5280 sum,

270 5314 357 5366 vel
388 5311 677 5375 avunculi,
728 5311 816 5363 vel
847 5308 1059 5373 amitae,
1105 5308 1191 5361 vel
1235 5306 1425 5377 patrui
1468 5304 1555 5358 sui
1589 5302 1899 5358 fornicatus

268 5401 462 5455 fuerit.

194 5494 288 5544 21.
325 5483 399 5542 De
428 5492 588 5557 patre
637 5490 694 5541 et
722 5486 859 5551 ﬁlio,
919 5484 988 5539 de
1017 5482 1316 5541 avunculo,
1351 5484 1405 5535 et
1461 5481 1530 5535 de
1582 5483 1812 5549 nepote,
1853 5478 1900 5531 si

272 5592 406 5631 cum
442 5593 558 5630 una
585 5574 827 5629 muliere
854 5571 1117 5627 fornicati
1155 5571 1389 5626 fuerint.

1987 2314 2069 2365 23.
2104 2314 2181 2366 De
2213 2312 2326 2366 illis
2358 2310 2458 2382 qui
2499 2309 2742 2364 infantes
2773 2327 2905 2365 suos
2958 2311 3088 2366 ideo
3120 2328 3150 2365 a
3180 2311 3464 2383 baptismo
3512 2312 3691 2367 susci-

2056 2403 2243 2471 piunt,
2280 2407 2342 2454 ut
2369 2404 2707 2471 separentur
2734 2416 2767 2452 a
2792 2401 3152 2472 conjugibus.

1986 2490 2073 2542 2i.
2109 2490 2185 2542 De
2212 2489 2412 2542 eadem
2438 2505 2513 2543 re.

1986 2580 2073 2630 25.
2110 2578 2186 2629 De
2220 2577 2421 2629 eadem
2454 2593 2533 2630 re.

1986 2668 2073 2719 26.
2104 2666 2181 2717 De
2219 2665 2418 2718 eadem
2447 2680 2526 2718 re.

1986 2756 2074 2807 27.
2117 2754 2196 2807 De
2238 2753 2595 2821 mulieribus,
2644 2770 2773 2825 quae
2825 2754 3019 2824 aliquo
3069 2753 3367 2807 molimine
3422 2752 3575 2807 inter
3630 2770 3689 2809 se

2056 2840 2429 2895 fornicantur.

1984 2930 2071 2981 28.
2110 2929 2194 2981 ‘De
2228 2928 2781 2994 sanctimonialibus,
2815 2929 2859 2981 si
2906 2930 3055 2982 inter
3085 2945 3141 2982 se
3161 2928 3538 2983 fornicantur.

1984 3018 2072 3069 29.
2108 3016 2184 3069 De
2218 3017 2477 3084 muliere,
2510 3018 2556 3070 si
2585 3034 2714 3071 cum
2738 3020 2914 3071 altera
2942 3017 3219 3071 fornicata
3242 3017 3437 3071 fuerit.

1987 3107 2073 3158 30.
2111 3104 2186 3157 De
2219 3104 2330 3157 illis
2361 3106 2461 3175 qui
2489 3105 2957 3159 irrationabiliter
2990 3104 3194 3157 versati
3229 3110 3382 3158 sunt.

1986 3195 2071 3246 31.
2108 3192 2184 3246 De
2219 3192 2421 3246 eadem
2445 3209 2524 3247 re.

1987 3284 2074 3334 32.
2111 3282 2185 3334 De
2212 3280 2325 3334 illis
2346 3282 2446 3352 qui
2478 3297 2607 3335 cum
2639 3281 2956 3351 pecudibus
2988 3280 3362 3334 fornicantur.

1987 3373 2074 3424 33.
2109 3370 2251 3422 Item
2283 3370 2352 3424 de
2392 3371 2828 3441 quadrupedum
2851 3369 3319 3424 fornicatoribus.

1988 3457 2074 3511 34.
2113 3457 2189 3509 De
2222 3457 2335 3511 illis
2357 3459 2865 3528 qui’fornicantur,
2895 3458 3039 3511 sicut
3066 3457 3393 3513 Sodomitas.

1990 3547 2076 3600 35.
2113 3545 2190 3597 De
2222 3546 2441 3599 clericis
2472 3548 2557 3599 vel
2596 3546 2888 3600 monachis
2942 3546 2988 3599 si
3036 3546 3255 3599 fuerint
3301 3545 3689 3601 masculorum

2062 3632 2447 3687 insectatores.

1992 3722 2077 3773 36.
2120 3720 2194 3773 De
2226 3721 2425 3774 eadem
2458 3735 2538 3774 re.

1993 3813 2077 3862 37.
2116 3809 2192 3861 De
2223 3808 2421 3861 eadem
2452 3824 2537 3861 re.

1992 3906 2078 3957 38.
2112 3903 2253 3957 Item
2287 3903 2356 3957 de
2383 3902 2797 3957 commixtione
2829 3904 3189 3958 animalium.

1993 4003 2078 4054 39.
2125 4000 2201 4052 De
2267 3999 2554 4070 episcopo,
2617 3999 2716 4071 qui
2767 4000 3079 4055 secundum
3132 4004 3397 4055 naturam
3446 4002 3687 4057 fornica-

2064 4093 2155 4142 tus
2180 4088 2373 4142 fuerit.

1991 4188 2080 4241 40.
2115 4186 2187 4238 De
2243 4184 2557 4251 sacerdote,
2615 4184 2714 4255 qni
2764 4202 2865 4255 per
2914 4185 3357 4256 turpiloquium,
3420 4190 3516 4240 aut
3589 4202 3691 4257 per

2062 4279 2429 4345 conspectum
2450 4274 2823 4329 libidinosum
2852 4275 3104 4346 pollutus
3141 4274 3332 4329 fuerit.

1994 4373 2081 4424 41.
2120 4373 2193 4425 De
2225 4372 2423 4425 eadem
2456 4387 2535 4425 re.

1997 4471 2082 4523 42.
2119 4471 2194 4523 De
2219 4467 2331 4521 illis
2392 4466 2494 4538 qui
2522 4484 2625 4538 per
2678 4467 3042 4524 illecebrosos
3097 4471 3389 4539 amplexus
3453 4469 3692 4524 feminas

2068 4558 2352 4627 poHuunL

1996 4657 2083 4709 43.
2138 4655 2213 4708 De
2245 4654 2464 4708 clericis
2521 4655 2622 4726 qui
2680 4670 2784 4724 per
2838 4655 3018 4708 malas
3074 4655 3449 4725 cogitationes
3497 4672 3690 4709 semen

2067 4742 2391 4797 effuderint.

1994 4840 2081 4892 44.
2108 4838 2164 4892 Si
2192 4838 2400 4891 mulier
2431 4837 2635 4891 debeat
2664 4838 2918 4908 separari
2951 4854 2981 4891 a
3038 4838 3155 4891 viro
3188 4853 3310 4906 suo,
3358 4854 3482 4907 quae
3512 4837 3695 4891 tilium

2068 4938 2235 4975 suum
2302 4937 2432 4975 casu
2464 4938 2568 4991 per
2625 4922 3029 4992 negligentiam
3063 4940 3096 4976 a
3150 4923 3302 4975 fonte
3351 4923 3692 4992 susceperit.

1999 5020 2084 5073 45.
2116 5019 2192 5071 De
2230 5033 2319 5083 eo,
2379 5017 2481 5087 qui
2520 5016 2835 5087 spiritalem
2896 5018 3067 5071 habet
3115 5022 3486 5085 compatrem,
3536 5016 3699 5085 cujus

2074 5121 2214 5159 uxor
2264 5110 2583 5159 commater
2624 5122 2738 5159 non
2788 5111 2890 5171 est,
2924 5111 2981 5159 et
3030 5122 3097 5159 eo
3143 5103 3431 5171 defuncto,
3480 5102 3526 5155 si
3576 5103 3698 5172 ejus

2074 5194 2307 5248 viduam
2334 5193 2514 5264 possit
2544 5194 2750 5248 ducere
2782 5209 3037 5247 uxorem.

2004 5294 2093 5346 46.
2133 5293 2207 5345 De
2231 5307 2317 5359 eo,
2351 5292 2395 5344 si
2428 5291 2638 5362 aliquis
2686 5307 2803 5344 suae
2853 5290 3125 5360 spiritalis
3162 5288 3488 5343 commatris
3520 5287 3698 5342 ﬁliam

2078 5396 2317 5434 uxorem
2349 5381 2555 5434 ducere
2586 5380 2782 5451 possit.

2008 5481 2096 5534 47.
2131 5478 2209 5531 De
2238 5476 2508 5547 quodam,
2544 5475 2643 5546 qui
2700 5491 2860 5530 suam
2910 5475 3146 5530 ﬁliolam
3197 5475 3510 5547 spiritalem
3568 5490 3705 5528 con-

2082 5564 2379 5635 stupravit.
