4010 6192
399 264 501 315 919

1472 255 1878 313 BURCHABDI
1919 254 2452 312 WORMACIENSIS
2491 251 2826 312 EPISCOPI.
3723 266 3802 318 920

398 385 486 439 48.
522 384 598 438 De
635 381 885 454 quodam
938 380 1132 450 fratre,
1183 380 1282 451 qui
1311 379 1760 452 impugnabatur
1815 395 1848 434 a
1873 379 2075 451 spiritu
2115 383 2162 434 Α
2191 383 2278 435 53.
2313 379 2389 433 De
2419 378 2780 444 mulieribus,
2813 392 2942 449 qum
2993 379 3194 449 partus
3250 392 3377 432 suos
3426 381 3619 436 occulte
3661 383 3804 441 inter-

469 470 882 526 fornicationis.

399 561 488 614 49.
514 561 592 614 De
633 575 842 630 sponsa
886 557 1075 614 fratris
1131 557 1240 624 sui,
1289 557 1336 611 si
1375 556 1554 611 frater
1597 571 1724 610 eam
1777 555 2088 610 violaverit.

401 649 486 702 50.
530 648 589 703 Si
616 647 714 718 qui
769 647 838 702 de
880 663 993 701 uno
1041 647 1100 700 in
1154 645 1332 700 alium
1361 645 1734 716 transmigrat
1798 645 2095 716 episcopa-

470 743 617 804 tum,
673 742 727 791 et
771 735 1256 806 consanguineam
1314 750 1477 788 suam
1535 734 1825 806 polluerit,
1858 734 1948 788 vel
1989 733 2091 788 ali-

471 827 625 896 quod
650 825 866 879 crimen
896 824 1134 894 capitale
1163 823 1532 877 commiserit.

401 914 484 968 51.
548 916 625 968 De
658 913 1012 980 mulieribus,
1075 928 1201 982 que
1262 912 1494 967 absente
1548 911 1753 966 marito
1823 925 2093 982 concepe-

474 1003 608 1069 rint,
649 1007 706 1056 et
733 1001 934 1056 fastum
963 1001 1314 1054 sustulerint.

402 1094 488 1147 52.
523 1093 603 1145 De
653 1090 766 1144 illis
798 1089 1133 1145 mulieribus
1172 1105 1301 1161 qua:
1335 1089 1485 1144 male
1541 1091 1844 1160 conceptos
1895 1103 2098 1143 necare

471 1179 815 1236 studuerint.

2270 466 2488 521 ficiunt.

2203 557 2288 610 54.
2325 556 2402 610 De
2424 554 2620 609 eadem
2641 571 2721 609 re.

2202 645 2288 698 55.
2324 644 2402 696 De
2433 643 2633 697 eadem
2666 659 2746 695 rc.

2203 734 2289 788 56.
2318 733 2396 786 De
2425 731 2769 786 Sodomittco
2801 733 3046 800 pCL'L‘JttO.

2205 824 2292 875 57.
2328 821 2404 874 De
2434 820 2548 873 illis
2578 819 2676 890 qui
2705 826 3040 887 conceptum
3084 817 3390 872 excutiunt.

2207 912 2292 964 58.
2329 910 2406 962 De
2438 908 2549 961 illis
2578 907 2680 978 qui
2709 906 2958 960 infantes
2987 921 3120 960 suos
3163 907 3551 978 oppresserint.

2207 1001 2295 1052 59.
2331 998 2406 1052 De
2437 1001 2596 1068 patre
2625 1002 2680 1050 et
2709 999 2912 1062 matre,
2945 995 3044 1065 qui
3073 994 3221 1048 filios
3257 1011 3382 1049 suos
3426 997 3566 1067 apud
3593 1015 3645 1053 se
3693 1001 3816 1067 mor-

2278 1092 2406 1139 tuos
2437 1083 2779 1138 invenerint.

2208 1176 2295 1229 60.
2333 1175 2410 1228 De
2442 1173 2552 1226 illis
2581 1171 2814 1227 feminis
2834 1187 2962 1242 quas
2992 1171 3256 1225 abortum
3286 1170 3529 1227 fecerint.

1761 1281 1966 1338 Indicis
2009 1281 2371 1351 capitulorum
2403 1280 2538 1348 ﬁnis,

1653 1583 2656 1710 BURCHARDI

1399 1798 1808 1855 ECCLESIE
1862 1793 2494 1853 WORMACIENSIS
2551 1791 2930 1848 EPISCOPI

605 1985 1604 2118 DECRETOBUM
1704 1982 2146 2114 LIBER
2254 1978 2890 2112 DECIMUS
2997 1977 3679 2118 SEPTIMUS

1772 2237 1874 2302 DE
1920 2233 2542 2301 FORNICATIONE.

891 2532 1372 2589 ARGUMENTUM
1425 2532 1627 2587 LIBRI.

481 2630 646 2686 Liber
693 2630 786 2685 hic
872 2630 1335 2695 fornicationem,
1422 2633 1478 2684 et
1549 2627 1832 2682 incestum
1897 2625 2106 2682 diversi

409 2721 634 2792 generis
695 2719 1114 2790 complectitur,
1167 2723 1224 2772 et
1276 2735 1405 2789 quae
1457 2716 1755 2783 correctio,
1815 2715 2104 2786 pmniten-

409 2811 601 2881 tiaque
660 2808 747 2877 iis,
807 2808 908 2880 qui
959 2809 1047 2862 bis
1111 2808 1263 2862 vitiis
1310 2812 1446 2862 sunt
1483 2806 1748 2876 involuti,
1808 2806 2104 2872 debeatur,

411 2899 590 2952 docet.

412 3005 538 3060 CAP.
564 3006 605 3059 Ι.
639 3033 705 3044 -
731 3007 804 3059 De
834 3003 1076 3069 muliere,
1122 3018 1241 3072 qua
1278 3018 1399 3058 cum
1425 3002 1632 3056 duobus
1681 3001 1961 3070 fratribus
1988 3003 2106 3068 for-

1103 3077 1289 3127 nicata
1318 3079 1414 3128 est.

482 3163 604 3232 (Ea:
632 3163 854 3218 concilio
883 3162 1200 3228 Neocaesar.,
1252 3167 1428 3229 capite
1446 3162 1536 3231 2.)
1580 3160 1779 3217 Mulier
1804 3161 1849 3214 si
1885 3161 2107 3216 duobus

410 3251 686 3305 fratribus
746 3249 1022 3318 nupserit,
1075 3249 1376 3318 abjiciatur
1442 3265 1623 3319 usque
1670 3250 1740 3304 ad
1812 3255 2103 3305 mortem:

409 3344 809 3392 verumtamen
837 3337 898 3390 in
932 3336 1088 3392 exitu
1121 3344 1354 3408 propter
1383 3337 1854 3405 misericordiam,
1888 3338 1936 3391 si
1974 3353 2105 3407 pro-

412 3427 635 3481 miserit
700 3425 856 3496 quod
910 3425 1055 3479 facta
1120 3425 1444 3492 incolumis,
1475 3427 1643 3497 hujus
1690 3427 2107 3496 conjunctionis

411 3516 640 3570 vincula
667 3515 956 3581 dissolvat,
1008 3515 1258 3569 fructum
1302 3515 1654 3585 poenitentia:
1708 3521 2105 3586 consequatur,

411 3610 468 3660 et
499 3603 828 3658 communio
859 3602 913 3656 ei
963 3603 1329 3658 concedatur.
1381 3604 1537 3666 Quod
1579 3605 1626 3658 si
1682 3604 1955 3659 defecerit
1999 3605 2106 3671 vir,

411 3697 513 3748 aut
540 3693 750 3748 mulier
778 3691 839 3746 in
866 3691 1076 3747 talibus
1105 3691 1344 3762 nuptiis,
1375 3692 1620 3747 difﬁcilis
1669 3693 1779 3748 erit
1822 3693 2107 3764 pmniten-

290 3827 304 3853 λ
411 3782 493 3838 tia
523 3780 583 3835 in
622 3781 738 3836 vita
764 3781 1148 3853 permanenti.

877 3887 1004 3942 CAP.
1038 3887 1108 3941 II.
1140 3915 1208 3928 --
1247 3889 1320 3940 De
1357 3885 1542 3941 eadem
1570 3903 1647 3942 re.

487 3997 606 4069 (Ea:
625 3997 822 4051 decret.
862 3999 1096 4052 Martini
1138 4013 1316 4066 papa,
1349 3999 1524 4065 capite
1553 3999 1632 4067 9.)
1664 3996 1722 4052 Si
1754 4013 1868 4068 qua
1905 3997 2115 4054 mulier

416 4085 560 4140 duos
594 4086 815 4152 fratres,
856 4089 954 4138 aut
999 4086 1046 4137 si
1086 4085 1216 4156 quis
1253 4083 1340 4136 vir
1369 4084 1509 4138 duas
1541 4101 1745 4139 uxores
1801 4086 2047 4154 duxerit,
2081 4102 2115 4140 θ.

415 4173 820 4228 communione
850 4178 1187 4244 separentur
1209 4188 1387 4251 usque
1409 4174 1479 4228 ad
1506 4178 1772 4229 mortem.
1801 4176 1865 4228 In
1906 4179 2112 4244 morte,

419 4278 522 4332 pro
553 4261 944 4315 misericordia
976 4261 1244 4315 viaticum
1277 4261 1578 4332 accipiant.

422 4369 550 4422 CAP.
586 4368 678 4422 III.
710 4396 780 4406 —
809 4369 881 4420 De
907 4368 1001 4421 illo
1029 4369 1128 4435 qui
1154 4383 1273 4421 cum
1301 4367 1513 4423 duabus
1552 4370 1830 4424 sororibus
1863 4371 2114 4437 fornica-

743 4443 828 4491 tus
873 4444 969 4503 est,
1003 4454 1237 4508 quarum
1269 4454 1376 4492 una
1404 4455 1546 4495 uxor
1592 4443 1796 4506 fuerat.

495 4524 604 4593 (Ea:
632 4525 852 4579 concilio
878 4526 1188 4592 Aurelian,
1222 4529 1400 4596 capite
1429 4528 1504 4598 6.)
1527 4528 1634 4592 Qui
1660 4527 1959 4582 dormierit
1985 4543 2118 4582 cum

422 4612 643 4668 duabus
685 4613 988 4679 sororibus,
1026 4622 1084 4669 et
1129 4631 1242 4668 una
1296 4631 1359 4668 ex
1407 4615 1524 4670 illis
1561 4621 1730 4672 antea
1781 4632 1922 4670 uxor
1985 4617 2116 4685 fuit,

424 4708 686 4756 neutram
718 4719 784 4756 ex
815 4702 954 4773 ipsis
983 4703 1190 4757 habeat
1223 4719 1236 4756 :
1273 4718 1376 4756 nec
1424 4704 1535 4774 ipsi
1565 4704 1813 4760 adulteri
1858 4721 2118 4777 unquam

422 4790 546 4861 conj
556 4791 689 4861 ugio
717 4791 1075 4862 copulentur.

423 4895 554 4950 CAP.
580 4895 666 4949 IV.
699 4923 768 4934 —-
821 4897 895 4949 De
939 4894 1036 4948 illo
1061 4896 1159 4962 qui
1198 4908 1255 4949 se
1282 4895 1568 4960 ignorante
1590 4910 1708 4950 cum
1755 4911 1936 4950 sorore
1981 4912 2118 4952 umo-

920 4967 1000 5019 ris
1037 4979 1148 5019 suie
1188 4967 1494 5032 fornicatus
1523 4970 1624 5020 est.

492 5070 602 5142 (Ea:
632 5069 854 5126 concilio
889 5071 1129 5139 Tribur.,
1161 5085 1282 5140 cap.
1318 5074 1399 5140 8.)
1458 5073 1519 5126 In
1553 5072 1759 5126 lectum
1795 5070 1987 5126 mariti
2017 5071 2116 5126 ab-
2145 5089 2188 5143 υ

423 5165 584 5214 sente
628 5175 801 5214 uxore
861 5175 1020 5213 soror
1056 5159 1159 5214 ivit
1218 5161 1453 5215 uxoris:
1495 5176 1672 5232 quam
1731 5160 1827 5214 ille
1879 5177 2119 5215 uxorem

423 5263 586 5302 suam
624 5251 853 5318 putans,
903 5248 1177 5302 dormivit
1223 5263 1353 5303 cum
1384 5265 1468 5303 ea.
1516 5249 1701 5319 Super
1755 5249 1865 5303 hoc
1934 5249 2120 5304 visum

423 5342 526 5404 est,
577 5335 625 5389 si
671 5336 792 5407 ipse
841 5353 943 5406 per
987 5336 1350 5392 securitatem
1380 5353 1572 5392 veram
1610 5338 1720 5393 hoc
1773 5337 2116 5409 probaverit,

424 5425 578 5496 quod
609 5423 818 5479 inscius
846 5425 1046 5480 fecerit
1069 5425 1176 5482 hoc
1201 5427 1403 5492 scelus,
1443 5426 1842 5498 paenitentiam
1885 5425 2118 5498 quidem

423 5529 554 5586 quas
572 5512 684 5569 sibi
716 5513 963 5569 indicata
989 5514 1162 5570 fuerit
1199 5522 1350 5587 agat,
1385 5515 1707 5586 legitimum
1751 5531 1918 5570 suum
1983 5530 2120 5569 con-

2137 2531 2177 2584 B
2210 2529 2439 2600 jugium
2483 2529 2692 2584 habere
2746 2529 3160 2598 permittatur:
3210 2527 3372 2583 illam
3423 2529 3584 2601 digna
3645 2526 3831 2581 vindicta

2217 2617 2416 2689 affligi,
2442 2620 2499 2672 et
2529 2617 2590 2671 in
2617 2621 2896 2671 aeternum
2930 2616 3194 2688 conjugio
3222 2617 3454 2687 privari.

2687 2705 2815 2760 CAP.
2842 2705 2904 2758 V.
2937 2735 3005 2744 —
3038 2708 3115 2760 De
3143 2705 3330 2759 eadem
3366 2721 3440 2760 re.

2289 2795 2398 2865 (Ea:
2424 2794 2622 2860 eodem,
2655 2795 2833 2865 capite
2863 2795 2938 2864 9.)
2967 2793 3021 2848 Si
3054 2793 3181 2865 quis
3219 2810 3354 2847 cum
3383 2793 3585 2848 duabus
3611 2790 3835 2844 sororibus

2217 2881 2528 2936 fornicatus
2556 2881 2751 2947 fuerit,
2799 2887 2858 2936 et
2901 2899 3062 2936 soror
3121 2899 3378 2936 sororem
3410 2883 3477 2936 ab
3505 2882 3680 2935 eodem
3714 2884 3837 2932 antea

2221 2975 2540 3039 stupratam
2572 2971 2840 3024 nescierit
2871 2972 2954 3024 vel
3006 2971 3050 3024 si
3098 2972 3219 3042 ipse
3271 2985 3521 3026 sororem
3555 2970 3662 3040 ejus
3707 2982 3833 3037 quam

2221 3063 2388 3112 antea
2437 3058 2718 3130 stupravit
2763 3075 2880 3113 non
2909 3059 3274 3128 intellexerit,
3325 3060 3373 3114 si
3415 3059 3576 3129 digne
3615 3057 3836 3127 pmnitue-

2218 3147 2356 3212 rint,
2397 3151 2455 3201 et
2485 3147 2531 3200 si
2561 3163 2619 3200 se
2665 3148 2960 3202 continere
3009 3164 3125 3202 non
3181 3147 3479 3210 valuerint,
3534 3151 3647 3217 post
3699 3157 3834 3196 annos

2219 3241 2437 3306 septem
2465 3235 2732 3306 conjugia
2778 3235 2892 3290 illis
2958 3253 3073 3290 non
3131 3243 3433 3307 negentur.
3460 3236 3514 3290 Si
3560 3239 3720 3288 autem
3752 3246 3833 3285 non

2220 3323 2648 3394 ignoraverunt,
2701 3341 2881 3396 usque
2919 3325 2990 3380 ad
3042 3313 3349 3379 mortema
3409 3324 3648 3395 conjugio
3705 3320 3830 3374 absti-

2220 3417 2414 3467 neant.
2841 3441 2848 3446 -

2682 3500 2807 3554 CAP.
2831 3500 2920 3556 VI.
2953 3531 3022 3540 —
3055 3503 3129 3556 De
3157 3500 3343 3555 eadem
3379 3516 3453 3554 re.

2293 3589 2398 3658 (Ea:
2423 3587 2626 3656 eodem,
2675 3592 2852 3659 capite
2890 3589 2993 3659 10.)
3028 3589 3086 3644 Si
3137 3589 3267 3660 quis
3297 3605 3426 3643 cum
3454 3587 3655 3642 duabus
3679 3581 3838 3639 sorori-

2220 3675 2327 3731 bus
2379 3677 2693 3731 fornicatus
2724 3678 2919 3744 fuerit,
2950 3678 3036 3731 vir
3077 3678 3280 3732 diebus
3309 3678 3437 3731 vitae
3466 3693 3573 3730 suae
3612 3674 3837 3747 paeniteat.

2220 3763 2394 3818 Soror
2427 3769 2618 3818 autem
2652 3781 2780 3835 qua:
2811 3765 2880 3820 de
2920 3765 3032 3819 alia
3077 3781 3269 3820 sorore
3318 3764 3564 3831 nescivit,
3614 3759 3839 3817 licentiam

2221 3851 2429 3906 habeat
2455 3852 2728 3906 nubendi.

2223 3958 2350 4014 Car.
2386 3959 2497 4012 VII.
2539 3988 2604 3998 —
2661 3961 2797 4014 Item
2829 3959 2895 4014 de
2947 3961 3040 4014 illo
3088 3962 3185 4029 qui
3219 3977 3342 4015 cum
3391 3959 3594 4014 duabus
3631 3953 3842 4012 sororibus

2646 4036 2841 4084 neutra
2868 4047 3036 4084 umore
3063 4034 3368 4098 fornicatus
3397 4037 3492 4084 est.

2295 4118 2403 4188 (Em
2434 4117 2632 4184 eodem,
2664 4121 2840 4188 capite
2883 4121 2992 4186 ll.)
3021 4119 3297 4173 Similiter
3319 4125 3376 4173 et
3405 4118 3471 4171 de
3501 4115 3697 4170 duabus
3723 4125 3841 4165 soro-

2224 4207 2382 4260 ribus
2413 4206 2512 4276 qui
2561 4223 2690 4260 cum
2723 4223 2835 4260 una
2891 4207 2949 4260 in
3007 4206 3288 4260 adulterio
3348 4207 3572 4273 mansit,
3622 4210 3673 4256 et
3717 4199 3844 4253 aliam

2224 4295 2450 4365 publice
2505 4295 2746 4365 accepit,
2804 4311 2920 4350 non
2976 4295 3187 4348 habeat
3239 4295 3536 4348 mulierem
3595 4292 3768 4359 usque‘
3801 4283 3842 4336 in

2224 4384 2376 4438 diem
2409 4384 2608 4437 mortis
2638 4400 2775 4451 suae,
2821 4389 2878 4438 et
2907 4383 3005 4437 illa
3059 4399 3186 4454 quae
3219 4383 3476 4452 nescivit,
3525 4378 3732 4449 accipiat
3756 4389 3838 4428 ma-

2225 4473 2415 4526 ritum.

2228 4561 2356 4614 (Ἀρ.
2382 4560 2516 4614 VIII.
2555 4589 2622 4599 —-
2649 4562 2722 4614 De
2761 4562 2855 4614 illo
2888 4563 2985 4629 qui
3035 4575 3154 4614 cum
3206 4559 3420 4615 duabus
3460 4556 3720 4617 sororibus,
3759 4563 3841 4629 cum.

2296 4647 2542 4695 noverca,
2609 4633 2692 4685 vel
2739 4647 2857 4685 cum
2894 4617 3073 4686 sorore
3117 4646 3237 4696 sua,
3294 4632 3378 4685 vel
3421 4647 3536 4684 cum
3588 4629 3746 4686 amita,
3786 4617 3842 4696 ret

2299 4689 2587 4755 matertera
2637 4716 2758 4765 sua,
2798 4703 2880 4755 vel
2935 4719 3053 4756 cum
3110 4689 3235 4768 ﬁlia,
3281 4703 3491 4770 patrui,
3534 4700 3605 4752 vet
3649 4689 3842 4770 avuncutf

2297 4775 2404 4832 sui,
2448 4773 2531 4826 vel
2583 4787 2704 4826 cum
2732 4757 2850 4840 filia
2880 4775 3082 4840 amitae,
3110 4757 3219 4826 ὐει
3269 4757 3564 4826 {matertera
3623 4757 3844 4842 suz.___rf-I

2299 4830 2417 4896 cuin
2446 4847 2601 4910 nepte
2638 4830 2757 4908 sua,
2789 4845 2872 4897 vet
2909 4858 3028 4896 cum
3069 4830 3389 4909 'commatre,
3438 4843 3518 4895 vel
3568 4854 3670 4892 cum
3721 4830 3845 4910 ﬁliola

2299 4929 2460 4982 quam
2492 4903 2558 4970 de
2601 4903 2753 4978 fonte
2799 4917 3058 4983 suscepit,
3117 4915 3200 4967 vel
3229 4903 3687 4982 ante'episcopum
3721 4903 3846 4958 ιεπυέε

2298 4988 2600 5050 fornicatus
2619 4987 2808 5050 fuerit.

2301 5072 2408 5142 (Ea:
2435 5073 2658 5126 concilio
2704 5074 2971 5141 Mogunt.,
3017 5075 3195 5142 capite
3221 5072 3295 5142 3.)
3320 5071 3377 5126 Si
3432 5069 3554 5142 quis
3603 5061 3847 5120 fornicatus

2227 5159 2400 5214 fuerit
2452 5175 2582 5212 cum
2651 5159 2871 5214 duabus
2936 5161 3249 5228 sororibus,
3325 5161 3411 5213 vel
3492 5172 3611 5211 cum
3666 5158 3846 5205 novem

2229 5264 2353 5313 sua,
2388 5249 2475 5302 vel
2531 5263 2661 5301 cum
2718 5265 2912 5303 sorore
2971 5265 3093 5316 sua,
3129 5250 3214 5303 vel
3275 5265 3405 5302 cum
3448 5246 3610 5300 amita
3650 5254 3751 5300 sua.
3783 5230 3844 5284 "1

2230 5353 2357 5391 cum
2419 5341 2724 5390 matertera
2777 5353 2899 5403 sua,
2958 5338 3044 5392 vel
3107 5354 3236 5392 cum
3285 5337 3403 5390 tilia
3456 5331 3628 5406 patrui
3674 5325 3762 5389 sui,
3807 5323 3845 5371 εί

2230 5425 2500 5480 avunculi
2529 5425 2639 5489 sui,
2694 5425 2782 5479 vel
2813 5441 2944 5480 cum
3007 5426 3126 5480 filia
3156 5426 3343 5480 amita:
3397 5440 3530 5490 sum,
3555 5420 3657 5473 sive
3683 5416 3843 5468 maler-

2230 5520 2370 5570 teree
2400 5530 2534 5579 suae,
2567 5529 2698 5569 cum
2739 5520 2910 5587 nepte
2959 5533 3080 5584 sua,
3113 5517 3195 5570 vel
3250 5531 3382 5570 cum
3437 5512 3713 5567 commatre
3767 5513 3839 5552 sua
