3972 6192
147 257 257 309 921

957 254 1419 310 DECRETORUM
1464 255 1645 309 LIBRI
1683 256 1788 310 XX.
1830 286 1874 293 —

2061 257 2145 310 ΕΠ
2187 256 2395 311 ΒΕΕΙΜ
2410 257 2492 311 US
2530 255 2896 311 SEPTIMUS.

3560 260 3666 313 9'22

150 380 261 429 aut
293 374 473 429 ﬁliola
503 390 624 441 sua,
653 373 770 428 sive
800 390 974 446 quam
1007 374 1076 428 de
1109 375 1263 429 fonte
1298 375 1565 446 suscepit,
1603 377 1689 431 vel
1720 381 1850 431 ante
1882 382 1927 432 A
1969 378 2097 432 Cap.
2130 379 2269 434 XIII.
2291 408 2359 418 --
2408 382 2477 434 De
2523 380 2615 433 illo
2644 380 2741 448 qui
2789 383 3136 448 stupraverat
3175 380 3469 450 quamdam
3499 398 3663 450 quam

152 465 499 535 episcopum
545 463 751 531 tenuit,
814 467 869 516 et
928 462 974 515 si
1030 479 1141 534 qua
1196 465 1405 518 mulier
1452 465 1626 519 simili
1684 466 1857 519 modo

154 553 446 607 fornicata
501 550 698 619 fuerit,
752 550 1032 605 abstineat
1085 568 1144 605 se
1201 554 1273 606 ab
1341 554 1602 623 ingressu
1657 554 1862 608 domus

161 642 269 695 Dei
302 656 536 701 annum.
599 646 653 693 et
697 640 897 694 eodem
928 657 1078 694 anno
1128 640 1239 694 nisi
1292 642 1591 696 dominicis
1624 647 1678 696 et
1708 643 1863 697 festis

162 730 372 785 diebus
431 729 798 783 solummodo
851 745 997 799 pane
1043 733 1098 783 et
1154 746 1303 799 aqua
1358 737 1415 784 et
1444 732 1859 799 sale‘utatur:

162 835 331 872 arma
355 834 472 871 non
500 818 667 886 ferat,
699 819 955 871 osculum
989 818 1136 871 nulli
1188 818 1461 888 prmbeat,
1523 819 1865 873 sacriﬁcium

164 908 285 961 nisi
337 923 439 977 pro
483 907 685 959 viatico
748 906 986 960 minime
1026 914 1234 961 sumat.
1299 906 1407 961 Sex
1452 907 1660 961 deinde
1704 908 1868 961 annis

165 996 535 1067 ingrediatur
572 995 807 1065 quidem
856 996 1091 1049 domum
1145 995 1244 1049 Dei
1287 1012 1299 1049 :
1356 995 1453 1049 sed
1492 995 1780 1061 carnibus,
1814 1002 1871 1050 et

164 1085 329 1151 vino,
387 1100 450 1137 ac
501 1084 682 1137 sicera
732 1084 970 1138 minime
1022 1089 1241 1149 utatur,
1296 1084 1410 1138 nisi
1449 1085 1606 1139 festis
1646 1085 1865 1139 diebus.

170 1175 251 1228 De
286 1173 457 1227 armis
489 1189 622 1227 vero
654 1178 710 1227 et
735 1172 962 1239 osculis,
995 1172 1112 1227 sive
1157 1172 1456 1239 sacriﬁcio,
1507 1173 1655 1228 sicut
1698 1190 1873 1244 supra

169 1263 450 1334 scriptum
499 1266 603 1316 est.
670 1263 874 1316 Postea
952 1278 1087 1315 vero
1159 1262 1381 1316 duobus
1429 1262 1594 1315 annis
1644 1263 1871 1333 quando

168 1367 343 1405 carne
370 1350 637 1416 vescitur,
670 1366 703 1404 a
759 1356 899 1420 potu
947 1350 1105 1404 omni
1144 1366 1259 1421 quo
1293 1350 1565 1405 inebriari
1595 1356 1784 1421 potest
1813 1367 1871 1406 se

167 1439 482 1495 contineat.
521 1441 582 1493 Et
615 1439 661 1493 si
690 1439 897 1492 biberit
926 1444 1149 1510 potum,
1198 1438 1433 1493 minime
1472 1455 1642 1493 carne
1692 1456 1877 1493 vesca-

165 1534 288 1594 tur,
322 1529 534 1599 absque
568 1527 877 1598 praecipuis
922 1527 1081 1582 festis
1129 1527 1349 1581 diebus.
1402 1528 1479 1581 De
1524 1528 1700 1582 armis
1739 1544 1872 1582 vero

166 1617 260 1672 vel
295 1618 509 1682 osculo,
543 1622 599 1670 et
645 1616 941 1681 sacriﬁcio,
994 1616 1229 1670 modum
1263 1620 1453 1670 teneat
1479 1616 1596 1686 jam
1631 1616 1866 1671 dictum.

169 1707 315 1761 Inde
360 1722 539 1777 usque
584 1706 654 1759 ad
702 1706 922 1760 obitum
974 1721 1167 1774 suum,
1217 1705 1329 1759 nisi
1376 1704 1665 1776 praedictis
1713 1706 1873 1759 festis

170 1793 377 1847 diebus
424 1809 655 1847 acerne
703 1793 1035 1848 abstineat:
1098 1800 1211 1848 tres
1262 1794 1432 1848 ferias
1478 1795 1766 1866 legitimas
1813 1794 1873 1847 in

172 1882 340 1936 omni
383 1882 763 1948 hebdomade,
814 1887 870 1936 et
911 1887 1028 1936 tres
1074 1884 1545 1954 quadragesimas
1604 1884 1664 1937 in
1714 1899 1866 1937 anno

171 1969 432 2041 legitime
482 1970 778 2025 custodiat.
826 1974 904 2026 De
958 1975 1133 2026 armis
1180 1989 1313 2027 vero
1369 1980 1430 2027 ut
1480 1973 1871 2043 supradictum

174 2066 286 2123 est,
324 2066 379 2113 et
404 2075 701 2130 nunquam
731 2059 1039 2130 aliquando
1095 2061 1362 2131 conjugio
1391 2062 1708 2130 copuletur.
1742 2061 1874 2115 Haec

173 2147 379 2202 eadem
451 2147 792 2217 pmnitentia
848 2147 1200 2219 imponenda
1252 2155 1336 2202 est
1415 2149 1723 2219 patricidis,
1779 2149 1869 2202 vel

172 2235 503 2303 fratricidis,
534 2236 620 2288 vel
650 2236 1108 2306 consanguineis,
1162 2252 1266 2290 nec
1298 2253 1413 2290 non
1449 2240 1502 2290 et
1533 2236 1633 2307 qui
1666 2240 1871 2306 sponte

172 2339 280 2394 per
354 2324 611 2378 fraudem
678 2328 735 2377 et
789 2326 1109 2391 avaritiam,
1200 2324 1499 2379 hominem
1574 2323 1873 2378 innoxium

175 2412 470 2479 occidunt,
503 2411 653 2483 quod
683 2412 1047 2467 morchidum
1074 2418 1291 2466 vocant.

174 2537 309 2592 CAP.
344 2538 430 2591 IX.
462 2566 532 2575 --
561 2539 633 2591 De
664 2537 755 2591 illo
786 2539 882 2605 qui
930 2552 1049 2590 cum
1074 2540 1301 2590 matrem
1348 2535 1596 2591 habuerit
1629 2551 1872 2601 umorem,

562 2623 681 2662 cum
708 2610 948 2677 ﬁtiastra
974 2609 1280 2674 fornicatus
1304 2610 1494 2673 fuerit.

250 2734 363 2797 (Ea:
433 2730 630 2799 eodem,
689 2734 865 2801 capite
909 2731 993 2800 2.)
1040 2731 1097 2786 Si
1154 2731 1281 2802 quis
1338 2731 1570 2785 viduam
1630 2745 1874 2785 uxorem

176 2818 428 2885 duxerit,
464 2824 519 2873 et
567 2825 761 2889 postea
805 2836 935 2873 cum
989 2819 1227 2873 ﬁliastra
1275 2836 1375 2873 sua
1414 2819 1722 2873 fornicatus
1751 2819 1874 2873 fue-

176 2910 277 2973 rit,
320 2924 415 2961 seu
470 2924 597 2961 cum
647 2908 868 2961 duabus
921 2908 1207 2962 sororibus
1258 2907 1647 2968 concubuerit,
1691 2914 1790 2962 aut
1829 2909 1875 2962 si
1911 2948 1952 3002 Ε

179 3014 300 3067 qua
351 2996 573 3050 duobus
624 2996 896 3050 fratribus
945 2996 1224 3066 nupserit,
1282 3012 1377 3049 seu
1426 3012 1556 3049 cum
1605 3001 1768 3066 patre
1825 3000 1880 3050 et

182 3085 306 3140 ﬁlio
350 3085 623 3138 fornicata
672 3085 864 3150 fuerit,
916 3086 1055 3138 tales
1108 3084 1498 3154 copulationes
1546 3086 1879 3139 anathema-

180 3174 351 3227 tizari
380 3178 435 3226 et
464 3172 719 3243 disjungi
763 3172 1152 3244 przecipimus,
1206 3189 1309 3226 nec
1338 3189 1593 3244 unquam
1634 3174 1881 3243 amplius

183 3260 458 3332 conjugio
490 3262 765 3331 copulari,
811 3262 907 3315 sed
955 3262 1059 3315 sub
1100 3277 1307 3332 magna
1348 3261 1702 3316 districtione
1734 3261 1879 3316 fieai.

664 3369 794 3422 CAP.
830 3370 887 3422 X.
921 3396 989 3408 —-
1023 3372 1096 3422 De
1124 3369 1307 3422 eadem
1341 3385 1419 3422 re.

261 3475 384 3541 (Ex
429 3475 650 3528 concilio
689 3475 839 3544 apud
890 3476 1236 3539 Vermeriam,
1286 3476 1462 3543 capite
1506 3476 1617 3544 10.)
1657 3474 1713 3528 Si
1756 3473 1885 3544 quis

189 3579 323 3616 cum
354 3562 589 3616 ﬁliastra
619 3579 721 3616 sua
754 3563 1066 3617 fornicatus
1116 3563 1306 3629 fuerit,
1359 3579 1461 3615 nec
1490 3567 1729 3615 matrem
1783 3579 1887 3616 nec

189 3652 371 3707 ﬁliam
398 3656 584 3722 potest
612 3652 820 3706 habere
854 3669 866 3706 :
927 3668 1031 3706 nec
1059 3652 1178 3716 illa,
1215 3667 1317 3705 nec
1356 3651 1448 3704 ille
1482 3651 1609 3704 aliis
1640 3667 1696 3704 se
1727 3656 1885 3721 pote-

191 3745 331 3794 runt
379 3740 727 3810 conjungere
797 3741 914 3795 ullo
968 3756 1221 3811 unquam
1283 3745 1564 3809 tempore.
1622 3743 1887 3794 Attamen

193 3843 337 3882 nxor
380 3829 525 3897 ejus,
576 3828 624 3881 si
666 3829 746 3883 ita
794 3828 1058 3891 voluerit,
1114 3833 1169 3881 et
1216 3827 1262 3881 si
1309 3844 1367 3880 se
1416 3826 1711 3881 continere
1768 3842 1888 3879 non

190 3920 403 3986 potest,
439 3916 486 3969 si
536 3922 909 3987 posteaquam
951 3916 1218 3986 cognovit
1259 3916 1415 3987 quod
1463 3932 1593 3969 cum
1639 3915 1757 3969 ﬁlia
1787 3931 1890 3968 sua

192 4005 280 4057 vir
306 4006 432 4074 ejus
464 4006 571 4059 fuit
599 4007 657 4059 in
712 4005 1019 4073 adulterio,
1064 4005 1289 4059 carnale
1321 4004 1726 4059 commercium
1759 4020 1888 4058 cum

192 4110 261 4148 eo
288 4110 404 4147 non
438 4094 655 4160 habuit,
690 4094 737 4147 si
771 4095 891 4148 vult
917 4094 1015 4148 alii
1043 4094 1261 4148 nubere
1294 4098 1499 4163 potest.

269 4219 393 4273 CAP.
424 4220 508 4272 XI.
541 4248 609 4258 —
641 4219 721 4272 De
744 4219 834 4273 illo
865 4221 963 4287 qui
989 4234 1109 4271 cum
1145 4233 1370 4271 noverca
1394 4219 1699 4283 fornicatus
1723 4220 1818 4270 est.

270 4327 382 4392 (Ex
420 4324 620 4390 eodem,
654 4328 831 4393 capite
869 4326 983 4394 2t.)
1032 4324 1088 4378 Si
1137 4324 1266 4395 quis
1315 4339 1443 4377 cum
1504 4339 1743 4376 noverca
1793 4338 1894 4375 sua

194 4413 519 4479 dormierit,
555 4418 756 4466 neuter
787 4418 1029 4483 possunt
1080 4412 1149 4466 ad
1180 4412 1513 4482 conjugium
1542 4410 1840 4481 pervenire
1876 4427 1889 4464 :

194 4502 296 4555 sed
345 4501 429 4554 vir
478 4503 599 4572 ejus
657 4507 843 4572 potest
896 4502 942 4555 si
994 4501 1118 4556 vult
1174 4501 1343 4554 aliam
1403 4500 1677 4568 accipere,
1734 4498 1779 4552 si
1837 4515 1895 4552 se

194 4590 495 4644 continere
553 4606 669 4644 non
723 4595 931 4660 potest,
984 4590 1251 4644 similiter
1319 4589 1419 4659 qui
1466 4605 1596 4642 cum
1656 4588 1888 4641 tiliastra

194 4695 321 4745 sua,
358 4679 443 4732 vel
475 4695 605 4733 cum
644 4696 839 4733 sorore
876 4680 1069 4733 uxoris
1117 4695 1234 4732 sua:
1275 4676 1577 4732 dormierit
1607 4682 1753 4730 stare
1784 4693 1892 4746 po-

193 4772 328 4821 test.

194 4892 325 4944 Car.
360 4891 471 4945 Xll.
505 4920 578 4932 —
608 4891 687 4945 De
704 4892 795 4945 illo
827 4892 1061 4962 quicum
1093 4891 1347 4957 ﬁliastra,
1388 4890 1673 4957 ignorante
1700 4892 1894 4953 matre,

842 4964 1140 5029 fornicatus
1171 4966 1269 5016 cst.

268 5068 380 5138 (Ea:
418 5068 617 5134 eodem,
674 5072 851 5139 capite
899 5068 980 5135 4.)
1042 5068 1099 5122 Si
1149 5068 1277 5139 quis
1308 5082 1436 5121 cum
1468 5070 1648 5119 matre
1678 5069 1732 5118 et
1782 5064 1901 5119 ﬁlia

192 5157 509 5210 fornicatus
536 5161 636 5223 est,
669 5157 972 5227 ignorante
1026 5160 1207 5210 matre
1260 5156 1327 5208 de
1382 5155 1520 5219 tilia,
1571 5156 1627 5206 et
1666 5153 1781 5206 ﬁlia
1828 5153 1898 5206 de

197 5250 407 5310 matre,
440 5244 536 5297 ille
585 5261 880 5314 nunquam
931 5244 1175 5314 accipiat
1219 5258 1450 5296 uxorem
1487 5258 1500 5295 :
1532 5240 1645 5296 illae
1687 5257 1819 5294 vero
1853 5240 1900 5294 si

196 5332 490 5385 voluerint
536 5332 818 5403 accipiant
871 5332 1124 5387 maritos.
1184 5331 1243 5386 Si
1299 5336 1491 5383 autem
1532 5330 1638 5382 hoc
1668 5328 1901 5381 scierint

197 5421 342 5492 ipsae
389 5420 662 5489 femine,
717 5421 930 5492 absque
1002 5420 1223 5474 maritis
1281 5418 1342 5473 in
1390 5423 1736 5489 perpetuum
1786 5432 1902 5470 ma-

198 5513 398 5565 neant.

2286 452 2465 516 frater
2494 450 2610 518 ejus
2626 454 2817 519 postea
2838 450 3071 504 duxerat
3101 467 3339 504 umorem.

2043 555 2154 623 (Ea:
2198 555 2399 623 eodem,
2455 558 2631 625 capite
2679 556 2753 627 5.)
2809 555 2867 609 Si
2923 556 3095 609 homo
3153 556 3466 610 fornicatus
3497 556 3668 613 fuerit

1972 658 2101 696 cum
2134 643 2392 706 muliere,
2426 648 2480 695 et
2509 642 2683 696 frater
2737 643 2865 713 ejus
2902 644 3156 697 nesciens
3193 645 3454 699 eamdem
3488 646 3666 700 duxe-

1976 730 2044 783 rit
2077 745 2310 784 uxorem
2357 745 2368 782 :
2415 730 2586 782 frater
2616 746 2683 782 eo
2736 710 2887 801 quod
2919 731 3079 784 fratri
3109 731 3326 785 crimen
3379 733 3665 801 celaverit,

1974 819 2267 889 poeniteat,
2306 823 2362 873 et
2392 824 2521 889 post
2549 820 2947 888 paenitentiam
2990 820 3186 874 nubat.
3240 821 3441 875 Mulier
3477 827 3669 875 autem

1976 924 2157 979 usque
2213 907 2283 962 ad
2335 914 2579 961 mortem
2649 909 2943 978 poeniteat,
3003 912 3058 962 et
3101 910 3222 962 sine
3266 926 3365 980 spe
3414 909 3670 981 conjugii

1978 1001 2225 1053 maneat.

2412 1123 2539 1176 CAP.
2575 1122 2702 1176 XIV.
2734 1152 2799 1160 —
2830 1124 2904 1176 De
2941 1121 3124 1176 eadem
3152 1139 3228 1177 re.

2051 1229 2169 1300 (Ea:
2201 1228 2401 1295 eodem,
2433 1231 2609 1298 capite
2637 1227 2717 1296 6.)
2749 1227 2806 1282 Si
2839 1228 3013 1281 frater
3039 1244 3169 1282 cum
3218 1228 3459 1284 muliere
3490 1229 3668 1284 forni-

1980 1323 2137 1373 catus
2181 1318 2373 1384 fuerit,
2420 1322 2477 1371 et
2528 1318 2702 1371 frater
2749 1316 3008 1370 nesciens
3045 1333 3176 1371 cum
3220 1318 3422 1372 eadem
3466 1334 3670 1372 concu-

1980 1408 2188 1472 buerit,
2219 1407 2425 1460 mulier
2481 1407 2683 1460 diebus
2719 1406 2848 1459 vitae
2894 1423 3011 1459 suae
3060 1407 3350 1477 paeniteat,
3394 1412 3527 1478 post
3566 1423 3676 1478 pm-

1983 1496 2285 1551 nitentiam
2317 1501 2527 1563 autem,
2566 1494 2738 1549 frater
2787 1495 3019 1565 ignarus
3064 1495 3293 1549 sceleris
3337 1496 3671 1567 conjugium

1982 1585 2221 1657 accipiat
2252 1585 2301 1639 si
2333 1585 2469 1638 vult.

2411 1690 2538 1746 (lar.
2568 1691 2674 1745 XV.
2711 1719 2777 1731 --
2810 1691 2890 1744 De
2927 1690 3111 1745 eadem
3135 1706 3212 1744 re.

2054 1799 2173 1870 (Em
2203 1798 2423 1852 concilio
2452 1799 2785 1862 Matiscensi,
2834 1798 3007 1866 capite
3055 1796 3126 1867 5.)
3170 1798 3312 1851 Item
3362 1796 3679 1853 indicatum

1983 1892 2066 1942 est
2117 1887 2425 1957 quemdam
2482 1890 2770 1955 stuprasse
2834 1884 3143 1955 quamdam
3190 1884 3465 1938 feminam
3506 1901 3679 1956 quam

1982 1981 2181 2047 postea
2210 1975 2386 2028 frater
2427 1973 2550 2043 ejus
2598 1974 2816 2044 accepit
2866 1989 3122 2027 uxorem.
3164 1974 3500 2028 Statuerunt
3546 1989 3675 2027 eum

1984 2065 2083 2137 qui
2114 2064 2419 2134 stupravit,
2451 2068 2507 2117 et
2536 2079 2568 2116 a
2600 2078 2657 2116 se
2688 2065 3005 2132 stupratam
3037 2061 3197 2115 fratri
3247 2061 3448 2116 celavit
3499 2077 3514 2115 :
3543 2063 3679 2133 quia

1984 2153 2297 2225 geminavit
2375 2156 2691 2222 peccatum,
2754 2149 3092 2221 poenitentia
3175 2148 3508 2203 districtiori
3588 2165 3678 2201 ca-

1984 2244 2331 2315 stigandum.
2395 2241 2741 2311 Conjugium
2810 2240 2922 2292 tale
2981 2238 3211 2292 dissolvi
3280 2243 3567 2308 oportere,
3625 2244 3681 2290 et

1986 2332 2214 2387 mulieri
2244 2330 2477 2402 quidem
2513 2344 2807 2399 nunquam
2835 2327 2959 2380 dari
3006 2330 3347 2396 potestatem
3399 2324 3676 2379 nubendi.

1985 2420 2101 2474 Illis
2152 2424 2345 2471 autem
2395 2433 2499 2487 pro
2541 2414 2930 2469 misericordia
2971 2413 3309 2484 conjugium
3355 2411 3677 2482 indulgere,

1984 2509 2080 2563 sed
2111 2506 2630 2577 cum‘poenitentia.

1985 2618 2112 2672 CAP.
2145 2616 2279 2672 XVI.
2313 2644 2385 2656 —
2430 2615 2508 2668 De
2531 2614 2754 2667 muliere
2801 2626 2919 2665 cum
2965 2625 3094 2678 qua,
3130 2612 3179 2663 et
3223 2612 3402 2677 pater,
3453 2611 3502 2661 et
3532 2604 3682 2676 ﬁlius

2616 2685 2884 2751 fornicati
2904 2686 3047 2735 sunt.

2056 2795 2174 2866 (Ea:
2204 2794 2422 2849 concilio
2457 2791 2699 2856 Tribur.,
2744 2790 2920 2858 capite
2972 2788 3041 2857 6.)
3074 2785 3319 2851 Quidam
3372 2783 3684 2838 fornicatus

1988 2889 2068 2938 est
2126 2898 2257 2937 cum
2306 2881 2551 2952 quadam
2612 2878 2873 2945 muliere,
2945 2881 3144 2946 postea
3200 2874 3354 2927 ﬁlius
3421 2872 3681 2926 nesciens

1991 2972 2167 3045 patris
2215 2972 2427 3049 factum
2476 2967 2756 3038 stupravit
2799 2965 3081 3019 eamdem.
3134 2962 3295 3027 Quod
3342 2978 3471 3014 cum
3524 2964 3684 3030 pater

1992 3062 2337 3125 rescisceret,
2370 3060 2437 3113 de
2489 3074 2546 3110 se
2572 3056 2810 3126 filioque
2849 3055 3139 3108 confessus
3195 3056 3296 3105 est.
3350 3050 3681 3105 Statuerunt

1993 3151 2197 3206 melius
2230 3165 2371 3213 esse,
2404 3152 2467 3200 ut
2498 3146 2688 3200 taliter
2735 3143 2907 3215 lapsis
2938 3158 3068 3196 cum
3119 3141 3294 3211 digna
3350 3137 3685 3209 poenitentia

1994 3240 2248 3311 legitima
2279 3236 2688 3307 permittuntur
2718 3232 3008 3303 conjugia,
3041 3247 3215 3302 quam
3242 3230 3386 3282 forte
3434 3226 3684 3280 deterius

1995 3328 2350 3399 delinquant.
2383 3323 2712 3379 Fornicaria
2770 3327 2961 3376 autem
2992 3320 3115 3374 sine
3163 3335 3260 3389 spe
3290 3314 3545 3387 conjugii
3571 3330 3687 3368 ma-

1994 3424 2144 3472 neat.

1997 3526 2123 3580 CAP.
2149 3522 2313 3577 XVlI.
2341 3550 2409 3560 —
2440 3520 2515 3574 De
2557 3519 2650 3572 illo
2680 3518 2775 3585 qui
2804 3531 2921 3570 cum
2960 3529 3127 3569 umore
3153 3512 3351 3580 fratris
3372 3512 3461 3565 sui
3502 3512 3687 3577 forni-

2701 3594 2852 3641 catus
2882 3592 2977 3639 est.

2070 3701 2173 3769 (Ea:
2220 3698 2420 3762 eodem,
2479 3696 2655 3763 capite
2701 3693 2808 3763 12.)
2860 3692 2917 3745 Si
2949 3689 3078 3760 quis
3129 3678 3257 3742 cum
3290 3703 3467 3741 uxore
3499 3685 3688 3739 fratris

1998 3789 2085 3843 sui
2118 3786 2433 3851 dormierit,
2482 3784 2704 3838 adulter
2765 3786 2820 3834 et
2872 3778 3091 3833 mmcha
3138 3777 3338 3831 diebus
3384 3775 3515 3829 vitae
3573 3790 3691 3828 suae

2000 3877 2213 3946 absque
2240 3871 2507 3942 conjugio
2553 3871 2801 3923 maneat.
2838 3867 2935 3921 llle
2970 3882 3103 3920 vero
3150 3865 3313 3935 cujus
3364 3878 3509 3916 uxor
3561 3861 3688 3926 fuit,

2002 3966 2047 4019 si
2078 3966 2217 4029 vult,
2252 3963 2419 4015 aliam
2461 3960 2763 4029 conjugem
2794 3954 3049 4025 accipiat.

2002 4054 2128 4109 CAP.
2163 4050 2346 4106 XVlll.
2374 4078 2435 4088 —
2475 4051 2549 4103 De
2580 4048 2673 4101 illo
2696 4048 2792 4114 qui
2816 4059 3068 4113 sponsam
3087 4043 3195 4111 ﬁlii
3222 4043 3309 4095 sui
3339 4040 3689 4109 oppresserit.

2076 4144 2195 4213 (Em
2216 4140 2414 4205 eodem,
2463 4141 2640 4207 capite
2702 4138 2813 4206 13.)
2857 4134 2911 4189 Si
2955 4134 3082 4203 quis
3134 4146 3398 4202 sponsam
3446 4129 3552 4182 11111
3606 4126 3695 4181 sui

2004 4228 2369 4301 oppresserit,
2400 4232 2455 4280 et
2478 4232 2673 4295 postea
2705 4224 2856 4277 filius
2903 4222 3025 4292 ejus
3054 4236 3178 4274 eam
3231 4217 3456 4272 duxerit
3487 4233 3500 4269 :
3533 4221 3696 4286 pater

2003 4318 2371 4391 postmodum
2422 4332 2534 4369 non
2592 4314 2799 4368 habeat
2851 4327 3108 4375 uxorem,
3158 4325 3259 4362 nec
3308 4308 3432 4377 ipsa
3489 4305 3697 4360 mulier

2004 4408 2219 4473 virum;
2280 4404 2455 4471 filius,
2516 4402 2617 4473 qui
2666 4401 2881 4455 facinus
2931 4398 3107 4469 patris
3164 4394 3469 4468 ignoravit,
3523 4394 3696 4448 aliam

2005 4495 2263 4567 accipiat.

2006 4620 2134 4674 CAP.
2168 4620 2293 4674 XIX.
2326 4645 2393 4659 —
2426 4620 2496 4671 De
2523 4615 2620 4671 illo
2650 4615 2746 4682 qui
2784 4628 2900 4666 cum
2943 4627 3132 4671 uxore,
3165 4614 3358 4671 matre,
3390 4614 3440 4663 et
3463 4610 3698 4677 ﬁliastra

2641 4686 2947 4752 fornicatus
2970 4688 3065 4735 est.

2080 4798 2190 4867 (Ea:
2240 4796 2459 4850 concilio
2516 4794 2780 4858 Mogunt,
2842 4791 3015 4857 capite
3072 4787 3150 4857 6.)
3193 4787 3249 4841 Si
3295 4784 3422 4855 quis
3467 4784 3698 4837 viduam

2007 4901 2243 4939 uxorem
2274 4881 2520 4944 duxerit,
2568 4884 2623 4932 et
2655 4883 2851 4949 postea
2901 4893 3032 4930 cum
3078 4876 3316 4929 tiliastra
3374 4870 3545 4925 fuerit
3585 4871 3699 4923 for-

1914 5028 1925 5037 ,
2007 4975 2248 5038 nicatus,
2299 4987 2399 5023 seu
2447 4984 2574 5022 cum
2642 4966 2862 5021 duabus
2929 4965 3220 5019 sororibus
3283 4965 3426 5017 :aut
3483 4959 3530 5012 si
3588 4974 3701 5029 qua

2007 5079 2135 5116 cum
2196 5059 2418 5115 duobus
2449 5056 2738 5121 fratribus,
2799 5071 2898 5108 seu
2950 5069 3079 5107 cum
3136 5057 3296 5121 patre
3348 5055 3405 5103 et
3452 5048 3572 5101 tilio
3608 5063 3621 5100 :
3654 5047 3699 5100 si

2008 5152 2136 5222 quis
2165 5149 2417 5202 relictam
2453 5148 2660 5209 fratris,
2690 5145 2735 5198 si
2786 5144 2915 5214 quis
2956 5145 3208 5211 neptem,
3245 5145 3341 5191 aut
3374 5151 3700 5202 novercam,

2008 5245 2106 5293 aut
2133 5254 2362 5302 nurum,
2407 5243 2503 5290 aut
2552 5234 2976 5292 consobrinam,
3046 5235 3145 5281 aut
3194 5228 3368 5281 tiliam
3411 5224 3700 5288 avunculi,

2008 5334 2107 5383 aut
2136 5328 2259 5396 ejus
2287 5327 2563 5390 relictam,
2594 5328 2692 5377 aut
2739 5321 3064 5391 privignam
3116 5315 3407 5385 polluerit,
3452 5331 3546 5368 eos
3577 5312 3696 5367 dis-

2001 5416 2192 5488 jungi,
2237 5418 2293 5467 et
2323 5413 2559 5466 ulterius
2605 5424 2903 5480 nunquam
2935 5405 3205 5476 conjugio
3235 5403 3514 5475 copulari,
3549 5418 3698 5473 pra:-

2008 5504 2273 5575 cipimus.
