4010 6192
339 305 438 357 9'23

1421 311 1823 368 BURCHARDI
1866 313 2395 374 WORMACIENSIS
2434 319 2766 377 EPISCOPI.

3753 335 3850 388 924

974 435 1265 522 conjugatp
1297 440 1391 503 qut
1409 452 1546 522 'cum
1585 438 1701 519 ﬁlia
1743 444 2044 522 matertera?
2081 444 2126 496 A
2155 447 2252 497 aut
2298 447 2532 515 propter
2586 444 2868 512 fraudem,
2920 447 3173 518 quandiu
3229 450 3380 505 vivat
3439 451 3846 522 penitentiam

406 518 535 626 iure,
567 505 650 558 vel
677 505 959 572 avunculi,
992 508 1074 560 vel
1105 512 1303 572 amitae,
1339 507 1421 560 vel
1445 511 1640 575 patrui
1665 512 1752 563 sui
1797 511 2034 576 fornica-

431 589 490 626 us
516 580 613 626 est.

431 589 490 627 us
516 580 613 628 est.

407 663 514 730 (Ea;
535 665 754 716 concilio
789 664 988 716 Tribur
1017 702 1032 728 ,
1065 666 1242 732 capite
1294 665 1371 734 I.)
1421 665 1844 737 Interrogatum
1875 673 1959 722 est
1985 669 2031 722 si

336 748 463 818 quis
488 765 617 803 cum
652 751 771 803 ﬁlia
802 756 1124 805 matertere
1173 769 1310 820 suae,
1344 754 1430 807 vel
1475 754 1687 820 amitae,
1721 758 1808 810 vel
1855 773 2033 810 avun-

330 836 464 904 culi,
524 838 608 890 vel
661 837 853 906 patrui
902 839 1299 907 concubuerit,
1343 842 1391 894 si
1441 843 1785 912 conjugatus
1837 845 2029 914 fuerit,

329 924 495 978 liceat
525 941 596 978 ne
630 925 714 979 illi
745 927 979 980 ulterius
1013 927 1092 980 uti
1122 929 1412 999 conjugio,
1445 937 1544 984 aut
1575 947 1694 985 non
1723 933 2030 1003 conjugato

330 1029 566 1066 uxorem
598 1015 889 1084 accipere?
936 1017 1160 1070 .lustum
1204 1023 1371 1083 esset,
1423 1018 1571 1073 sicut
1606 1020 1796 1090 aliqua
1820 1027 2028 1075 statuta

330 1101 586 1172 priorum
622 1103 922 1171 habentur,
958 1110 1020 1157 ut
1050 1105 1107 1157 in
1144 1111 1491 1176 perpetuum
1523 1123 1553 1159 a
1585 1108 1854 1178 conjugio
1887 1110 2028 1162 tales

331 1189 671 1244 abstineant.
711 1193 903 1244 Visum
962 1197 1045 1246 est
1093 1193 1361 1248 humane
1413 1195 1739 1265 fragilitatis
1785 1198 2024 1264 intuitu,

332 1283 394 1331 ut
425 1284 553 1348 post
582 1281 977 1349 penitentiam
1017 1298 1131 1335 non
1179 1283 1414 1353 quidem
1446 1284 1676 1353 penitus
1731 1285 2026 1354 priventur

329 1367 619 1437 conjugio,
649 1369 955 1423 durissima
1005 1376 1198 1425 tamen
1258 1378 1375 1426 tam
1412 1373 1681 1425 immanis
1725 1373 2023 1428 fornicatio

326 1457 664 1525 vindicetur,
741 1459 887 1512 sicut
965 1465 1190 1514 sanctus
1248 1475 1395 1530 papa
1472 1461 1756 1527 Nicolaus,
1815 1467 1872 1516 et
1928 1462 2024 1516 alii

325 1545 569 1600 Romani
616 1546 914 1615 pontiﬁces
981 1553 1323 1616 statuerunt,
1390 1566 1459 1604 ne
1519 1550 1664 1604 forte
1712 1551 2019 1621 desperati,

327 1635 701 1704 multiplicius
735 1643 987 1707 peccent.

327 1741 452 1795 Car.
491 1742 626 1796 XXI.
659 1771 721 1782 —
779 1744 855 1796 De
887 1748 1067 1812 patre,
1113 1749 1164 1798 et
1205 1747 1338 1813 ﬁlio,
1389 1746 1456 1799 de
1501 1747 1784 1810 avunculo,
1847 1751 1898 1802 et
1958 1747 2023 1801 de

502 1817 709 1880 nepote,
731 1816 782 1867 si
810 1830 928 1868 cum
960 1831 1068 1869 una
1087 1818 1306 1870 muliere
1327 1819 1588 1882 fornicati
1613 1819 1844 1883 fuerint.

397 1897 504 1969 (Ea:
530 1902 751 1954 concilio
774 1904 1039 1971 Mogunt.,
1062 1907 1240 1973 capite
1284 1906 1362 1972 5.)
1407 1906 1827 1976 Interrogatum
1863 1911 1950 1960 est
1979 1906 2025 1960 si

323 1993 488 2057 pater
508 1994 566 2042 et
596 1989 770 2054 ﬁlius,
809 1993 893 2044 vel
925 1991 972 2044 si
1005 1992 1119 2046 duo
1167 1994 1388 2060 fratres,
1451 1994 1538 2048 vel
1591 1995 1637 2048 si
1689 1997 2024 2062 avunculus,

326 2080 384 2129 et
411 2092 590 2146 nepos
623 2093 754 2132 cum
785 2095 896 2132 una
943 2079 1183 2134 muliere
1237 2080 1504 2135 fornicati
1535 2087 1687 2150 sunt,
1717 2083 1856 2153 quid
1891 2082 2026 2138 inde

325 2163 652 2220 faciendum
703 2167 792 2221 sit.
850 2168 1209 2222 Manifestum
1264 2174 1346 2222 est
1387 2171 1542 2240 quod
1589 2170 1750 2240 gravi
1780 2169 2028 2223 vindicta

319 2253 688 2323 plectendum
734 2261 832 2316 est,
866 2257 1018 2326 quod
1067 2273 1238 2327 grave
1280 2257 1502 2312 facinus
1547 2275 1668 2312 esse
1716 2257 2022 2326 reperitur.

327 2342 524 2398 Omnis
554 2344 708 2398 enim
761 2346 983 2400 mecha
1012 2345 1395 2414 interdicitur,
1457 2347 1554 2401 ubi
1598 2346 1874 2416 scriptum
1920 2350 2026 2412 est,

327 2446 446 2483 non
499 2432 890 2500 mechaberis,
950 2438 1168 2504 quanto
1219 2436 1402 2504 magis
1449 2451 1578 2488 cum
1639 2439 1903 2504 cognata,
1939 2434 2027 2488 vel

327 2533 456 2571 cum
480 2519 722 2590 conjuge
750 2537 845 2574 seu
874 2522 1190 2575 concubina
1217 2523 1481 2592 cognati?
1514 2524 1655 2576 Ilinc
1686 2524 1744 2576 in
1783 2522 2027 2576 Levitico

329 2606 604 2676 scriptum
637 2614 765 2662 est:
823 2609 877 2664 Si
931 2613 1246 2666 mecliatus
1304 2612 1476 2665 fuerit
1503 2612 1629 2683 quis
1675 2628 1803 2664 cum
1857 2627 2029 2664 uxore

329 2696 584 2763 alterius,
620 2703 802 2751 morte
857 2701 1198 2767 moriantur,
1258 2706 1313 2755 et
1339 2701 1612 2764 mechus,
1663 2707 1718 2754 et
1749 2701 2025 2754 adultera.

328 2783 435 2847 Qui
464 2785 764 2840 dormierit
795 2803 922 2840 cum
975 2805 1219 2842 noverca
1259 2806 1377 2856 sua,
1425 2795 1484 2842 et
1529 2805 1659 2842 cum
1712 2805 1862 2842 nuru
1904 2804 2026 2852 sua,

331 2877 387 2925 et
417 2874 512 2943 qui
559 2874 738 2928 ﬁliam
792 2881 849 2928 et
899 2881 1138 2930 matrem
1185 2877 1432 2943 duxerit,
1481 2883 1537 2932 et
1591 2878 1688 2948 qui
1749 2875 2032 2948 acceperit

330 2977 586 3016 sororem
634 2979 817 3031 suam,
861 2970 1043 3018 morte
1101 2967 1436 3020 moriantur.
1493 2966 1550 3021 Si
1593 2966 1745 3019 enim
1796 2965 1855 3018 in
1897 2966 2023 3035 lege

329 3050 748 3120 turpitudinem
806 3052 1056 3106 incestus
1122 3055 1320 3107 mortis
1388 3054 1671 3107 sententia
1735 3053 2025 3106 vindicare

325 3139 514 3207 jussit,
563 3140 853 3210 quomodo
901 3140 960 3194 in
1015 3142 1337 3212 Evangelio,
1393 3143 1492 3196 ubi
1540 3144 1764 3195 summa
1801 3142 2027 3211 justitia

330 3232 435 3292 est,
469 3227 826 3281 incestuosus
866 3231 1082 3298 peccati
1131 3231 1529 3300 penitentiam
1577 3229 1819 3284 evadet?
1869 3230 2026 3284 Unde

329 3315 666 3384 apostolus:
725 3317 949 3372 Irritam
1012 3319 1112 3389 qui
1182 3320 1377 3372 fecerit
1425 3320 1609 3390 legem
1683 3319 1842 3385 Mosi,
1898 3319 2020 3372 sine

331 3403 450 3457 ulla
517 3405 886 3459 miseratione
941 3396 1070 3460 subl
1114 3407 1336 3461 duobus
1399 3408 1484 3460 vel
1552 3407 1733 3460 tribus
1787 3407 2026 3461 testibus

333 3491 632 3547 moritur:
705 3500 920 3564 quanto
975 3495 1158 3566 magis
1210 3495 1418 3565 putatis
1468 3495 1758 3549 deteriora
1815 3497 2025 3550 mereri

329 3582 632 3652 supplicia,
685 3582 784 3652 qui
827 3584 1034 3638 Filium
1084 3584 1179 3637 Dei
1233 3585 1669 3650 conculcaverit,
1719 3589 1774 3638 et
1799 3585 2026 3656 sangui-

328 3686 462 3724 nem
510 3672 842 3726 testamenti
880 3673 1166 3741 pollutum
1216 3672 1459 3741 duxerit,
1513 3673 1572 3726 in
1623 3689 1738 3744 quo
1776 3673 2026 3727 sanctiﬁ-

327 3763 486 3813 catus
534 3766 638 3825 est,
695 3765 751 3813 et
799 3761 1029 3830 spiritui
1077 3761 1277 3831 gratiae
1337 3762 1745 3816 contumeliam
1789 3762 2025 3816 fecerit?

327 3846 515 3918 Igitur
543 3848 874 3902 Theodorus
898 3849 1173 3918 judicavit
1225 3867 1358 3904 eum
1407 3850 1507 3920 qui
1551 3850 1833 3903 incestum
1880 3850 2026 3904 fece-

330 3937 408 3990 rit
454 3937 543 3992 XII
592 3951 775 3990 annos
830 3938 1110 4008 penitere
1178 3938 1440 3991 debere:
1504 3938 1601 3991 alii
1657 3939 1762 4005 XV,
1817 3938 1911 3991 alii
1962 3939 2026 4005 X,

329 4024 430 4080 alii
485 4031 726 4096 septem.
786 4025 889 4080 Sed
967 4043 1072 4080 nos
1128 4026 1449 4097 priscorum
1504 4031 1732 4096 patrum
1787 4026 2029 4096 vestigia

330 4120 659 4183 sequentes,
718 4113 807 4167 his
863 4114 995 4168 solis
1045 4115 1292 4185 spatium
1358 4114 1708 4184 penitentize
1742 4119 2027 4186 tempere-

333 4219 480 4269 mus,
542 4203 642 4273 qui
695 4203 917 4262 devote,
990 4208 1047 4256 et
1101 4219 1232 4256 cum
1297 4203 1563 4273 Iacrymis
1627 4203 2026 4274 penitentiam

331 4291 556 4362 egerint
591 4308 603 4345 :
635 4290 823 4344 ceteri
852 4290 1154 4344 deﬁnitum
1188 4295 1416 4361 tempus
1448 4292 1768 4346 observant.

753 4398 879 4451 Cir.
909 4398 1064 4452 XXII.
1099 4426 1166 4437 —
1201 4397 1279 4451 De
1308 4398 1492 4452 eadem
1520 4415 1595 4452 re.

404 4503 512 4571 (Ea:
575 4504 798 4557 concilio
848 4504 998 4570 apud
1053 4506 1402 4571 Vcrmeriam,
1447 4507 1623 4573 capite
1669 4504 1746 4573 4.)
1790 4503 1845 4558 Si
1894 4505 2024 4574 quis

331 4591 637 4646 ﬁliastrum
740 4594 838 4644 aut
902 4592 1200 4646 ﬁliastram
1266 4609 1426 4646 suam
1497 4598 1628 4645 ante
1695 4591 2024 4663 episcopum

330 4680 403 4734 ad
463 4679 959 4735 conﬁrmationem
1038 4681 1306 4747 tenuerit,
1368 4686 1665 4751 separetur
1718 4681 1787 4733 ab
1850 4696 2025 4735 uxore

333 4785 452 4833 sua,
490 4773 546 4822 et
571 4769 742 4822 aliam
776 4783 1070 4840 nunquam
1103 4770 1361 4840 accipiat.
1402 4769 1677 4823 Similiter
1705 4773 1760 4822 et
1796 4769 2022 4824 mulier.

334 4875 462 4929 CAP.
504 4875 684 4929 XXIII.
720 4904 789 4914 —
838 4876 915 4928 De
942 4877 1052 4930 illis
1104 4879 1200 4944 qui
1247 4878 1485 4941 infantes
1536 4889 1659 4929 suos
1690 4875 1808 4929 ideo
1871 4891 1905 4928 a
1936 4875 2026 4929 ba-

486 4950 687 5015 ptismo
711 4948 1018 5014 suscipiunt
1045 4953 1106 5000 ut
1133 4953 1452 5014 separentur
1471 4962 1506 4999 a
1532 4946 1872 5015 conjugibus.

403 5036 512 5099 (Ea:
552 5035 773 5088 concilio
814 5034 1099 5100 Cabillon.,
1131 5037 1308 5102 capite
1339 5033 1418 5100 4.)
1455 5033 1675 5088 Dictum
1716 5033 1889 5087 etiam
1925 5049 2028 5087 no-

329 5123 418 5175 bis
447 5126 552 5184 est,
580 5123 855 5191 quasdam
899 5122 1160 5175 feminas
1209 5121 1511 5186 desidiose,
1567 5121 1841 5192 quasdam
1889 5135 2028 5176 vero

335 5210 748 5278 fraudulenter,
808 5215 870 5263 ut
934 5226 967 5263 a
1027 5210 1157 5263 viris
1205 5211 1320 5264 suis
1371 5215 1727 5281 separentur,
1765 5210 2028 5280 proprios

333 5300 484 5353 ﬁlios
541 5315 733 5353 coram
781 5298 1065 5369 episcopis
1117 5298 1188 5353 ad
1236 5299 1697 5353 conﬁrmandum
1750 5298 2024 5352 tenuisse.

339 5389 496 5444 Unde
525 5404 626 5442 nos
651 5390 890 5459 dignum
923 5389 1208 5453 duximus,
1265 5395 1330 5442 ut
1356 5388 1402 5443 si
1450 5405 1563 5460 qua
1600 5389 1809 5443 mulier
1844 5388 2029 5442 ﬁlium

337 5493 505 5532 suum
541 5476 781 5543 desidia,
812 5482 912 5532 aut
940 5478 1138 5533 fraude
1165 5478 1356 5550 aliqua
1407 5493 1601 5531 coram
1641 5477 1908 5548 episcopo
1950 5482 2034 5529 te-

341 5566 531 5621 nuerit
583 5567 655 5620 ad
709 5567 1167 5621 conﬁrmandum
1223 5571 1460 5637 propter
1508 5565 1789 5621 fallaciam
1844 5581 2028 5629 suam,

2142 538 2291 604 agat,
2331 549 2364 586 a
2393 533 2513 587 viro
2545 540 2740 587 tamen
2774 551 2876 588 suo
2909 552 3025 589 non
3057 543 3371 607 separetur.

2567 623 2697 678 CAP.
2732 625 2905 678 XXIV.
2939 655 3005 664 —
3028 629 3099 681 De
3120 628 3301 682 eadem
3329 645 3406 682 re.

2215 711 2316 777 (Ea:
2343 710 2563 765 concilio
2594 713 2862 780 MOgunt.,
2913 715 2969 766 in
3025 715 3260 770 claustro
3287 718 3341 771 S.
3397 717 3618 771 Albani
3639 718 3842 786 habito,

2135 797 2398 862 praesente
2425 794 2695 848 Ludovico
2726 798 3066 864 imperatore,
3097 802 3272 868 capite
3324 802 3434 864 t0.)
3472 803 3552 854 De
3587 819 3656 855 eo
3691 807 3842 874 quod

2139 880 2549 952 interrogastis,
2585 882 2633 935 si
2694 883 2787 936 ille
2842 884 2940 954 qui
2985 885 3219 940 ﬁliolam
3279 905 3445 941 suam
3490 891 3654 943 ducit
3704 909 3841 944 uxo-

2138 986 2282 1036 rem,
2342 976 2398 1024 et
2449 970 2516 1024 de
2562 987 2629 1024 eo
2681 973 2781 1042 qui
2830 975 3138 1028 concubuit
3181 993 3306 1030 cum
3369 986 3697 1033 commatre
3745 998 3844 1035 sua

2138 1059 2401 1128 spiritali,
2433 1066 2489 1114 et
2537 1063 2606 1116 de
2649 1061 2747 1116 illo
2796 1065 2894 1132 qui
2943 1063 3128 1117 ﬁlium
3181 1081 3346 1118 suum
3399 1067 3740 1136 baptizavit,
3789 1076 3842 1123 et

2137 1149 2298 1218 cujus
2355 1167 2496 1203 uxor
2537 1168 2669 1205 eum
2716 1152 2784 1206 de
2833 1152 2987 1205 fonte
3041 1153 3304 1223 suscepit,
3351 1170 3420 1208 ea
3463 1157 3719 1222 ratione,
3783 1164 3838 1211 ut

2137 1237 2443 1292 discidium
2492 1240 2745 1310 conjugii
2789 1240 2968 1309 ﬁeret,
3019 1241 3066 1294 si
3115 1249 3312 1311 postea
3355 1244 3419 1297 in
3469 1245 3574 1298 tali
3606 1249 3829 1315 copula-

2133 1326 2288 1380 tione
2320 1343 2658 1396 permanere
2689 1334 2921 1400 possent
2975 1329 3044 1384 de
3093 1331 3298 1385 talibus
3351 1333 3434 1386 sic
3484 1335 3828 1404 responden-

2135 1415 2270 1469 dum
2307 1422 2406 1469 est.
2453 1417 2508 1472 Si
2553 1418 2814 1485 ﬁliolam,
2877 1422 2974 1472 aut
2999 1425 3373 1473 commatrem
3406 1437 3576 1473 suam
3611 1421 3826 1490 spirita-

2133 1505 2244 1557 lem
2297 1505 2501 1575 aliquis
2543 1506 2602 1559 in
2659 1505 2990 1576 conjugium
3049 1507 3292 1576 duxerit,
3351 1509 3712 1578 separandos
3743 1525 3827 1562 eos

2133 1606 2252 1644 esse
2301 1592 2703 1660 judicavimus,
2754 1599 2810 1647 et
2861 1594 3020 1664 gravi
3077 1597 3414 1663 penitentia
3477 1597 3824 1667 plectendos.

2132 1679 2189 1734 Si
2221 1685 2410 1733 autem
2447 1683 2719 1752 conjuges
2779 1682 3020 1751 legitimi
3057 1699 3204 1736 unus
3237 1690 3335 1736 aut
3363 1685 3538 1738 ambo
3575 1701 3645 1738 ex
3679 1685 3828 1739 indu-

2133 1769 2272 1822 stria
2302 1769 2558 1836 fecerint,
2614 1775 2681 1823 ut
2732 1770 2916 1824 ﬁlium
2957 1787 3124 1824 suum
3181 1772 3251 1825 de
3303 1772 3465 1826 fonte
3496 1773 3825 1843 suscipiant,

2131 1862 2197 1911 ut
2230 1857 2528 1911 discidium
2554 1857 2675 1924 ﬁat,
2735 1859 2846 1912 tale
2895 1859 3198 1913 consilium
3246 1859 3474 1914 damus.
3517 1861 3578 1916 Si
3608 1862 3832 1932 innupti

2133 1961 2367 1999 manere
2429 1947 2733 2011 voluerint,
2793 1947 3007 2001 bonum
3063 1954 3165 2002 est.
3220 1947 3316 2002 Sin
3367 1953 3590 2013 autem,
3656 1950 3830 2020 gravis

2132 2035 2469 2106 penitentia
2498 2034 2818 2089 insidiatori
2864 2035 3218 2106 injungatur,
3250 2043 3306 2090 et
3335 2037 3513 2091 simul
3548 2042 3828 2105 maneant,

2135 2127 2191 2176 et
2235 2122 2282 2176 si
2352 2122 2734 2193 supervixerit
2791 2123 3193 2193 praevaricator
3249 2124 3508 2196 conjugi,
3563 2127 3829 2179 acerrima

2133 2210 2470 2282 penitentia
2519 2213 2815 2277 multetur,
2871 2219 2927 2265 et
2974 2213 3096 2265 sine
3139 2229 3236 2284 spe
3275 2214 3539 2284 conjugii
3589 2220 3824 2268 maneat.
3901 2231 3914 2234 “

2562 2299 2691 2354 Car.
2725 2301 2878 2355 XXV.
2907 2331 2976 2339 -—
3021 2300 3102 2354 De
3129 2301 3314 2355 eadem
3336 2319 3412 2356 re.

2206 2387 2326 2454 (Ea:
2355 2387 2578 2441 concilio
2613 2388 2854 2456 Tribur.,
2885 2391 3062 2458 capite
3093 2389 3166 2458 8.)
3197 2391 3398 2444 Nullus
3430 2391 3729 2461 proprium
3758 2391 3830 2445 ﬁ-

2135 2474 2298 2539 lium,
2335 2481 2435 2529 aut
2490 2475 2672 2529 ﬁliam
2702 2493 2735 2530 a
2766 2477 2921 2530 fonte
2978 2478 3335 2548 baptismatis
3383 2480 3680 2550 suscipiat,
3731 2497 3831 2534 nec

2136 2563 2391 2628 ﬁliolam,
2427 2579 2532 2617 nec
2584 2575 2963 2618 commatrem
3010 2565 3178 2620 ducat
3227 2583 3482 2628 uxorem,
3529 2583 3636 2622 nec
3676 2567 3832 2621 illam

2136 2652 2297 2722 cujus
2333 2653 2510 2706 ﬁliam
2541 2653 2610 2706 ad
2663 2653 3162 2708 conﬁrmationem
3213 2660 3346 2710 ante
3390 2656 3724 2728 episcopum
3752 2662 3832 2710 te-

2138 2741 2345 2795 nuerit.
2383 2741 2487 2795 Ubi
2518 2747 2714 2796 autem
2734 2743 2946 2796 factum
2979 2743 3155 2798 fuerit
3184 2751 3551 2814 separentur.

2562 2831 2692 2884 CAP.
2718 2832 2895 2897 XXVI.
2921 2860 2988 2872 —
3011 2832 3091 2885 De
3121 2833 3301 2886 eadem
3329 2848 3408 2886 re.

2211 2917 2318 2988 (Ea:
2368 2919 2592 2972 concilio
2641 2921 2910 2988 Mogunt.,
2958 2923 3136 2988 capite
3166 2923 3236 2989 5.)
3289 2921 3476 2985 Quam
3505 2921 3835 2975 detestabile

2058 3006 2098 3060 C
2137 3010 2191 3060 et
2218 3006 2532 3060 execrabile
2569 3008 2751 3060 scelus
2803 3007 2894 3073 sit,
2941 3006 3252 3078 unicuique
3300 3009 3648 3076 Christiano,
3701 3010 3837 3064 ﬁlio-

2137 3095 2250 3148 lam
2287 3110 2447 3148 suam
2477 3100 2871 3165 constuprare,
2903 3099 3142 3149 testatur
3167 3097 3220 3150 S.
3251 3097 3566 3166 Gregorius
3603 3114 3751 3168 papa
3779 3098 3834 3151 in

2137 3183 2377 3253 dialogis
2404 3183 2542 3251 suis,
2580 3183 2673 3238 ubi
2707 3184 2882 3237 refert
2907 3185 3216 3254 quemdam
3248 3184 3547 3240 hominem
3571 3188 3836 3257 polluisse

2135 3270 2371 3325 ﬁliolam
2404 3287 2587 3336 suam,
2627 3276 2683 3324 et
2723 3272 2858 3342 quia
2906 3273 3157 3343 neglexit
3204 3273 3606 3342 penitentiam
3646 3291 3833 3346 agere,

2136 3359 2323 3412 subito
2377 3359 2689 3414 miserabili
2758 3361 2957 3414 morbo
3042 3366 3337 3431 correptus
3397 3363 3729 3432 expiravit:
3785 3369 3834 3417 et

2137 3447 2383 3515 sepulto,
2409 3463 2548 3499 num
2580 3448 2764 3500 solum
2820 3464 3027 3518 corpus
3077 3448 3171 3501 sed
3223 3448 3397 3502 etiam
3439 3466 3613 3505 omne
3647 3453 3831 3521 sepul-

2135 3550 2296 3588 crum
2329 3534 2480 3603 ignis
2514 3534 2818 3588 invisibilis
2848 3536 3222 3606 consumpsit.

2137 3625 2263 3679 CAP.
2293 3623 2497 3678 XXVII.
2527 3654 2595 3662 -—
2627 3627 2698 3677 De
2724 3624 3040 3677 mulieribus
3069 3640 3187 3693 qua
3206 3626 3390 3693 aliquo
3407 3627 3680 3680 molimine
3697 3627 3834 3679 inter

2754 3710 2810 3748 se
2845 3698 3212 3762 fornicamur.

2209 3784 2316 3848 (Ea:
2346 3782 2712 3850 penitentiali
2759 3783 3008 3844 Theodo.)
3049 3782 3248 3835 Mulier
3293 3798 3644 3854 quocunque
3672 3783 3833 3836 moli-

2139 3870 2316 3935 mine,
2352 3875 2450 3923 aut
2481 3870 2539 3922 in
2574 3885 2633 3922 se
2659 3871 2800 3938 ipsa,
2853 3875 2954 3924 aut
2971 3887 3099 3923 cum
3132 3871 3307 3924 altera
3369 3871 3683 3935 fornicans,
3724 3877 3832 3924 tres

2137 3975 2318 4012 annos
2348 3959 2645 4026 peniteat.

2139 4049 2266 4102 CAP.
2292 4048 2522 4102 XXVIII.
2552 4076 2620 4084 —
2654 4049 2731 4100 De
2751 4047 3273 4170 sanctimpnialibus,
3305 4049 3358 4100 si
3390 4050 3535 4102 inter
3571 4062 3628 4101 se
3663 4049 3831 4114 fomi-

2882 4133 2981 4170 can
3012 4133 3096 4170 ur.
3204 4169 3210 4170 ,

2882 4133 3096 4170 cantur.

2210 4207 2318 4276 (Em
2343 4205 2566 4276 eodem.)
2614 4205 2670 4260 Si
2711 4205 3159 4259 sanctimonialis
3206 4222 3337 4260 cum
3383 4205 3493 4260 alia
3524 4206 3831 4260 sanctimo-

2139 4294 2274 4348 niali
2301 4311 2404 4364 per
2435 4294 2672 4364 aliquod
2701 4294 3230 4348 machinamentum
3276 4294 3570 4348 fornicate
3600 4295 3828 4361 fuerint,

2137 4387 2352 4453 septem
2385 4399 2565 4436 annos
2598 4382 2934 4450 peniteant.

2136 4472 2264 4526 CAP.
2326 4471 2490 4525 XXIX.
2551 4499 2624 4512 —
2671 4473 2744 4525 De
2794 4472 3016 4524 muliere
3059 4472 3109 4523 si
3159 4485 3277 4523 cum
3327 4471 3503 4524 altera
3562 4472 3824 4536 fornicata

2892 4543 3080 4608 fuerit.

2209 4629 2323 4696 (Ea:
2347 4632 2570 4684 concilio
2591 4633 2911 4698 Anquiren.,
2933 4633 3109 4698 capite
3140 4629 3216 4697 8.)
3245 4628 3451 4683 Mulier
3481 4629 3529 4682 si
3561 4646 3688 4682 cum
3720 4629 3822 4681 alia

2138 4719 2379 4772 muliere
2430 4719 2707 4772 fornicata
2743 4720 2934 4782 fuerit,
3011 4724 3125 4771 tres
3171 4733 3351 4770 annos
3399 4718 3692 4787 peniteat.
3741 4716 3824 4771 Sic

2138 4812 2191 4860 et
2216 4807 2313 4860 illa
2343 4823 2471 4876 que
2499 4823 2696 4860 semen
2728 4807 2832 4860 viri
2875 4806 2965 4859 sui
3014 4806 3138 4859 cibo
3187 4807 3410 4874 miscet,
3434 4813 3497 4860 ut
3527 4807 3658 4860 inde
3705 4808 3824 4877 plus

2138 4895 2259 4965 ejus
2291 4894 2530 4963 accipiat
2559 4909 2839 4960 amorem,
2863 4895 3154 4965 peniteat.

2138 4982 2265 5036 CAP.
2333 4984 2483 5039 XXX.
2538 5013 2607 5023 -κ
2665 4987 2740 5039 De
2782 4986 2922 5045 illis,
2963 4987 3060 5052 qui
3109 4982 3570 5038 irrationabiliter
3633 4985 3831 5036 versuti

2211 5122 2332 5194 (Ea:
2378 5126 2600 5178 concilio
2649 5059 3148 5194 Anciran.s,ucnatpite
3185 5124 3289 5185 t5.)
3327 5125 3408 5177 De
3441 5123 3531 5177 his
3577 5124 3677 5194 qui
3703 5123 3832 5176 irra-

2137 5211 2494 5266 tionabiliter
2524 5213 2726 5266 versati
2780 5217 2930 5278 sunt,
2983 5214 3098 5266 sive
3151 5217 3469 5278 versantur,
3504 5211 3561 5266 id
3596 5216 3698 5275 est,
3741 5210 3831 5281 qui

2138 5315 2268 5352 cum
2353 5301 2655 5371 pecoribus
2717 5306 2772 5355 et
2854 5301 3121 5356 masculis
3186 5316 3244 5352 se
3313 5300 3829 5370 coinquinaverint,

2140 5393 2423 5461 quotquot
2489 5394 2620 5444 ante
2687 5389 2890 5461 viginti
2949 5406 3130 5442 annos
3183 5388 3370 5441 etatis
3435 5390 3547 5442 tale
3621 5389 3828 5441 crimen

2140 5477 2557 5546 commiserint,
2584 5479 2681 5534 XV
2708 5477 2874 5532 annis
2928 5477 3133 5532 exactis
3185 5476 3242 5529 in
3289 5476 3653 5546 penitentia,
3683 5491 3827 5528 com-

2143 5565 2477 5620 munionem
2496 5571 2824 5621 mereantur
2836 5565 3190 5621 orationum:
3215 5563 3421 5618 deinde
3435 5562 3827 5635 quinquennio
