4010 6192
203 292 299 343 925
1004 285 1476 345 DECRETORUM
1518 287 1709 343 LIBRI
1752 287 1861 342 XX.
1897 319 1968 328 -—-
2001 290 2206 345 LIBER
2244 286 2548 344 DECIMUS
2588 288 2960 346 SEPTIMUS.

199 409 260 465 in
304 408 411 463 hac
471 404 896 461 communione
939 405 1233 476 durantes,
1290 414 1427 464 tunc
1471 411 1708 465 demum
1765 408 1924 462 obla-
1951 414 1999 467 A

199 498 371 553 tionis
403 500 769 550 sacramenta
799 494 1158 567 contingant.
1218 499 1564 553 Discutiatur
1619 502 1818 552 autem
1871 503 1929 552 et

201 589 314 642 vita
360 602 565 640 eorum
614 584 804 656 qualis
849 588 1119 654 tempore
1166 586 1535 655 paenitudinis
1565 585 1837 648 extiterit,
1870 590 1930 641 et

198 678 280 731 ita
311 674 773 730 misericordiam
808 680 1262 743 consequantur.
1307 676 1469 740 Quod
1518 677 1565 729 si
1604 674 1924 744 inexplebi-

199 766 334 819 liter
353 764 444 818 his
474 764 696 818 hasere
720 760 1085 823 criminibus,
1115 763 1185 817 ad
1208 765 1487 834 agendam
1519 762 1926 835 paenitentiam

198 851 481 923 prolixius
539 855 774 919 tempus
824 848 1146 903 insumant.
1206 851 1494 920 Quotquot
1544 857 1738 905 autem
1797 856 1926 920 post

199 943 285 996 XX
313 956 496 994 annos
547 938 755 1003 atatis,
818 952 1032 990 uxores
1082 938 1378 1005 habentes,
1413 940 1471 993 in
1524 939 1634 993 hoc
1692 944 1923 1009 peccato

201 1028 459 1101 prolapsi
526 1035 683 1095 sunt,
756 1026 889 1081 XXV
945 1042 1133 1079 annos
1196 1027 1594 1097 paenitentiam
1667 1033 1922 1097 agentes,

202 1119 275 1172 ad
307 1117 583 1171 orationis
609 1112 1085 1167 communionem
1118 1115 1491 1184 recipiantur.
1533 1116 1597 1169 In
1620 1132 1730 1185 qua
1757 1117 1925 1186 quiu-

202 1206 463 1276 quennio
542 1204 952 1273 perdurantes,
1021 1207 1160 1256 tunc
1211 1204 1516 1257 oblationis
1567 1210 1925 1260 sacramenta

198 1293 546 1364 percipiant.
582 1291 745 1355 Quod
781 1290 827 1344 si
859 1295 918 1343 et
967 1306 1173 1344 uxores
1203 1291 1499 1359 habentes,
1537 1296 1594 1347 et
1626 1298 1925 1347 transcen—

201 1384 405 1437 dentes
434 1379 992 1451 quinquagesimum
1040 1396 1255 1433 annum
1308 1381 1491 1435 atatis
1547 1381 1628 1435 ita
1657 1382 1926 1452 delique-

202 1475 355 1535 rent,
401 1470 469 1523 ad
498 1468 715 1522 exitum
761 1467 889 1521 vitae
949 1469 1381 1522 communionis
1437 1470 1682 1539 gratiam
1722 1486 1925 1524 conse-

203 1564 483 1630 quantur.

625 1644 757 1698 CAP.
798 1643 974 1698 XXXI.
1010 1674 1079 1683 --
1106 1645 1184 1698 De
1212 1645 1395 1699 eadem
1424 1661 1502 1702 re.

280 1736 392 1799 (Ea:
420 1731 615 1798 eodem,
671 1731 849 1799 capite
885 1729 999 1799 l6.)
1058 1731 1168 1785 Eos
1197 1732 1297 1802 qui
1326 1732 1804 1788 irrationabiliter
1855 1733 1931 1787 vi-

203 1825 439 1887 xerunt,
492 1824 548 1874 et
604 1819 768 1889 lepra
823 1817 1033 1887 injusti
1060 1819 1317 1874 criminis
1369 1821 1513 1874 alios
1572 1823 1927 1893 polluerunt,

204 1909 487 1983 pracepit
526 1912 718 1962 sancta
749 1906 1007 1977 synodus
1046 1908 1197 1961 inter
1222 1925 1318 1962 eos
1353 1926 1540 1977 orare,
1593 1910 1690 1981 qui
1723 1910 1925 1982 spiritu

202 1999 604 2072 periclitantur
630 1996 957 2051 immundo.

286 2089 417 2143 CAP.
452 2087 646 2141 XXXII.
667 2115 741 2126 —
783 2088 855 2140 De
880 2086 999 2139 illis
1028 2089 1126 2155 qui
1169 2102 1289 2140 cum
1317 2087 1630 2156 Tpecudibus
1682 2094 1927 2157 peccant.

286 2177 396 2247 (Ea:
449 2174 811 2230 Pwnitentiali
859 2174 1086 2243 Theod.)
1146 2174 1254 2238 Qui
1283 2192 1415 2229 cum
1457 2177 1675 2246 pecude
1711 2181 1927 2247 peccat,

210 2266 452 2337 quidam
476 2264 738 2333 judicant
769 2278 952 2317 annos
983 2263 1043 2328 Χ,
1107 2263 1343 2334 quidam
1398 2270 1643 2333 septem,
1693 2265 1929 2336 quidam

220 2362 365 2421 tres,
408 2353 639 2423 quidam
670 2356 903 2404 centum
937 2349 1079 2417 dies,
1104 2351 1269 2421 juxta
1301 2353 1638 2423 qualitatem
1663 2370 1930 2425 persona

210 2442 510 2514 poenitere.

212 2533 346 2587 CAP.
383 2529 605 2583 XXXIII.
646 2557 719 2568 —
743 2520 871 2581 Item
902 2527 970 2580 de
1015 2527 1433 2596 quadrupedum
1477 2531 1926 2596 fornicatoribus.

290 2620 407 2683 (Ea:
455 2616 821 2672 Pwnilentiali
877 2614 1163 2683 Romano.)
1222 2616 1280 2670 Si
1311 2617 1531 2672 inventi
1563 2619 1783 2674 fuerint
1829 2619 1929 2690 qui

214 2722 351 2760 cum
392 2702 881 2775 quadrupedibus,
950 2702 1038 2755 vel
1092 2704 1361 2757 masculis
1406 2710 1601 2759 contra
1658 2712 1926 2760 naturam

215 2798 476 2864 peccant,
510 2793 649 2846 dura
680 2796 735 2844 et
760 2790 1017 2845 districta
1056 2791 1393 2860 poenitentia
1439 2795 1741 2849 coercendi
1772 2800 1924 2849 sunt.

220 2885 581 2952 Quapropter
627 2878 887 2949 episcopi
946 2879 1033 2931 vel
1094 2881 1413 2951 presbyteri
1475 2899 1508 2936 a
1569 2884 1782 2953 quibus
1834 2884 1927 2953 ju-

3644 298 3746 349 9‘16

2432 409 2560 466 CAP.
2594 412 2809 469 XXXVI.
2847 442 2908 453 —
2951 418 3024 469 De
3062 415 3246 470 eadem
3266 433 3341 472 re.

2114 501 2229 567 (Ea:
2262 499 2425 553 dictis
2450 500 2506 555 S.
2532 501 2756 571 Isidor.)
2781 503 2837 557 Si
2859 504 2987 574 quis
3008 520 3073 558 ex
3099 505 3409 574 juvenibus
3437 507 3521 560 vel
3556 508 3748 578 aliqua

2041 589 2357 660 suspiciosa
2387 604 2629 659 persona
2661 607 2791 645 cum
2820 593 3073 662 parvulis
3116 593 3342 663 jocatus
3383 594 3579 662 fuerit,
3620 597 3746 649 diu-

2038 684 2210 734 turna
2249 677 2585 749 paenitentia
2616 688 2955 735 maceretur.

2436 762 2561 816 CAP.
2588 766 2831 819 XXXVII.
2864 796 2931 806 —
2962 768 3042 820 De
3066 765 3250 820 eadem
3278 783 3353 822 re.

2112 855 2221 918 (Ea:
2270 851 2434 905 dictis
2464 852 2747 923 ejusdem.)
2798 854 2854 908 Si
2902 854 3294 924 deprehensus
3334 853 3506 908 fuerit
3538 852 3745 924 aliquis

2037 941 2215 995 frater
2246 939 2444 994 ludere
2493 957 2622 995 cum
2654 943 2867 1013 pueris,
2915 949 2972 997 et
3002 943 3212 997 habere
3252 943 3530 997 amicitias
3561 943 3747 996 atatis

2036 1030 2305 1097 infirma,
2339 1027 2510 1082 tertio
2541 1037 2994 1097 commoneatur,
3025 1038 3083 1086 ut
3117 1048 3341 1085 memor
3371 1032 3442 1085 sit
3468 1031 3745 1085 honesta-

2036 1119 2107 1171 tis
2147 1123 2321 1188 atque
2358 1116 2581 1171 timoris
2634 1120 2753 1173 Dei.
2782 1120 2839 1174 Si
2882 1136 2998 1173 non
3029 1120 3346 1187 cessaverit,
3391 1119 3745 1173 severissime

2036 1206 2406 1275 corripiatur.

2109 1294 2237 1346 CAP.
2272 1293 2546 1347 XXXVIII.
2574 1322 2647 1334 —
2676 1295 2816 1347 Item
2871 1294 2936 1347 de
2975 1296 3353 1349 commixtione
3401 1295 3742 1348 animalium.

2109 1383 2219 1446 (Ex
2247 1383 2617 1435 Paenitentiali
2661 1382 2952 1452 Romano.)
3008 1383 3065 1437 Si
3107 1384 3235 1452 quis
3290 1384 3596 1453 cujuslibet
3625 1384 3747 1436 ani-

2039 1470 2204 1522 malis
2237 1469 2648 1523 commixtione
2703 1471 3038 1539 peccaverit,
3095 1472 3179 1523 XV
3210 1472 3373 1524 annis
3421 1472 3479 1524 in
3511 1471 3744 1524 humili-

2040 1563 2155 1611 tate
2183 1558 2479 1628 subjaceat
2509 1560 2576 1612 ad
2607 1559 2872 1612 Ecclesia
2898 1559 3160 1629 januam.
3195 1560 3261 1613 Et
3305 1564 3435 1629 post
3472 1561 3577 1613 hoc
3615 1560 3743 1613 aliis

1964 1691 2005 1745 Β
2043 1647 2300 1718 quinque
2348 1646 2516 1701 annis
2570 1647 2631 1701 in
2697 1646 2974 1701 orationis
3023 1649 3428 1703 communione
3484 1653 3746 1718 receptus

2042 1735 2447 1806 poenitentiam
2478 1741 2629 1806 agat,
2682 1742 2738 1790 et
2767 1736 2846 1790 sic
2873 1736 3118 1807 gratiam
3168 1737 3512 1791 sacramenti
3555 1735 3745 1806 perci-

2042 1824 2179 1895 piat.
2240 1824 2675 1895 Interrogentur
2704 1830 2893 1879 autem
2926 1825 3022 1878 alii
3082 1826 3151 1879 de
3184 1842 3249 1879 eo
3291 1827 3517 1897 qualem
3571 1824 3747 1878 vitam

2041 1912 2101 1966 in
2148 1913 2494 1983 poenitentia
2523 1913 2726 1984 egerit,
2760 1918 2816 1967 et
2845 1914 2924 1967 sic
2962 1915 3387 1969 communionis
3420 1914 3746 1968 misericor-

2041 2001 2195 2055 diam
2228 2007 2634 2072 consequatur.
2681 2002 2739 2056 Si
2770 2004 2895 2073 quis
2925 2008 3116 2056 autem
3152 2009 3282 2074 post
3312 2004 3517 2074 viginti
3568 2017 3748 2056 annos

2040 2089 2259 2144 habens
2293 2107 2531 2145 uxorem
2563 2090 2694 2144 huic
2724 2095 2952 2160 peccato
2984 2093 3367 2159 succubuerit,
3410 2093 3537 2147 XXV
3567 2106 3748 2144 annos

2040 2178 2360 2232 humilitati
2445 2179 2753 2248 subjaceat,
2833 2186 2889 2234 et
2948 2180 3203 2252 quinque
3253 2182 3418 2235 annis
3478 2178 3749 2233 orationi-

2039 2267 2165 2333 bus,
2195 2272 2251 2320 et
2282 2267 2365 2321 sic
2391 2268 2793 2322 communicet.

2042 2355 2169 2409 CAP.
2202 2357 2423 2409 XXXIX.
2449 2385 2519 2397 —
2546 2359 2619 2409 De
2636 2359 2879 2425 episcopo
2904 2359 2999 2424 qui
3026 2357 3317 2411 secundum
3346 2361 3601 2410 naturam
3630 2358 3746 2422 for-

2689 2446 2900 2498 nicatus
2916 2447 3107 2511 fuerit.

2114 2533 2229 2600 (Ea:
2284 2532 2652 2585 Paenitentiali
2699 2533 2952 2602 Theodo.)
2986 2534 3129 2587 Item
3169 2533 3229 2587 in
3261 2549 3477 2587 canone
3519 2538 3746 2602 aposto-

2039 2621 2228 2675 lorum
2281 2620 2578 2689 judicatur
2636 2626 2700 2675 ut
2754 2622 3071 2693 episcopus,
3117 2623 3433 2693 presbyter,
3475 2622 3749 2676 diaconus

2041 2708 2140 2779 qui
2196 2708 2257 2760 in
2302 2708 2699 2776 fornicatione,
2745 2715 2845 2764 aut
2875 2711 3152 2781 perjurio,
3207 2716 3307 2765 aut
3362 2711 3513 2765 furto
3549 2716 3749 2780 captus

2041 2802 2143 2862 est,
2180 2795 2529 2865 deponatur,
2572 2813 2690 2850 non
2742 2802 2935 2852 tamen
2992 2799 3397 2853 communione
3457 2800 3744 2869 privetur:

2040 2885 2176 2955 quia
2207 2900 2321 2936 non
2359 2885 2579 2954 judicat
2622 2887 2770 2940 Deus
2811 2888 2896 2942 bis
2946 2888 3004 2941 in
3036 2888 3306 2958 idipsum.
3337 2887 3393 2943 Si
3434 2888 3562 2958 quis
3600 2903 3749 2958 pon-

218 2970 437 3024 dicium
472 2966 824 3037 panitentia
857 2965 1203 3036 injungitur,
1244 2975 1525 3025 conentur
1575 2972 1927 3026 omnimodis
1962 2970 2001 3025 C
2039 2973 2177 3026 tifex
2210 2972 2649 3029 fornicationem
2707 2974 2906 3029 fecerit
2948 2978 3289 3039 naturalem,
3355 2977 3605 3047 synodus
3659 2976 3746 3028 in-

222 3059 335 3112 hoc
366 3057 579 3109 malum
610 3055 881 3109 radicitus
913 3054 1266 3111 abscindere.

224 3148 354 3201 CAP.
380 3146 594 3199 XXXIV.
620 3173 691 3184 —
724 3146 804 3197 De
827 3144 942 3197 illis
964 3146 1061 3210 qui
1087 3146 1439 3210 fornicamur
1457 3149 1598 3201 sicut
1620 3147 1929 3205 Sodomita.

298 3236 404 3305 (Ea:
470 3232 846 3287 Paenitentiali
920 3232 1137 3295 Theod.)
1214 3234 1320 3297 Qui
1384 3236 1696 3289 fornicatus
1755 3237 1933 3293 fuerit

220 3324 372 3376 sicut
410 3320 739 3387 Sodomita,
800 3319 847 3372 si
904 3336 1097 3373 servus
1150 3326 1250 3383 est,
1290 3328 1345 3375 et
1374 3324 1419 3376 si
1465 3325 1651 3394 scopis
1687 3326 1929 3395 castiga-

220 3412 403 3476 bitur,
437 3410 577 3463 duos
604 3425 806 3476 annos,
862 3409 908 3462 si
941 3409 1082 3461 liber
1133 3418 1217 3464 est
1248 3418 1301 3466 et
1358 3414 1715 3484 conjugatus,
1748 3417 1789 3469 X
1823 3432 1929 3470 an-

219 3517 349 3563 nos,
408 3498 455 3551 si
512 3498 786 3568 privatus,
854 3503 1072 3567 septem
1142 3516 1320 3553 annos
1398 3504 1704 3571 poeniteat:
1763 3506 1932 3572 pueri

218 3591 457 3640 centum
504 3586 646 3652 dies,
706 3586 753 3637 si
795 3585 854 3638 in
886 3587 1295 3641 consuetudine
1348 3595 1449 3644 est.
1508 3591 1707 3644 Laicus
1737 3593 1934 3661 conju-

220 3680 415 3745 gatus,
447 3676 491 3729 si
522 3676 579 3729 in
626 3676 1038 3730 consuetudine
1065 3676 1257 3742 habet,
1289 3678 1375 3731 XV
1425 3693 1605 3730 annos
1636 3678 1927 3746 paniteat.

220 3763 279 3817 Si
312 3779 381 3817 ex
413 3763 712 3817 ordinibus
770 3769 875 3829 est,
934 3769 989 3817 et
1049 3764 1106 3817 in
1138 3766 1551 3819 consuetudine
1606 3766 1797 3833 habet,
1840 3769 1934 3822 de-

221 3851 521 3920 gradatus,
556 3857 619 3905 ut
651 3853 824 3906 laicus
856 3852 1148 3922 paeniteat.
1200 3854 1307 3918 Qui
1339 3861 1529 3909 autem
1575 3872 1704 3908 cum
1758 3856 1932 3911 fratre

224 3938 480 3991 naturali
531 3938 841 3993 fornicatus
898 3940 1093 4005 fuerit,
1148 3956 1250 4010 per
1307 3946 1424 3993 tam
1457 3940 1743 3994 sordidam
1773 3958 1932 3996 com-

223 4027 593 4092 mixtionem,
648 4028 719 4081 ab
786 4029 943 4082 omni
976 4044 1145 4081 carne
1214 4046 1270 4083 se
1340 4029 1645 4095 abstineat,
1694 4031 1782 4083 vel
1838 4032 1932 4085 XV

223 4131 409 4168 annos
458 4116 750 4184 poeniteat,
784 4116 830 4169 si
870 4116 1105 4170 clericus
1137 4122 1239 4183 est,
1273 4118 1520 4186 amplius
1572 4117 1709 4186 pelli
1739 4118 1927 4173 debet.

222 4221 357 4275 CAP.
390 4221 579 4274 XXXV.
613 4249 686 4261 —
715 4224 792 4276 De
821 4223 1029 4276 clericis
1060 4222 1144 4295 uel
1174 4222 1470 4286 monachis,
1505 4225 1555 4276 si
1581 4224 1791 4287 fuerint
1815 4241 1926 4280 ma-
1961 4242 2004 4295 ι)

745 4294 1017 4346 sculorum
1046 4294 1407 4346 insectatores.

295 4382 409 4447 (Ea:
435 4381 598 4434 dictis
646 4380 885 4450 Basilii.)
943 4381 1188 4435 Clericus
1228 4382 1312 4434 vel
1367 4380 1681 4434 monachus
1738 4383 1926 4439 adole-

218 4469 510 4523 scentium
537 4469 621 4521 vel
652 4471 1027 4540 parvulorum
1076 4468 1406 4535 insectator,
1457 4471 1541 4522 vel
1584 4470 1684 4540 qui
1710 4474 1924 4541 osculo,

218 4559 311 4611 vel
347 4556 540 4627 aliqua
562 4558 855 4611 occasione
878 4557 1033 4627 turpi
1059 4557 1446 4626 deprehensus
1476 4558 1667 4625 fuerit,
1703 4561 1929 4628 publice

218 4644 579 4712 verberetur,
611 4651 667 4699 et
715 4662 985 4699 coronam
1018 4647 1262 4711 amittat,
1324 4646 1761 4717 decalvatusque
1816 4654 1931 4703 tur-

219 4734 399 4805 piter,
451 4735 827 4804 sputamentis
877 4734 1193 4788 obliniatur
1253 4735 1310 4787 in
1370 4734 1533 4802 facie,
1573 4736 1928 4809 vinculisque

218 4826 445 4877 artatus
520 4823 741 4891 ferreis,
817 4822 1087 4877 carcerali
1163 4838 1259 4877 sex
1319 4823 1607 4876 mensibus
1665 4827 1931 4896 angustia

221 4916 569 4977 macerctur,
613 4898 668 4966 et
727 4911 915 4966 triduo
966 4927 1067 4982 per
1122 4911 1504 4966 hebdomadas
1553 4913 1809 4982 singulas
1864 4932 1933 4969 ex

220 5016 379 5071 pane
433 5001 745 5055 hordeaceo
795 5001 863 5055 ad
909 5016 1203 5071 vesperam
1258 5001 1566 5055 reficietur.
1635 5004 1767 5055 Post
1812 5004 1933 5058 hac

223 5088 356 5143 aliis
413 5106 509 5142 sex
550 5089 843 5143 mensibus
901 5089 1006 5143 sub
1054 5088 1297 5142 senioris
1353 5090 1624 5159 spiritalis
1675 5093 1935 5146 custodia

222 5180 527 5245 segregata
588 5176 649 5230 in
704 5176 979 5231 curticula
1035 5176 1263 5247 degens,
1330 5178 1491 5247 operi
1551 5195 1829 5234 manuum
1878 5186 1935 5234 et

222 5263 476 5318 orationi
516 5265 589 5319 sit
616 5265 892 5334 intentus,
924 5264 1133 5336 vigiliis
1164 5270 1219 5319 et
1264 5266 1494 5320 fletibus
1534 5267 1839 5337 subjectus,
1881 5274 1936 5322 et

222 5351 338 5405 sub
365 5354 623 5407 custodia
652 5354 1137 5424 semperduorum
1166 5354 1406 5407 fratrum
1436 5355 1779 5425 spiritalium
1811 5374 1933 5409 am-

220 5438 408 5506 bulet,
444 5442 602 5495 nulla
629 5441 844 5512 privata
892 5440 1202 5508 locutione,
1258 5442 1347 5495 vel
1400 5442 1637 5496 consilio
1667 5443 1936 5514 deinceps

214 5529 533 5597 juvenibus
562 5530 1016 5601 conjungendus.

2042 3060 2249 3117 dicavit
2283 3066 2346 3115 ut
2383 3064 2424 3117 X
2468 3079 2651 3116 annos
2710 3065 3010 3134 poeniteat,
3064 3070 3117 3119 et
3161 3065 3359 3119 multis
3403 3065 3664 3135 lacrymis
3695 3072 3751 3119 et

2042 3151 2426 3220 eleemOsynis
2466 3152 2691 3206 veniam
2723 3170 2755 3205 a
2782 3154 3027 3207 Domino
3054 3159 3229 3225 petat.
3279 3155 3582 3224 Presbyter
3631 3170 3746 3207 non

2042 3239 2276 3310 pralato
2313 3241 2576 3294 monachi
2607 3246 2735 3295 voto
2768 3259 2897 3295 cum
2930 3244 3123 3312 puella
3164 3243 3249 3297 vel
3286 3244 3585 3297 meretrice
3613 3259 3747 3313 pec-

2041 3345 2194 3394 cans,
2243 3344 2424 3383 annos
2502 3337 2634 3397 tres,
2696 3337 2752 3385 et
2800 3331 2860 3384 in
2921 3333 3104 3385 tribus
3150 3332 3604 3405 quadragesimis
3662 3349 3744 3385 se-

2042 3417 2308 3483 cundam,
2345 3423 2401 3471 et
2430 3424 2715 3488 quartam,
2747 3424 2801 3473 et
2848 3426 3070 3475 sextam
3118 3422 3342 3487 feriam,
3404 3426 3460 3474 et
3503 3421 3747 3475 Sabbato

2042 3520 2271 3574 semper
2294 3505 2363 3559 de
2392 3506 2536 3559 sicco
2570 3507 2695 3560 cibo
2722 3507 3019 3575 paniteat.
3045 3509 3097 3563 Si
3123 3525 3251 3562 cum
3274 3508 3479 3562 ancilla
3508 3509 3625 3574 Dei,
3651 3513 3749 3562 aut

2042 3593 2319 3658 masculo,
2343 3596 2470 3662 plus
2492 3594 3039 3664 addaturjejunium
3071 3597 3128 3649 id
3152 3601 3254 3662 est,
3292 3602 3508 3665 septem
3542 3613 3746 3663 annos,

2043 3681 2088 3734 si
2110 3680 2169 3734 in
2201 3681 2611 3734 consuetudine
2676 3687 2777 3737 est.
2810 3684 3089 3738 Similiter
3122 3685 3371 3751 diaconi,
3404 3686 3447 3737 si
3480 3684 3748 3737 monachi

2044 3785 2158 3822 non
2189 3774 2343 3836 sunt,
2401 3769 2541 3822 duos
2588 3786 2789 3836 annos,
2848 3771 2994 3825 sicut
3043 3779 3099 3826 et
3146 3772 3413 3826 monachi
3469 3773 3569 3842 qui
3626 3773 3746 3826 sine

2042 3857 2224 3929 gradu
2251 3862 2403 3911 sunt.
2434 3857 2489 3911 Si
2524 3857 2748 3911 diaconi
2782 3860 3044 3914 monachi
3078 3864 3227 3928 sunt,
3284 3866 3503 3930 septem
3544 3877 3741 3915 annos.

2042 3945 2303 4001 Monachi
2332 3963 2462 4000 cum
2521 3947 2702 4015 gradu
2734 3953 2954 4017 septem
3002 3965 3179 4002 annos
3238 3949 3566 4019 poeniteant.
3602 3949 3745 4003 Item

2042 4035 2343 4105 episcopus
2367 4034 2413 4088 si
2443 4034 2566 4088 sine
2598 4040 2728 4089 voto
2764 4037 3029 4091 monachi
3057 4053 3186 4091 cum
3226 4038 3415 4107 puella
3446 4039 3534 4091 vel
3564 4054 3745 4091 mere-

2040 4125 2179 4178 trice
2241 4122 2577 4194 peccaverit,
2638 4125 2677 4177 X
2739 4141 2919 4178 annos
2977 4127 3268 4195 paniteat.
3306 4127 3553 4179 Clericus
3614 4142 3743 4181 cum

2046 4213 2143 4266 tali
2204 4214 2395 4282 puella
2447 4212 2568 4265 sine
2629 4216 2761 4266 voto
2796 4215 3060 4267 monachi
3107 4215 3152 4267 si
3197 4214 3507 4268 fornicatus
3550 4214 3740 4281 fuerit,

2044 4316 2223 4355 unum
2254 4316 2467 4355 annum
2500 4300 2794 4371 poeniteat,
2846 4301 2892 4354 si
2933 4302 3283 4373 frequenter,
3340 4302 3481 4357 duos
3525 4319 3740 4369 annos;

2043 4406 2169 4443 cum
2206 4391 2477 4443 canonica
2523 4389 2665 4443 duos
2693 4406 2892 4456 annos,
2926 4391 2972 4442 si
3002 4391 3348 4461 frequenter,
3394 4394 3507 4443 tres
3539 4406 3737 4444 annos.

2043 4478 2102 4532 Si
2133 4478 2398 4547 genuerit
2429 4494 2495 4531 ex
2545 4494 2611 4531 ea
2644 4478 2847 4543 tilium,
2882 4484 3132 4549 quatuor
3184 4495 3386 4545 annos,
3419 4479 3513 4533 alii
3545 4480 3743 4533 dicunt

2042 4572 2282 4636 septem.
2318 4566 2652 4619 Theodorus
2704 4566 2873 4621 dixit:
2945 4567 3248 4621 Monachus
3305 4568 3742 4622 fornicationem

2041 4652 2276 4718 faciens,
2338 4656 2554 4721 septem
2609 4668 2791 4705 annos
2843 4654 3136 4723 poeniteat.
3198 4655 3341 4707 Item
3388 4655 3535 4708 Beda
3566 4655 3737 4709 dixit:

2041 4741 2348 4795 Monachus
2399 4738 2838 4794 fornicationem
2870 4758 3135 4811 quarens
3165 4747 3221 4795 et
3263 4758 3381 4795 non
3419 4742 3739 4812 invenio-ns,

2042 4844 2258 4882 annum
2306 4828 2608 4881 dimidium
2640 4828 2929 4896 poeniteat.
2958 4831 3101 4883 Item
3133 4831 3425 4884 Romanus
3454 4831 3739 4900 paeniten-

2040 4915 2273 4970 tionalis
2321 4916 2489 4969 dicit:
2550 4916 2855 4969 Monachus
2882 4917 3313 4972 fornicationem
3348 4919 3558 4973 faciens
3608 4936 3737 4973 cum

2045 5005 2339 5059 meretrice
2387 5005 2473 5056 vel
2537 5003 2750 5072 puella,
2810 5008 2942 5070 tres,
3011 5006 3057 5058 si
3115 5022 3245 5060 cum
3294 5008 3715 5062 sanctimoniali

2043 5098 2263 5163 septem
2294 5108 2473 5145 annos
2506 5092 2802 5161 poeniteat.
2851 5094 2989 5146 Item
3024 5093 3201 5147 laicus
3238 5097 3492 5164 privatus
3544 5114 3739 5151 macu-

2044 5181 2167 5235 lans
2218 5197 2454 5235 uxorem
2489 5180 2736 5251 proximi
2797 5181 2904 5247 sui,
2938 5186 3000 5234 ut
3042 5182 3411 5237 adulteritum
3444 5186 3735 5254 poeniteat.

2044 5269 2098 5325 Si
2132 5286 2258 5323 cum
2293 5270 2515 5339 virgine
2558 5270 2892 5339 peccaverit,
2949 5274 3188 5338 uterque
3217 5273 3493 5340 poeniteat
3519 5291 3736 5328 annum

2045 5373 2245 5411 unum.
2278 5357 2334 5411 Si
2368 5373 2495 5410 cum
2518 5356 2721 5410 ancilla
2753 5356 2873 5424 Dei,
2915 5361 3162 5426 quatuor
3191 5373 3392 5425 annos,
3435 5360 3482 5413 si
3516 5377 3736 5429 genue—

2044 5448 2120 5501 rit
2148 5463 2212 5501 ex
2260 5462 2346 5513 ea,
2381 5451 2600 5517 septem
2650 5462 2830 5500 annos
2862 5444 3153 5516 paniteat.
3200 5447 3338 5499 Item
3370 5448 3417 5500 si
3448 5449 3575 5518 quis
3604 5466 3735 5518 pec-

2046 5533 2255 5587 caverit
2313 5533 2457 5587 sicut
2515 5534 2845 5600 Sodomita,
2916 5534 3156 5605 quidam.
3207 5536 3247 5589 X
3306 5551 3483 5590 annos
3539 5537 3739 5595 dicunt
