4010 6192
291 220 394 274 927

1361 215 1773 272 BURCHARDI
1808 213 2340 272 WORMACIENSIS
2376 215 2720 272 EPISCOPI.

3705 219 3810 272 928

287 343 591 415 pmniteat:
640 341 740 415 qui
768 341 829 397 in
875 341 1293 396 consuetudine
1344 341 1534 406 habet,
1570 341 1816 410 amplius
1847 339 1984 412 pelli
2013 343 2062 395 Α
2097 341 2208 406 die,
2243 342 2383 396 XXX.
2438 340 2545 406 Qui
2591 355 2828 411 peccare
2866 340 3116 396 voluerit
3168 341 3229 395 in
3279 341 3521 408 somnis,
3586 345 3648 395 et
3691 357 3810 396 non

285 434 472 488 debet.
515 431 574 487 Si
595 437 786 486 autem
817 431 875 485 in
907 431 1086 502 gradu
1142 435 1276 486 sunt
1313 429 1722 499 degradentur,
1757 435 1814 483 et
1845 429 1991 483 sicut

287 522 415 577 laici
446 521 778 592 pmniteant.
814 519 910 573 Vir
941 519 1040 590 qui
1070 519 1221 572 inter
1257 518 1480 574 femora
1509 518 1822 572 fornicatus
1867 517 1989 572 fue-

290 611 382 676 rit,
415 625 625 663 unum:
653 609 699 662 si
730 607 1042 674 iteraverit,
1069 608 1210 662 duos
1235 623 1416 660 annos
1453 607 1744 676 paeniteat.
1788 606 1844 661 Si
1881 623 1989 660 au-

289 704 406 752 tem
447 700 507 751 in
568 701 728 767 terga
776 696 1086 751 fornicatus
1121 695 1292 750 fuerit
1322 699 1438 750 tres
1480 711 1690 761 annos;
1749 695 1793 747 si
1827 694 1991 764 pueri

290 789 432 841 duos
477 801 676 840 annos.
733 784 998 849 Quicum
1058 783 1271 853 pecude
1329 783 1642 838 fornicatus
1690 783 1865 837 fuerit
1903 783 1991 836 vel

286 875 571 944 jumento,
598 874 639 927 X
661 888 845 926 annos
875 872 1165 942 pmniteat.
1228 872 1465 942 Oportet
1502 872 1654 926 enim
1696 871 1990 926 discretio-

292 979 422 1018 nem
466 977 587 1016 esse
641 962 791 1014 inter
838 960 1175 1031 qualitatem
1223 961 1511 1030 pecudum
1546 961 1631 1013 vel
1665 959 1989 1025 hominum,

291 1051 438 1104 sicut
466 1049 904 1120 supradiximns.
953 1050 1092 1102 Item
1125 1050 1427 1118 episcopus
1475 1064 1603 1101 cum
1659 1047 1993 1118 quadrupe-

291 1139 457 1193 dibus
487 1154 745 1209 peccans,
799 1139 838 1192 Χ
882 1153 1062 1190 annos
1101 1137 1393 1207 pmniteat,
1426 1140 1482 1189 et
1527 1136 1768 1205 gradum
1825 1136 1990 1189 amit-

293 1230 394 1291 tat,
425 1225 720 1296 presbyter
748 1226 808 1292 V,
853 1224 1127 1279 diaconus
1157 1230 1293 1290 tres,
1327 1223 1568 1278 clericus
1587 1223 1748 1278 duos.

293 1351 422 1405 CAP.
455 1349 561 1406 XL.
592 1377 664 1390 —
699 1353 773 1404 De
826 1348 1100 1403 sacerdote
1143 1351 1240 1418 qui
1291 1363 1390 1417 per
1437 1348 1848 1417 turpiloquium,
1891 1349 1994 1400 aut

434 1437 533 1491 per
581 1425 917 1488 conspectum
971 1420 1319 1473 libidinosum
1360 1420 1602 1487 pollutus
1657 1419 1845 1484 fuerit.

365 1524 475 1595 (Ea:
504 1524 869 1579 Pcenitentiali
914 1522 1196 1593 Romano.)
1242 1522 1515 1577 Sacerdos
1545 1520 1643 1591 qui
1674 1537 1779 1591 per
1806 1519 1992 1590 turpi-

2097 428 2272 483 fuerit
2300 429 2576 498 pollutus,
2608 431 2780 485 XXXV
2813 431 3065 484 Psalmos
3095 432 3303 484 cantet.

2100 515 2228 569 CAP.
2263 517 2447 570 XLIII.
2470 545 2541 556 —
2571 519 2640 570 De
2661 517 2871 570 clericis
2898 519 2996 584 qui
3022 533 3120 585 per
3145 519 3318 570 malas
3351 517 3709 584 cogitationes
3735 531 3813 570 se-

2713 603 2834 640 men
2871 585 3185 655 effuderint.

2173 676 2278 742 (Ex
2311 676 2672 730 l'ccnitentiali
2701 675 2990 745 Romano.)
3036 675 3285 730 Clericus
3315 675 3362 728 si
3409 690 3614 728 semen
3643 673 3815 728 fude-

2101 763 2176 816 rit
2213 779 2330 817 non
2382 764 2672 833 tangendo
2730 779 2833 834 per
2871 765 3049 817 malas
3105 763 3537 828 delectationes,
3592 767 3813 833 septem

2101 851 2221 906 dies
2276 852 2565 922 paeniteat.
2620 852 2676 906 Si
2736 852 2921 922 tangit
2970 868 3081 906 cun
3125 869 3300 906 manu
3355 853 3440 907 XX
3473 851 3603 905 dies
3635 852 3817 921 paeni-

2099 945 2236 996 teat.
2278 940 2334 994 Si
2353 940 2644 1005 diaconus,
2675 941 2801 995 XXX
2843 941 2994 1007 dies;
3052 941 3099 993 si
3127 941 3447 1011 presbyter,
3495 940 3814 994 hebdoma-

2101 1028 2220 1093 das,
2256 1029 2374 1082 Illl.
2404 1028 2701 1098 Presbyter
2731 1028 2779 1081 si
2809 1045 3003 1082 semen
3029 1028 3238 1082 fuderit
3267 1045 3371 1099 per
3391 1028 3809 1098 cogitationem

2101 1121 2323 1188 septem
2361 1117 2482 1170 dies
2511 1117 2805 1187 poeniteat,
2845 1117 3160 1172 monachus
3197 1116 3484 1170 similiter.
3558 1116 3673 1180 Qui
3717 1133 3808 1170 vo-

2102 1204 2349 1260 luntarie
2403 1220 2596 1258 semen
2654 1204 2844 1258 fundit
2896 1205 2956 1258 in
3008 1204 3272 1270 Ecclesia,
3315 1205 3364 1257 si
3423 1205 3675 1258 clericus
3705 1209 3803 1272 est,

2102 1294 2246 1348 Xllll
2279 1293 2418 1346 dies.
2469 1293 2524 1347 Si
2556 1295 2891 1357 monachus,
2937 1299 3036 1348 aut
3083 1295 3372 1358 diaconus,
3401 1295 3531 1348 XXX
3581 1294 3722 1348 dies.
3753 1294 3806 1348 Si

2103 1382 2418 1451 presbyter,
2449 1381 2542 1436 XL
2580 1381 2626 1434 si
2644 1383 2963 1452 episcopus,
2999 1383 3037 1435 L
3072 1382 3189 1436 dies
3216 1383 3520 1452 pceniteat.

2104 1470 2231 1524 CAP.
2272 1470 2448 1524 XLIV.
2496 1498 2569 1510 —
2616 1471 2679 1525 Si
2709 1473 2901 1524 mulier
2930 1471 3116 1526 debeat
3152 1473 3408 1538 separari
3455 1487 3492 1524 a
3527 1472 3651 1525 viro
3695 1485 3806 1534 suo,

2174 1556 2294 1610 qua
2320 1542 2493 1608 ﬁlium
2523 1557 2682 1596 suum
2706 1558 2834 1597 casu
2859 1558 2958 1612 per
2975 1543 3363 1609 negligentiam
3395 1557 3432 1595 a
3485 1543 3643 1608 fonte
3689 1556 3807 1596 sus-

293 1613 580 1683 loquium,
635 1629 736 1666 seu
764 1620 1070 1682 conspectu
1101 1611 1406 1666 libidinoso
1437 1610 1842 1681 coinquinatus
1871 1609 1993 1664 fue-
2031 1613 2072 1667 Β
2174 1615 2392 1680 ceperit.

294 1702 390 1766 rit,
421 1717 532 1754 non
570 1705 762 1753 tamen
812 1700 1052 1753 voluerit
1082 1699 1382 1763 fornicare,
1436 1701 1476 1754 X
1519 1700 1638 1753 dies
1692 1699 1989 1769 paeniteat.

297 1789 614 1860 Presbyter,
649 1788 692 1841 si
723 1789 1006 1842 osculatus
1042 1793 1129 1842 est
1157 1789 1452 1843 fceminam
1487 1805 1589 1858 per
1621 1787 1989 1848 desiderium,

295 1882 352 1933 et
412 1893 608 1931 semen
665 1877 894 1943 fuderit,
944 1878 1026 1932 XX
1082 1877 1202 1931 dies
1250 1877 1539 1948 paeniteat.
1592 1876 1894 1941 Diaconus,
1953 1877 1993 1930 X

295 1966 435 2032 dies,
477 1966 742 2018 similiter
799 1966 1131 2018 monachus.
1183 1965 1431 2020 Clericus
1493 1969 1734 2036 septem.
1797 1963 1995 2018 Laicus

297 2059 563 2125 quatuor.
598 2054 738 2107 Item
785 2052 832 2105 si
861 2053 1161 2122 presbyter
1199 2068 1398 2106 semen
1455 2052 1669 2107 fuderit
1717 2067 1819 2122 per
1846 2051 1998 2121 cogi-

295 2142 572 2197 tationem
604 2148 820 2212 septem
851 2141 970 2196 dies
1001 2141 1293 2211 pmniteat,
1344 2142 1392 2196 si
1432 2141 1618 2212 tangit
1647 2155 1775 2194 cum
1823 2156 1997 2194 manu

297 2236 409 2284 tres
470 2230 876 2285 hebdomadas.
950 2229 1258 2301 Episcopus
1323 2229 1369 2284 si
1435 2247 1539 2301 per
1588 2229 1997 2299 cogitationem

296 2319 528 2382 fuderit,
587 2326 835 2389 quatuor
897 2318 1286 2373 hebdomadas
1342 2318 1643 2388 pmniteat.
1706 2317 1764 2372 Si
1815 2316 2000 2386 tangit

296 2423 426 2461 cum
466 2422 640 2460 manu
689 2406 962 2460 diaconus
1015 2411 1072 2460 et
1137 2421 1333 2460 semen
1392 2407 1627 2471 fuderit,
1685 2407 1803 2460 XIII
1853 2405 1994 2472 dies,

297 2495 610 2549 monachus
641 2493 922 2549 similiter.
978 2494 1176 2558 Aliter,
1239 2495 1284 2547 si
1329 2494 1589 2561 clericus,
1622 2493 1824 2563 viginti
1853 2493 1993 2559 dies,

299 2588 514 2653 quanto
541 2583 720 2652 magis
753 2582 850 2636 alii
879 2583 1138 2653 gradus?
1194 2582 1249 2636 Si
1307 2581 1747 2653 impugnatione
1791 2581 1997 2636 mentis

298 2673 784 2744 coinquinabitur,
817 2677 1034 2744 septem
1092 2672 1214 2726 dies
1243 2673 1536 2742 pmniteat,
1569 2672 1655 2725 vel
1695 2687 1997 2742 quousque

298 2761 571 2830 cogitatio
631 2761 906 2816 vincatur.
942 2762 1001 2816 Si
1038 2761 1099 2815 in
1143 2762 1359 2814 somnis
1402 2761 1692 2814 voluntate
1747 2761 1998 2831 pollutus

2173 1699 2280 1770 (Em
2309 1699 2454 1753 decr.
2503 1699 2813 1765 Deusdedit,
2858 1714 3016 1769 papa
3065 1699 3340 1756 Gordiano
3387 1701 3645 1769 episcopo
3682 1700 3810 1754 mis-

2099 1788 2228 1857 sis.)
2265 1789 2571 1842 Deusdedit
2601 1795 2808 1842 sanctae
2848 1789 3135 1855 Romanae,
3171 1793 3228 1842 et
3255 1789 3594 1860 apostolica:
3629 1789 3808 1842 Eccle-

2103 1875 2202 1930 siae
2233 1877 2561 1948 Episc0pus,
2625 1877 2911 1931 Gordiano
2969 1877 3337 1947 Hispanensis
3388 1877 3662 1931 Ecclesiae
3714 1892 3809 1930 co-

2101 1966 2390 2037 episcopo,
2419 1970 2475 2019 et
2522 1965 2683 2020 fratri
2713 1965 3098 2020 dilectissimo.
3135 1965 3402 2020 Pervenit
3431 1965 3506 2019 ad
3547 1982 3652 2019 nos
3691 1965 3806 2018 dia-

2103 2071 2280 2109 conus
2329 2059 2531 2119 vester,
2592 2060 2793 2109 vestrte
2836 2054 3148 2108 sanctitatis
3181 2055 3487 2125 epistolam
3539 2055 3802 2119 inferens,

2104 2143 2256 2214 quod
2305 2143 2537 2213 quidam
2565 2142 2693 2211 viri,
2725 2142 2898 2196 etiam
2923 2147 2980 2198 et
3037 2143 3302 2196 mulieres
3333 2142 3632 2212 praeterito
3683 2142 3803 2195 sab-

2101 2231 2233 2286 bato
2265 2231 2521 2285 Paschali
2550 2231 2663 2298 die,
2726 2248 2830 2302 pro
2889 2247 3098 2302 magno
3146 2232 3504 2302 populorum
3555 2231 3801 2296 incursu,

2105 2319 2421 2375 nescientes
2455 2336 2590 2374 suos
2615 2319 2765 2374 filios
2793 2321 3174 2391 suscepissent
3204 2336 3269 2374 ex
3311 2321 3542 2373 lavacro
3590 2327 3800 2373 sancto.

2106 2407 2279 2479 Cupis
2336 2407 2549 2462 etenim
2615 2407 2782 2474 scire,
2842 2408 2888 2462 si
2944 2425 3048 2480 pro
3097 2407 3200 2462 tali
3233 2407 3538 2462 accidenti
3588 2407 3803 2460 ratione

2106 2495 2347 2551 debeant
2379 2496 2486 2550 viri
2541 2501 2598 2550 et
2626 2497 2894 2550 mulieres
2933 2497 3005 2550 ad
3056 2513 3224 2550 suum
3275 2496 3581 2567 proprium
3641 2511 3806 2549 usum

2104 2584 2314 2651 redire,
2347 2599 2419 2636 an
2471 2600 2604 2637 non.
2670 2585 2780 2638 Nos
2830 2585 2987 2638 enim
3043 2600 3108 2638 ex
3163 2585 3271 2639 hac
3316 2584 3554 2638 tristitia
3601 2585 3806 2648 moesti,

2105 2673 2511 2744 inquisivimus
2566 2673 2826 2742 priorum
2878 2679 3200 2728 nostrorum
3258 2673 3428 2727 dicta.
3481 2673 3812 2727 Invenimus

2108 2769 2299 2816 autem
2330 2761 2389 2815 in
2445 2763 2671 2815 arcliivo
2704 2763 2872 2832 hujus
2931 2763 3254 2833 apostolicm
3304 2762 3454 2816 sedis
3505 2762 3627 2831 jam
3679 2761 3812 2814 talia

299 2850 391 2916 sit,
416 2854 628 2920 surgat,
663 2853 967 2920 cantetque
1002 2855 1220 2918 septem
1251 2850 1503 2904 Psalmos
1551 2848 1994 2918 poenitentiales,
2031 2891 2072 2947 Ο
2110 2851 2415 2921 contigisse
2439 2870 2452 2882 α
2477 2850 2536 2904 in
2604 2851 2848 2905 Ecclesia
2925 2852 3215 2916 Hisauriae,
3291 2856 3347 2904 et
3403 2850 3808 2912 Ettbesiornm,

298 2937 354 2991 id
389 2941 488 3003 cst,
526 2939 781 2998 Domine,
806 2953 876 2991 ne
896 2937 954 2990 in
985 2937 1202 2991 furore.
1235 2939 1275 2992 Ι.
1336 2937 1488 2991 Beati
1511 2953 1778 3006 quorum.
1809 2937 1997 2990 Domi-

297 3042 391 3093 ne,
422 3042 492 3079 ne
523 3025 582 3079 in
634 3027 850 3080 furore.
907 3025 973 3079 II.
1009 3025 1271 3079 Miserere
1308 3025 1444 3092 mei,
1509 3025 1672 3079 Deus.
1733 3026 1996 3092 Domine,

300 3113 526 3168 exaudi.
562 3115 636 3167 De
661 3113 981 3183 profundis.
1031 3113 1288 3179 Domine,
1339 3113 1547 3166 exaudi
1576 3115 1660 3166 vel
1693 3104 1996 3184 unusquis-

297 3219 409 3273 que
476 3202 788 3256 secundum
870 3217 1032 3254 suam
1092 3201 1380 3267 virtutem,
1432 3206 1489 3255 et
1544 3202 1606 3254 in
1663 3217 1830 3255 mane
1875 3203 1998 3257 XXX

300 3289 553 3344 Psalmos
615 3293 819 3344 cantet.
877 3289 1082 3342 Volens
1134 3296 1326 3343 autem
1387 3289 1446 3342 in
1483 3289 1695 3342 somnis
1741 3306 1996 3359 peccare,

298 3380 420 3433 sive
466 3377 562 3448 qui
617 3378 872 3448 pollutus
922 3379 994 3432 sit
1045 3378 1164 3432 sine
1227 3379 1538 3443 voluntate,
1599 3379 1685 3432 XV
1743 3379 1997 3433 Psalmos

297 3471 503 3521 cantet.
535 3469 778 3520 Peccans
808 3483 925 3522 non
979 3467 1249 3539 pollutus,
1322 3467 1526 3538 viginti
1558 3471 1808 3538 quatuor
1844 3469 1998 3523 Psal-

297 3571 442 3610 mos.

743 3660 868 3714 CAP.
900 3661 1035 3716 XLI.
1065 3690 1138 3702 —
1167 3663 1237 3715 De
1267 3661 1451 3716 eadem
1475 3677 1552 3716 re.

371 3765 480 3836 (Ea:
509 3767 874 3821 Pwm‘tentiali
925 3765 1177 3836 Theodo.)
1214 3767 1352 3819 ltem
1383 3765 1442 3819 in
1501 3782 1699 3820 somno
1738 3782 1999 3836 peccans,

298 3857 342 3908 si
373 3871 440 3910 ex
479 3853 820 3925 cogitatione
865 3857 1120 3925 pollutus
1176 3854 1364 3918 fuerit,
1399 3855 1528 3909 XXV
1589 3855 1842 3909 Psalmos
1880 3872 2006 3910 can-

300 3949 401 3998 tet.
433 3945 495 3997 ln
521 3961 725 3998 somno
774 3960 1015 4013 peccans
1047 3943 1168 3997 sine
1194 3943 1560 4009 cogitatione,
1597 3945 1687 3999 Xll
1727 3945 1999 3999 Psalmos.

300 4034 357 4086 Si
385 4048 580 4086 semen
611 4032 823 4086 fuderit
851 4033 910 4086 in
943 4031 1190 4086 Ecclesia
1229 4048 1329 4103 per
1386 4032 1816 4101 dormitionem,
1876 4050 2004 4087 can-

301 4126 383 4174 tet
433 4119 789 4186 Psalterium,
824 4121 908 4174 vel
953 4123 1068 4172 tres
1099 4119 1222 4173 dies
1262 4119 1564 4189 pceniteat:
1596 4122 1643 4176 si
1683 4122 2000 4178 voluntarie

305 4225 498 4262 semen
529 4207 742 4262 fuderit
770 4208 829 4261 in
881 4208 1127 4262 Ecclesia
1167 4209 1318 4262 mala
1369 4209 1735 4281 cogitatione,
1758 4211 1808 4264 si
1838 4211 2000 4265 cleri-

304 4315 420 4361 cus,
461 4299 575 4351 XIV
603 4297 743 4361 dies,
802 4296 1096 4360 diaconus,
1154 4298 1310 4365 XXV,
1361 4299 1659 4370 presbyter
1715 4300 1818 4366 XL,
1885 4300 2006 4371 epi-

303 4400 528 4454 scopus,
551 4385 609 4450 L,
639 4384 972 4444 monachus,
999 4385 1143 4438 XXX.

305 4491 431 4545 CAP.
486 4491 643 4546 XLII.
699 4520 765 4529 —
797 4492 870 4544 De
908 4492 1019 4562 illis
1051 4493 1149 4558 qui
1192 4507 1292 4560 per
1340 4493 1672 4548 illecebrosas
1722 4495 2005 4562 amplemus

789 4560 1138 4627 fwminarum
1167 4564 1505 4631 polluuntur.

376 4666 484 4737 (Em
532 4669 900 4722 Pcenitentiali
947 4667 1111 4722 Beda
1155 4671 1270 4736 pr.)
1319 4668 1424 4732 Qui
1483 4684 1585 4739 per
1640 4669 2006 4725 illecebrosos

304 4754 600 4823 amplexus
656 4754 924 4832 tegmine,
985 4755 1072 4808 vel
1131 4757 1324 4808 Osculo
1391 4755 1686 4825 polluitur,
1744 4757 1825 4810 XX
1887 4757 2004 4810 dies

304 4843 596 4911 paeniteat.
631 4843 737 4906 Qui
792 4843 982 4912 tetigit
1030 4843 1410 4898 inverecunde
1460 4860 1690 4899 carnem
1747 4844 2004 4914 ejusdem

302 4930 574 4997 foeminae,
597 4935 710 4985 tres
732 4947 956 4986 menses
983 4931 1274 5002 poeniteat.
1309 4932 1414 4996 Qui
1445 4949 1549 5002 per
1585 4934 2004 5005 turpiloquium

305 5021 600 5089 polluitur,
657 5025 877 5089 septem
910 5019 1031 5073 dies
1085 5021 1380 5090 poeniteat.
1431 5022 1730 5092 Presbyter
1759 5024 1802 5077 si
1834 5040 2004 5076 oscu—

307 5109 450 5161 latus
507 5107 682 5162 fuerit
732 5108 1025 5162 feminam
1081 5124 1184 5179 per
1215 5109 1578 5164 immundum
1632 5111 2001 5178 desiderium,

302 5195 388 5249 XX
427 5195 548 5249 dies
579 5196 866 5265 poeniteat.
933 5196 988 5250 Si
1023 5196 1356 5267 inquinatus
1383 5198 1569 5259 fuerit,
1606 5199 1690 5252 XL
1732 5199 1854 5253 dies
1884 5215 2003 5270 pm-

306 5283 502 5336 niteat.
538 5283 643 5346 Qui
677 5283 734 5336 in
790 5283 1034 5338 Ecclesia
1065 5301 1168 5354 per
1216 5301 1480 5339 somnum
1539 5287 1837 5356 polluitur,
1892 5293 2004 5341 tres

307 5371 426 5424 dies
457 5370 750 5440 pmniteat.
786 5372 891 5435 Qui
925 5371 983 5426 in
1017 5373 1232 5427 somnis
1288 5375 1578 5429 voluntate
1613 5376 1868 5445 pollutus
1896 5379 2000 5437 est.

304 5464 502 5530 surgat
531 5465 588 5514 et
616 5465 804 5513 cantet
833 5467 1051 5531 septem
1089 5462 1343 5516 Psalmos
1376 5463 1821 5535 pmnitentiales,
1857 5469 1914 5518 et
1942 5463 2000 5518 in

2111 2939 2398 3009 simulque
2448 2939 2878 3008 Hierosolymaa,
2934 2940 3104 2993 etiam
3149 2938 3396 2992 aliarum
3431 2938 3809 2992 Ecclesiarum

2111 3027 2411 3098 episcopis,
2474 3034 2529 3081 et
2584 3043 2781 3081 earum
2839 3027 3127 3082 civitatum
3194 3027 3265 3081 ab
3328 3029 3433 3080 hac
3502 3028 3810 3096 apostolica

2111 3117 2265 3183 sede,
2297 3117 2616 3170 volentibus
2638 3117 2802 3182 scire,
2841 3116 2888 3170 si
2918 3116 3025 3170 viri
3053 3122 3106 3170 et
3149 3115 3421 3170 mulieres
3455 3115 3717 3168 redirent
3743 3114 3807 3167 ad

2109 3205 2410 3276 proprium
2441 3205 2692 3259 thorum.
2729 3205 2913 3260 Beata:
2956 3205 3247 3258 memoriae
3305 3202 3656 3256 sanctissimi
3702 3218 3807 3271 pa-

2108 3297 2243 3359 tres,
2275 3293 2477 3355 Julius,
2527 3293 2911 3359 Innocentius,
2945 3301 2999 3347 et
3054 3291 3370 3344 Celestinus
3423 3307 3552 3344 cum
3588 3290 3809 3360 episco-

2111 3397 2315 3452 porum
2376 3381 2762 3451 plurimorum
2820 3386 2875 3434 et
2953 3382 3307 3434 sacerdotum
3371 3386 3683 3444 conventu,
3755 3379 3809 3432 in

2113 3469 2359 3525 Ecclesia
2411 3470 2561 3524 beati
2635 3471 3028 3541 apostolorum
3094 3469 3368 3540 principis
3437 3469 3810 3539 prohibentes

2111 3557 2267 3624 talia,
2330 3559 2783 3628 perscripserunt
2833 3563 2891 3612 et
2955 3557 3458 3624 conﬁrmaverunt,
3523 3562 3590 3610 ut
3657 3555 3812 3609 nullo

2114 3647 2284 3701 modo
2332 3662 2390 3699 se
2451 3646 2508 3699 in
2550 3647 2820 3716 conjugio
2861 3647 3178 3716 reciperent
3208 3645 3503 3710 mulieres,
3557 3648 3661 3697 aut
3687 3643 3812 3710 viri,

2115 3735 2215 3806 qui
2236 3751 2342 3805 per
2367 3750 2767 3805 quamcunque
2798 3735 3076 3788 rationem
3119 3733 3478 3802 susciperent
3509 3737 3694 3799 natos,
3720 3730 3815 3785 sed

2114 3829 2447 3894 separarent
2469 3839 2557 3876 se:
2590 3838 2660 3876 ne
2696 3825 2968 3877 suadente
2994 3823 3220 3877 diabolo
3236 3823 3349 3876 tale
3372 3821 3576 3875 vitium
3597 3821 3814 3891 peccari

2115 3912 2386 3966 inolescat
2413 3927 2516 3982 per
2547 3911 2850 3976 mundum,
2899 3915 2957 3965 et
2985 3911 3383 3964 universorum
3416 3925 3580 3963 error
3628 3925 3815 3963 accre-

2115 4001 2250 4051 scat.
2281 3995 2444 4050 Scitis
2476 3995 2612 4066 quia
2641 3996 2929 4066 quomodo
2989 3999 3120 4048 sunt
3175 3999 3397 4064 septem
3448 3993 3600 4047 dona
3641 3991 3813 4046 sancti

2114 4084 2379 4154 Spiritus,
2429 4083 2507 4138 ita
2561 4088 2692 4138 sunt
2745 4089 2964 4155 septem
3017 4083 3167 4138 dona
3200 4081 3495 4152 baptismi.
3529 4081 3814 4152 Aprimo—

2035 4178 2076 4232 ι)
2116 4173 2326 4243 pabulo
2407 4173 2609 4225 sacrati
2665 4171 2818 4233 salis,
2876 4178 2932 4226 et
2985 4171 3249 4242 ingressu
3298 4176 3510 4225 sanctae
3562 4171 3815 4225 Ecclesiae

2117 4277 2222 4332 usq
2234 4278 2300 4315 ue
2317 4261 2387 4315 ad
2409 4261 2906 4315 conﬁrmationem
2929 4261 3170 4331 Spiritus
3190 4260 3372 4314 sancti
3403 4276 3510 4329 per
3537 4260 3809 4314 Chrisma.

2117 4351 2196 4406 Ab
2245 4351 2353 4403 hoc
2389 4351 2578 4420 primo
2617 4349 2863 4418 Spiritus
2903 4348 3082 4403 sancti
3113 4348 3269 4402 dono
3306 4363 3493 4419 usque
3527 4348 3599 4402 ad
3652 4347 3812 4418 septi-

2118 4455 2299 4507 mum,
2343 4438 2534 4492 nullus
2579 4438 2933 4492 Christianus
2972 4453 3132 4490 suam
3173 4440 3556 4490 commatrem
3587 4435 3647 4487 in
3679 4450 3808 4487 con-

2110 4527 2340 4597 jugium
2395 4527 2648 4597 recipere
2691 4527 2877 4592 debet,
2928 4533 2984 4581 et
3025 4525 3123 4598 qui
3178 4524 3638 4595 praesumpserit,
3695 4537 3811 4576 ana-

2115 4616 2383 4670 thematis
2415 4616 2640 4669 vinculo
2664 4617 2937 4686 religetur
2967 4615 3026 4668 in
3057 4620 3354 4686 perpetuo,
3385 4613 3500 4667 nisi
3533 4612 3808 4685 peniten-

2114 4704 2254 4758 tiam
2318 4705 2504 4774 egerit
2566 4705 2758 4774 digne.
2823 4704 3082 4759 Mulieres
3140 4719 3276 4757 vero
3342 4719 3473 4756 cum
3540 4704 3810 4772 separate

2115 4793 2347 4861 fuerint,
2375 4809 2438 4846 ac
2477 4809 2580 4864 pro
2604 4793 2802 4846 illicita
2835 4795 3056 4847 actione
3088 4808 3120 4846 a
3148 4790 3407 4862 propriis
3443 4790 3602 4855 viris,
3636 4795 3808 4844 totam

2115 4882 2482 4952 praecipimus
2532 4881 2787 4952 recipere
2837 4881 3053 4947 dotem,
3089 4896 3262 4952 quam
3319 4880 3377 4933 in
3431 4880 3524 4934 die
3575 4878 3810 4950 nuptiali

2115 4971 2457 5039 receperint,
2499 4975 2555 5023 et
2577 4975 2706 5038 post
2745 4970 3035 5040 expletum
3069 4984 3281 5022 annum
3317 4967 3599 5037 recipiant
3639 4968 3809 5022 alium

2113 5057 2320 5124 virum,
2353 5057 2400 5110 si
2428 5058 2732 5112 voluerint.
2769 5057 3046 5113 Similiter
3065 5063 3120 5111 et
3144 5057 3227 5109 vir
3257 5073 3516 5110 uxorem.

2114 5146 2243 5199 CAP.
2278 5146 2430 5200 XLV.
2467 5177 2532 5186 —
2567 5151 2637 5200 De
2667 5162 2723 5200 eo
2771 5150 2865 5215 qui
2911 5147 3222 5216 spiritalem
3254 5145 3416 5198 habet
3464 5151 3808 5214 compatrem,

2184 5220 2340 5285 cujus
2386 5233 2526 5271 umor
2571 5225 2860 5271 commater
2914 5234 3020 5271 non
3078 5223 3175 5281 est,
3233 5223 3286 5272 et
3327 5231 3385 5270 eo
3438 5216 3719 5282 defuncto,
3766 5218 3812 5269 si

2183 5289 2300 5356 ejus
2331 5289 2552 5342 viduam
2588 5291 2762 5356 possit
2790 5289 2981 5342 ducere
2999 5303 3241 5342 umorem.

2186 5377 2298 5445 (Ea:
2335 5379 2557 5432 concilio
2601 5377 2844 5442 Triburi,
2876 5379 2964 5431 cui
3011 5378 3264 5443 interfuit
3328 5391 3429 5430 rea:
3477 5375 3805 5445 Arnolphus,

2113 5466 2289 5534 capite
2331 5465 2444 5536 47.)
2503 5465 2610 5530 Qui
2645 5465 2964 5537 spiritalem
3013 5469 3368 5536 compatrem
3421 5464 3620 5531 habet,
3652 5461 3808 5534 cujus
