4010 6192
191 278 294 331 929
992 267 1472 325 DECRETORUM
1513 265 1709 323 LIBRI
1747 264 1858 320 XX.
1903 293 1971 305 —
2014 264 2220 321 LIBER
2264 263 2568 320 DECIMUS
2607 263 2963 320 SEPTIMUS.
3647 268 3750 320 930

1822 346 1835 353 ,—

192 403 377 458 filium
411 398 484 454 de
511 398 745 452 lavacro
776 409 955 449 sacrae
996 394 1170 448 fontis
1225 394 1459 465 accepit,
1494 399 1550 448 et
1604 393 1733 463 ejus
1782 405 1931 443 uxor
1963 393 2006 446 A
2046 392 2266 446 lestiam
2302 388 2621 443 sustinebat
2654 405 2685 441 a
2725 387 2927 458 spiritu
2971 386 3385 442 fornicationis.
3442 389 3597 444 Abiit
3644 406 3746 445 au—

191 493 507 546 commater
533 502 655 540 non
690 490 797 551 est,
833 484 1007 536 liceat
1037 484 1092 536 ei
1140 484 1404 537 defuncto
1461 485 1758 551 compatre
1822 495 1927 532 suo

198 582 323 652 ejus
351 580 586 631 viduam
660 575 871 629 ducere
901 572 963 624 in
1029 589 1284 637 uxorem,
1329 574 1375 625 si
1430 573 1651 625 nullam
1710 566 1930 622 habent

192 664 721 738 consanguinitatis
763 660 1288 733 propinquitatem.
1340 660 1483 724 Quid
1536 658 1737 713 enim?
1768 656 1926 709 Nun-

194 758 334 829 quid
369 772 487 809 non
538 757 786 824 possunt
832 749 1151 819 conjungi,
1182 765 1325 820 quos
1374 749 1533 802 nulla
1577 744 1928 817 proximitas

195 846 462 910 carnalis,
496 843 585 897 vel
613 842 673 895 in
707 841 764 894 id
796 839 1102 909 generatio
1136 837 1381 891 secernit
1411 834 1708 906 spiritalis.

201 936 332 991 CAP.
366 932 543 987 XLVI.
579 960 649 970 —
700 931 774 982 De
813 942 885 986 eo,
923 928 976 978 si
1005 928 1212 995 aliquis
1241 940 1351 979 suae
1380 924 1655 992 spiritalis
1699 936 1930 976 comma-

560 1003 661 1056 tris
690 1001 863 1068 ﬁliam
893 1012 1125 1050 uxorem
1155 997 1344 1050 ducere
1372 999 1561 1064 possit.

276 1095 385 1165 (Ea:
413 1091 615 1155 eodem,
663 1090 842 1157 capite
882 1086 1004 1154 48.)
1055 1085 1202 1139 Illud
1257 1085 1449 1151 etiam,
1506 1099 1612 1137 nec
1655 1081 1929 1136 canonica

202 1181 570 1237 institutione
619 1176 953 1242 deﬁnimus,
988 1190 1095 1228 nec
1141 1174 1563 1228 introductione
1622 1172 1813 1242 aliqua
1845 1187 1930 1224 re-

201 1274 480 1335 futamus,
516 1267 614 1322 sed
643 1270 880 1337 propter
913 1279 1015 1316 eos
1051 1263 1150 1333 qui
1180 1262 1397 1316 diverse
1429 1263 1497 1315 de
1537 1277 1606 1314 eo
1650 1260 1926 1327 sentiunt,

202 1362 315 1415 hoc
356 1361 474 1412 loco
504 1355 722 1427 aliquid
758 1367 1309 1407 commemoramus.
1362 1350 1419 1404 Si
1451 1349 1579 1419 quis
1611 1365 1728 1402 sure
1759 1348 1930 1418 spiri-

202 1450 337 1503 talis
384 1444 716 1501 commatris
776 1442 953 1495 ﬁliam
1009 1440 1271 1506 fortuitu,
1322 1444 1378 1491 et
1429 1437 1509 1491 ita
1557 1436 1932 1507 contingente

202 1553 402 1593 rerum
433 1551 562 1589 casu
584 1534 640 1587 in
673 1529 1014 1601 conjugium
1050 1528 1293 1593 duxerit,
1345 1526 1586 1580 concilio
1629 1526 1933 1580 maturiori

203 1631 452 1692 servato,
512 1622 741 1688 habeat,
799 1623 973 1688 atque
1034 1618 1277 1671 honeste
1353 1614 1611 1685 legitimo
1659 1616 1931 1685 conjugio

205 1730 446 1786 operam
474 1712 582 1765 det.

208 1807 341 1859 CAP.
365 1801 561 1856 XLVII.
585 1829 651 1839 —
679 1799 758 1851 De
781 1794 1043 1866 quodam,
1074 1797 1170 1862 qui
1189 1810 1343 1848 suam
1363 1795 1591 1864 ﬁliolam
1624 1793 1935 1863 spiritalem

864 1869 1268 1933 constuprauit.

285 1946 394 2015 (Ea:
434 1943 636 2012 Dialog.
700 1938 946 2007 Gregor.)
1005 1936 1284 1990 Terribile
1342 1936 1515 1990 etiam
1553 1933 1829 2006 quiddam
1876 1933 1936 1987 in

211 2032 455 2087 Valeriae
520 2028 813 2100 provincia
876 2025 1192 2095 contigisse
1248 2025 1335 2079 vir
1398 2026 1529 2078 vitae
1597 2022 1937 2077 venerabilis

213 2122 583 2178 Maximianus
613 2118 1002 2189 Syracusanus
1036 2114 1354 2185 episcopus,
1412 2114 1511 2184 qui
1560 2112 1655 2166 diu
1703 2111 1767 2165 in
1834 2110 1937 2164 hac

214 2212 361 2265 urbe
402 2227 526 2263 meo
578 2203 933 2261 monasterio
1004 2203 1254 2274 praefuit,
1309 2218 1543 2256 narrare
1615 2199 1936 2267 consuevit,

217 2300 437 2367 dicens,
486 2296 727 2362 Quidam
780 2293 1033 2358 corialis,
1095 2292 1211 2345 illic
1241 2291 1626 2344 sacratissimo
1680 2287 1938 2342 Paschali

217 2390 486 2454 Sabbato,
532 2384 900 2456 juvenculam
934 2381 1261 2450 cusjusdam
1292 2380 1468 2433 tiliam
1502 2378 1558 2432 in
1590 2378 1937 2449 baptismate

218 2475 489 2545 suscepit.
520 2474 625 2538 Qui
658 2477 786 2543 post
826 2470 1119 2539 jejunium
1149 2468 1386 2521 domum
1420 2483 1701 2533 reversus,
1752 2465 1936 2518 multo

216 2567 353 2619 vino
384 2564 715 2627 inebriatus,
746 2560 989 2613 eandem
1015 2557 1250 2609 filiolam
1283 2574 1446 2609 suam
1467 2572 1660 2610 secum
1706 2569 1937 2607 manere

218 2653 409 2724 petiit,
442 2665 679 2720 eamque
714 2652 879 2699 nocte
906 2644 1024 2708 illa,
1058 2643 1210 2713 quod
1253 2644 1403 2697 dicto
1457 2643 1615 2697 nefas
1666 2647 1773 2707 est,
1810 2656 1938 2710 per-

217 2742 388 2797 didit.
420 2740 673 2808 Cumque
704 2750 875 2788 mane
902 2733 1049 2786 facto
1104 2732 1441 2785 surrexisset
1474 2748 1625 2796 reus,
1685 2729 1937 2799 cogitare

220 2830 417 2900 ccepit,
467 2832 530 2880 ut
585 2825 653 2879 ad
711 2824 986 2877 balneum
1048 2825 1332 2890 pergeret,
1365 2837 1428 2873 ac
1459 2820 1506 2873 si
1551 2834 1702 2889 aqua
1747 2815 1938 2870 balnei

221 2922 441 2975 lavaret
470 2915 749 2970 maculam
779 2910 1017 2982 peccati.
1049 2910 1301 2962 Perrexit
1339 2908 1536 2979 igitur,
1576 2907 1731 2972 lavit,
1766 2905 1937 2975 ccepit

224 3006 535 3078 trepidare,
579 3000 889 3056 Ecclesium
952 2996 1175 3067 ingredi
1208 3014 1220 3050 :
1273 2996 1371 3050 sed
1410 2996 1455 3049 si
1488 3000 1646 3050 tanto
1696 2994 1789 3049 die
1819 3010 1938 3047 non

224 3097 476 3166 ignoret,
546 3091 616 3145 ad
668 3087 977 3144 Ecclesiam
1047 3085 1418 3139 erubescebat
1476 3085 1780 3139 homines:
1847 3082 1935 3135 sin

225 3200 363 3239 vero
397 3182 521 3248 iret,
555 3175 997 3251 pertimescebat
1040 3173 1319 3243 judicium
1375 3173 1490 3227 Dei.
1546 3171 1683 3225 Vicit
1742 3170 1936 3240 itaque

227 3276 487 3329 humana
563 3264 922 3331 verecundia,
1000 3263 1247 3333 perrexit
1318 3262 1388 3316 ad
1458 3260 1784 3327 Ecclesiam,
1840 3260 1936 3313 sed

227 3357 642 3415 tremebundus
673 3371 737 3409 ac
779 3368 998 3423 pavens
1047 3355 1196 3404 stare
1228 3352 1399 3419 ccepit
1447 3354 1619 3419 atque
1652 3363 1755 3418 per
1812 3347 1938 3400 sin-

230 3450 371 3520 gula
399 3449 687 3500 momenta
708 3443 1027 3513 suspectus,
1057 3456 1171 3510 qua
1197 3440 1339 3493 hora
1369 3437 1669 3491 immundo
1710 3434 1939 3505 spiritui

230 3536 575 3600 traderetur,
619 3538 673 3587 et
711 3547 907 3586 coram
932 3528 1089 3583 omni
1118 3528 1330 3598 populo
1379 3528 1698 3578 vexaretur.
1761 3521 1937 3577 Cum-

232 3642 347 3698 que
382 3625 749 3678 vehementer
779 3621 1030 3683 timeret,
1063 3616 1115 3670 ei
1139 3616 1201 3669 in
1226 3615 1324 3668 illa
1358 3613 1661 3667 missarum
1700 3609 1938 3664 celebri-

232 3696 371 3780 tate,
402 3711 565 3782 quasi
597 3710 829 3764 adverse
858 3706 940 3761 nil
996 3702 1297 3771 contingit,
1330 3700 1430 3771 qui
1474 3700 1637 3752 laetus
1691 3696 1849 3763 exiit,
1886 3702 1942 3751 et

231 3804 327 3858 die
360 3802 538 3855 altero
562 3797 862 3853 Ecclesiam
887 3795 1007 3865 jam
1037 3807 1270 3846 securus
1290 3787 1540 3843 intravit.
1597 3786 1941 3856 Factumque

230 3898 343 3958 est,
397 3897 462 3944 ut
518 3904 622 3959 per
667 3903 764 3940 sex
805 3883 1109 3938 continuos
1163 3880 1282 3933 dies
1344 3879 1531 3944 laetus,
1582 3890 1645 3928 ac
1706 3890 1941 3927 securus

231 3979 591 4051 procederet,
621 3975 911 4030 aastimans
939 3970 1093 4043 quod
1127 3969 1250 4039 ejus
1280 3967 1461 4022 scelus
1510 3963 1808 4029 Dominus,
1844 3968 1942 4018 aut

228 4050 354 4123 non
388 4065 641 4131 vidisset,
700 4068 795 4117 aut
852 4061 1037 4114 visum
1092 4055 1543 4111 misericorditer
1610 4050 1936 4106 dimisisset.

230 4156 336 4210 Die
401 4157 593 4208 autem
669 4150 913 4220 septima
978 4145 1164 4199 subita
1228 4147 1411 4196 morte
1476 4138 1778 4194 defunctus
1835 4143 1938 4193 est.

229 4245 492 4313 Cumque
525 4241 829 4310 sepultura).
856 4235 1102 4291 traditus
1135 4232 1348 4297 fuisset,
1374 4245 1478 4300 per
1518 4229 1760 4297 longum
1796 4230 1942 4281 tem-

230 4350 342 4404 pus
373 4331 589 4385 cunctis
621 4327 942 4382 videntibus
974 4325 1041 4379 de
1098 4321 1397 4391 sepulchro
1452 4316 1632 4387 ipsius
1705 4315 1939 4370 flamma

231 4421 397 4485 exiit,
429 4424 485 4473 et
522 4425 636 4472 tam
668 4417 769 4470 diu
827 4431 952 4469 ossa
1000 4412 1122 4482 ejus
1169 4406 1570 4472 concremavit,
1636 4420 1938 4477 quousque

231 4524 411 4564 omne
440 4506 798 4578 sepulchrum
850 4499 1241 4569 consumpsit:
1302 4501 1355 4550 et
1388 4499 1540 4549 terra
1566 4510 1692 4563 quae
1749 4492 1809 4546 in
1844 4498 1938 4547 tu-

234 4595 399 4649 mulo
429 4595 661 4648 collecta
689 4593 815 4660 fuit,
859 4591 1085 4646 defossa
1140 4586 1445 4641 videretur.
1481 4582 1641 4647 Quod
1677 4580 1940 4635 videlicet

231 4685 599 4754 omnipotens
629 4684 778 4737 Deus
799 4682 1034 4745 faciens,
1090 4677 1341 4732 ostendit
1392 4673 1529 4746 quid
1558 4672 1681 4743 ejus
1748 4672 1940 4726 anima

233 4773 477 4844 pertulit
505 4772 565 4825 in
596 4772 839 4832 occulto,
872 4769 1031 4838 cujus
1057 4765 1230 4819 etiam
1260 4779 1469 4833 corpus
1488 4767 1618 4813 ante
1658 4760 1940 4814 humanos

233 4860 435 4915 oculos
468 4861 699 4913 ﬂamma
728 4855 1100 4927 consumpsit.
1135 4853 1254 4917 Qua
1285 4853 1344 4906 in
1382 4868 1440 4905 re
1488 4865 1718 4921 quoque
1774 4849 1941 4903 nobis

232 4950 364 5003 haec
390 4947 752 5002 audientibus
781 4944 1107 5014 exemplum
1138 4939 1463 4997 formidinis
1478 4939 1631 5001 .dare
1673 4936 1941 5007 dignatus

230 5042 342 5103 est,
379 5042 657 5107 quatenus
683 5052 748 5088 ex
778 5035 883 5088 hac
913 5032 1366 5086 consideratione
1397 5027 1752 5096 colligamus,
1803 5025 1940 5096 quid

232 5123 431 5179 anima
460 5123 654 5177 vivens
685 5139 749 5176 ac
775 5121 1044 5182 sentiens,
1077 5135 1184 5188 pro
1246 5124 1405 5172 reatu
1465 5132 1568 5169 suo
1624 5113 1860 5184 patitur,
1894 5113 1941 5167 si

233 5217 397 5267 tanto
427 5212 579 5281 ignis
608 5210 889 5281 supplicio
937 5208 1107 5262 etiam
1141 5203 1494 5261 insensibilia
1542 5219 1668 5256 ossa
1707 5217 1939 5255 concre-

234 5308 490 5355 mantur.

236 5392 369 5447 CAP.
391 5390 619 5445 XLVIII.
649 5417 719 5429 —-
738 5390 809 5443 De
838 5387 1072 5456 quodam
1100 5385 1297 5450 fratre,
1319 5382 1416 5456 qui
1452 5377 1878 5449 impugnabatur
1905 5394 1940 5433 a

770 5452 971 5529 spiritu
995 5452 1400 5529 fornicationis.

318 5530 426 5599 (Ex
478 5531 641 5588 dictis
671 5521 1294 5600 Paphnutiieremitae.)
1333 5521 1577 5588 Quidam
1609 5525 1774 5592 pater
1812 5535 1939 5575 mo-

2043 487 2159 536 tem
2186 482 2253 534 ad
2307 478 2597 549 quendam
2651 477 3115 546 probatissimum
3175 477 3481 544 seniorem,
3515 484 3571 531 et
3622 496 3753 548 pre-

2043 572 2279 625 cabatur
2357 582 2511 630 eum,
2572 566 2819 621 dicens:
2874 567 3025 618 Pone
3101 564 3205 618 tibi
3280 566 3745 633 sollicitudinem,

2042 658 2373 715 beatismme
2425 660 2609 724 pater,
2644 660 2700 708 et
2729 671 2827 707 ora
2881 669 2983 722 pro
3017 669 3143 705 me:
3181 653 3315 721 quia
3372 654 3619 723 graviter
3660 671 3752 708 me

2042 748 2349 819 impugnat
2402 744 2589 813 passio
2641 741 3056 797 fornicationis.
3116 742 3246 794 Haec
3303 758 3431 794 cum
3495 742 3751 796 audisset

2042 835 2258 896 senior,
2288 831 2489 885 orabat
2544 832 2760 885 intente
2817 828 3018 882 diebus
3071 845 3134 882 ac
3192 829 3475 895 noctibus,
3527 846 3632 898 pro
3682 846 3750 883 eo

2043 925 2358 995 deprecans
2408 918 2636 973 Domini
2719 916 3196 972 misericordiam.
3277 917 3490 970 Iterum
3558 922 3752 970 autem

2041 1012 2310 1067 veniebat
2339 1007 2491 1061 idem
2526 1007 2719 1075 frater,
2754 1012 2811 1060 et
2859 1005 3096 1074 rogabat
3125 1004 3428 1070 seniorem,
3463 1010 3526 1058 ut
3568 1007 3753 1077 magis

2042 1100 2321 1156 intentius
2353 1113 2459 1168 pro
2483 1113 2549 1151 eo
2590 1101 2796 1150 oraret.
2843 1094 3120 1149 Similiter
3150 1098 3342 1147 autem
3401 1109 3531 1146 cum
3594 1096 3752 1149 omni

2044 1187 2436 1244 sollicitudine
2486 1186 2686 1241 beatus
2724 1184 2916 1238 senior
2946 1183 3147 1237 orabat
3174 1182 3450 1236 intentius
3496 1199 3598 1253 pro
3663 1201 3750 1237 eo.

2047 1280 2405 1349 Frequenter
2437 1281 2629 1329 autem
2689 1273 3013 1327 venientem
3070 1272 3142 1326 ad
3174 1288 3232 1325 se
3295 1272 3638 1325 monachum
3670 1274 3752 1325 vi-

2046 1369 2186 1423 dens
2240 1366 2455 1431 senior,
2512 1370 2568 1419 et
2618 1364 3022 1432 deprecantem
3082 1377 3140 1413 se
3206 1365 3271 1414 ut
3326 1366 3532 1427 oraret,
3593 1361 3753 1415 valde

2046 1456 2417 1511 contristatus
2474 1452 2867 1507 admirabatur
2924 1449 3059 1519 quia
3116 1464 3232 1501 non
3295 1449 3591 1502 exaudiret
3643 1450 3750 1501 llo-

2047 1546 2260 1608 minus,
2291 1542 2584 1596 orationes
2615 1557 2764 1593 suas.
2800 1539 3006 1592 Eadem
3047 1544 3237 1590 autem
3271 1543 3452 1603 nocte,
3488 1538 3756 1590 revelavit

2048 1633 2100 1686 ei
2134 1632 2438 1696 Dominus,
2472 1645 2601 1700 quae
2648 1628 2795 1679 circa
2849 1626 3012 1678 illum
3067 1625 3417 1679 monachum
3447 1631 3628 1693 erant,
3661 1642 3757 1679 ne-

2044 1719 2357 1791 gligentiae,
2391 1723 2448 1771 et
2496 1716 2739 1787 ignaviae
2770 1713 3201 1779 resolutionem,
3246 1719 3300 1765 et
3354 1713 3756 1766 delectationes

2045 1808 2167 1861 fore
2216 1822 2523 1876 corporeas
2566 1803 2751 1857 cordis
2783 1802 2923 1871 ejus.
2958 1801 3039 1854 Ita
3088 1804 3279 1854 autem
3337 1805 3625 1853 ostensum
3673 1806 3758 1853 est

2046 1900 2240 1949 sancto
2268 1894 2504 1948 seniori.
2549 1892 2699 1945 Vidit
2747 1890 3038 1944 sedentem
3072 1889 3236 1943 illum
3296 1891 3665 1957 monachum,
3700 1894 3755 1943 et

2048 1984 2314 2054 spiritum
2347 1979 2743 2036 fornicationis
2774 1979 2831 2032 in
2893 1978 3131 2031 diversis
3190 1978 3501 2032 mulierum
3554 1978 3755 2031 formis

2046 2078 2179 2127 ante
2210 2071 2376 2124 illum
2422 2070 2737 2133 ludentem,
2765 2072 2820 2119 et
2847 2066 3035 2136 ipsum
3068 2067 3470 2120 condelectari.
3526 2067 3758 2121 Videbat

2047 2168 2103 2215 et
2134 2161 2407 2230 angelum
2449 2157 2672 2211 Domini
2720 2160 3021 2218 astantem,
3065 2160 3120 2207 et
3168 2154 3567 2224 indignantem
3626 2171 3756 2224 gra-

2045 2249 2191 2302 viter
2240 2253 2444 2301 contra
2486 2244 2753 2299 eumdem
2801 2243 3032 2296 fratrem
3070 2258 3082 2294 :
3117 2241 3252 2311 quia
3300 2259 3416 2295 non
3460 2242 3753 2311 surgebat,

2046 2354 2233 2408 neque
2287 2333 2694 2405 prosternebat
2737 2348 2795 2386 se
2838 2332 2896 2385 in
2936 2330 3290 2385 orationibus
3320 2331 3388 2383 ad
3424 2330 3755 2395 Dominum,

2047 2427 2145 2481 sed
2201 2423 2388 2494 magis
2438 2422 2827 2477 delectabatur
2868 2420 2929 2474 in
2975 2419 3415 2490 cogitationibus
3455 2419 3589 2473 suis.
3630 2419 3759 2472 Hmc

2047 2530 2185 2585 ergo
2228 2518 2461 2567 ostensa
2518 2516 2651 2565 sunt
2696 2527 2799 2580 per
2836 2509 3249 2563 revelationem
3277 2512 3469 2561 sancto
3523 2506 3753 2560 seniori.

2048 2602 2327 2672 Cognovit
2377 2605 2596 2666 autem,
2647 2599 2782 2669 quia
2840 2598 3007 2668 culpa
3065 2602 3121 2650 et
3176 2596 3531 2667 negligentia
3604 2596 3758 2649 illius

2048 2690 2318 2746 monachi
2350 2696 2493 2757 erat,
2551 2695 2613 2743 ut
2646 2704 2759 2742 non
2821 2687 3231 2741 exaudirentur
3272 2686 3562 2739 orationes
3611 2686 3755 2755 ejus.

2048 2783 2117 2836 Et
2144 2786 2283 2834 tunc
2314 2778 2459 2833 dixit
2488 2777 2542 2831 ei
2573 2777 2766 2832 senior
2798 2791 2811 2830 :
2858 2776 2998 2839 Quia
3034 2781 3132 2828 tua
3172 2775 3340 2845 culpa
3373 2780 3513 2841 erat,
3562 2773 3754 2841 frater,
3820 2768 3834 2779 “

2048 2871 2186 2941 quia
2217 2866 2628 2922 coudelectaris
2678 2864 3120 2936 cogitationibus
3167 2864 3352 2929 malis,
3408 2862 3759 2933 impossibile

2050 2964 2132 3013 est
2161 2957 2318 3011 enim
2373 2956 2663 3011 discedere
2709 2960 2826 3009 ate
2859 2953 3127 3023 spiritum
3189 2951 3588 3006 fornicationis
3649 2951 3759 3004 im-

2050 3046 2359 3112 mundum,
2393 3044 2521 3099 aliis
2545 3044 2862 3109 orantibus,
2909 3046 2966 3095 et
3014 3040 3195 3096 Deum
3228 3057 3335 3110 pro
3368 3045 3421 3094 te
3455 3041 3759 3110 deprecan-

2048 3136 2217 3202 tibus,
2252 3134 2363 3187 nisi
2396 3138 2452 3188 et
2480 3138 2541 3187 tu
2572 3138 2627 3187 te
2648 3133 2769 3203 ipse
2810 3132 3064 3186 laborem
3104 3145 3361 3183 assumas
3411 3128 3469 3183 in
3497 3128 3755 3199 jejuniis,

2050 3229 2105 3279 et
2136 3223 2516 3289 orationibus,
2544 3227 2602 3275 et
2628 3220 2838 3292 vigiliis
2870 3220 3086 3287 multis,
3138 3234 3264 3272 cum
3301 3216 3522 3288 gemitu
3562 3216 3754 3285 depre-

2051 3328 2203 3377 cans,
2264 3316 2328 3365 ut
2379 3310 2832 3365 misericordiam
2906 3324 3073 3361 suam
3133 3317 3186 3360 et
3254 3305 3600 3376 adjutorium
3666 3305 3760 3357 det

2050 3401 2247 3471 gratiae
2276 3417 2418 3466 suae,
2470 3400 2842 3470 praebeatque
2885 3397 2992 3450 tibi
3042 3396 3319 3450 Dominus
3388 3393 3663 3457 Christus,
3700 3396 3759 3445 ut

2052 3488 2233 3559 possis
2261 3488 2528 3541 resistere
2584 3486 2747 3539 malis
2769 3484 3233 3555 cogitationibus.
3276 3483 3414 3536 Nam
3448 3485 3503 3533 et
3530 3481 3756 3547 medici,

2051 3576 2151 3648 qui
2203 3576 2538 3645 corporibus
2579 3573 2883 3627 hominum
2934 3573 3350 3626 medicamenta
3429 3569 3756 3635 conficiunt,

2050 3670 2108 3717 et
2136 3661 2435 3729 adhibent,
2486 3660 2747 3731 quamvis
2797 3660 2995 3714 omnia
3026 3676 3157 3714 cum
3199 3673 3424 3711 summa
3465 3657 3760 3726 diligentia

2051 3750 2282 3815 faciant,
2341 3752 2737 3801 verumtamen
2788 3748 2835 3800 si
2866 3748 2962 3801 ille
3014 3747 3111 3818 qui
3159 3746 3507 3805 inﬁrmatur,
3542 3760 3660 3797 non
3698 3760 3759 3798 se

2053 3837 2335 3893 abstineat
2364 3853 2397 3890 a
2448 3835 2634 3889 noxiis
2660 3836 2817 3903 cibis,
2870 3836 2958 3889 vel
3014 3837 3081 3889 de
3123 3834 3251 3888 aliis
3293 3848 3418 3904 quae
3453 3834 3635 3886 solent
3661 3833 3758 3886 lae-

2053 3929 2186 3982 dere
2239 3924 2620 3988 infirmitates,
2654 3922 2801 3976 nihil
2857 3922 3087 3992 proficit
3143 3938 3298 3988 cura,
3358 3926 3415 3974 et
3439 3921 3755 3991 diligentia,

2054 4022 2112 4071 et
2158 4014 2476 4069 sollicitudo
2534 4012 2914 4067 medicorum.
2992 4011 3267 4066 Similiter
3324 4009 3518 4076 etiam,
3586 4014 3643 4063 et
3697 4010 3759 4065 in

2054 4106 2262 4159 animai
2285 4101 2655 4174 languoribus
2699 4101 2925 4155 eveniet
2957 4117 2969 4155 :
2999 4101 3132 4154 licet
3160 4115 3290 4154 cum
3343 4099 3504 4151 omni
3558 4098 3755 4153 inten—

2053 4195 2229 4262 tione,
2265 4204 2321 4247 et
2369 4208 2436 4246 ex
2458 4195 2576 4245 toto
2617 4191 2789 4245 corde
2817 4188 2995 4244 sancti
3018 4194 3228 4260 patres,
3261 4187 3359 4257 qui
3388 4192 3523 4241 sunt
3550 4187 3757 4242 medici

2052 4283 2354 4354 spiritales,
2418 4284 2654 4333 exorent
2717 4278 3165 4332 misericordiam
3227 4275 3436 4331 Christi
3526 4275 3755 4329 Domini

2050 4370 2357 4427 Salvatoris
2390 4368 2566 4421 nostri
2619 4384 2723 4436 pro
2769 4367 2871 4433 eis,
2905 4366 3003 4437 qui
3059 4364 3412 4419 orationibus
3443 4379 3641 4418 eorum
3697 4379 3755 4417 se

2050 4460 2341 4531 postulant
2372 4456 2649 4527 adjuvari,
2686 4455 2791 4508 nisi
2822 4460 2877 4509 et
2905 4454 3015 4525 ipsi
3054 4470 3182 4507 cum
3218 4452 3376 4507 omni
3440 4451 3755 4507 intentione

2050 4550 2257 4604 mentis
2283 4553 2401 4602 tam
2457 4545 2519 4599 in
2570 4543 2945 4608 orationibus,
3010 4557 3184 4613 quam
3243 4541 3304 4594 in
3359 4541 3518 4595 omni
3584 4557 3756 4611 opere

2050 4636 2310 4707 spiritali,
2346 4650 2475 4707 quas
2506 4635 2619 4688 Deo
2652 4632 2858 4703 placita
2888 4635 3040 4699 sunt,
3072 4629 3303 4695 faciant,
3332 4644 3449 4682 non
3496 4628 3579 4682 eis
3612 4645 3755 4699 pro-

2049 4726 2243 4780 ficient
2273 4722 2559 4779 orationes
2586 4735 2808 4774 eorum.

2049 4866 2175 4920 CAP.
2198 4865 2411 4920 XLXIX.
2427 4890 2495 4902 -—
2508 4864 2582 4915 De
2596 4873 2794 4929 sponsa
2808 4858 3031 4924 fratris,
3047 4858 3098 4910 si
3113 4856 3292 4922 frater
3306 4870 3424 4910 eam
3444 4857 3749 4912 violaverit.

2122 4990 2233 5060 (Ea:
2257 4986 2478 5042 concilio
2539 4982 2780 5047 Tribur.,
2834 4982 2922 5034 cui
2963 4980 3215 5045 interfuit
3252 4993 3353 5032 rea:
3408 4979 3748 5047 Arnolphus,

2048 5079 2226 5146 capite
2260 5076 2365 5139 10.)
2397 5071 2640 5136 Quidam
2687 5068 3051 5139 desponsavit
3102 5082 3363 5131 uxorem,
3397 5071 3455 5119 et
3510 5066 3747 5135 dotavit,

2052 5182 2180 5219 cum
2207 5179 2273 5218 ea
2302 5162 2450 5216 coire
2478 5177 2593 5214 non
2625 5159 2830 5230 potuit.
2855 5158 3036 5221 Quam
3083 5155 3257 5208 frater
3311 5156 3435 5224 ejus
3495 5155 3753 5210 clanculo

2050 5252 2323 5320 corrupit,
2371 5257 2427 5304 et
2503 5248 2794 5319 gravidam
2828 5245 3095 5300 reddidit.
3157 5242 3455 5296 Decretum
3514 5248 3617 5310 est,
3692 5251 3754 5299 ut

2051 5337 2308 5412 quamvis
2342 5341 2518 5408 nupta
2544 5352 2665 5390 esse
2718 5351 2835 5388 non
2867 5332 3120 5404 potuerit
3174 5330 3431 5401 legitimo
3468 5332 3608 5394 viro,
3653 5332 3752 5388 de-

2052 5432 2381 5500 sponsatam
2430 5431 2625 5478 tamen
2675 5422 2860 5492 fratri,
2912 5422 3089 5476 frater
3131 5419 3343 5474 habere
3393 5435 3510 5473 non
3548 5422 3747 5490 possit.

2052 5517 2173 5571 Sed
2207 5514 2461 5571 mcechus
2501 5518 2559 5567 et
2615 5511 2855 5578 moecha,
2886 5507 3280 5564 fornicationis
3335 5508 3572 5578 quidam
3620 5508 3744 5561 vin-
