  <div class='ocr_page' id='page_1' title='image "/cluster/home/n/w/nwhite01/storage/ocr_20150623/140/hvd.32044054760004/471.png"; bbox 0 0 4010 6192; ppageno 0'>
   <div class='ocr_carea' id='block_1_1' title="bbox 356 253 3780 345">
    <p class='ocr_par' dir='ltr' id='par_1_1' title="bbox 356 253 3780 345">
     <span class='ocr_line' id='line_1_1' title="bbox 356 253 3780 345; baseline 0.006 -40"><span class='ocrx_word' id='word_1_1' title='bbox 356 253 450 306; x_wconf 65' lang='lat'><strong>931</strong></span> <span class='ocrx_word' id='word_1_2' title='bbox 1419 254 1831 311; x_wconf 82' lang='lat' dir='ltr'><strong>BURCHARDI</strong></span> <span class='ocrx_word' id='word_1_3' title='bbox 1875 256 2410 321; x_wconf 82' lang='lat' dir='ltr'><strong>WORMACIENSIS</strong></span> <span class='ocrx_word' id='word_1_4' title='bbox 2450 267 2779 323; x_wconf 83' lang='lat' dir='ltr'><strong>EPISCOPI.</strong></span> <span class='ocrx_word' id='word_1_5' title='bbox 3695 293 3780 345; x_wconf 57' lang='lat'><strong>93,</strong></span> 
     </span>
    </p>
   </div>
   <div class='ocr_carea' id='block_1_2' title="bbox 353 374 3781 467">
    <p class='ocr_par' dir='ltr' id='par_1_2' title="bbox 353 374 3781 467">
     <span class='ocr_line' id='line_1_2' title="bbox 353 374 3781 467; baseline 0.011 -38"><span class='ocrx_word' id='word_1_6' title='bbox 353 375 564 430; x_wconf 85' lang='lat' dir='ltr'><strong>dictam</strong></span> <span class='ocrx_word' id='word_1_7' title='bbox 595 374 936 446; x_wconf 82' lang='lat' dir='ltr'><strong>sustineant,</strong></span> <span class='ocrx_word' id='word_1_8' title='bbox 976 376 1130 432; x_wconf 88' lang='lat' dir='ltr'><strong>licita</strong></span> <span class='ocrx_word' id='word_1_9' title='bbox 1163 393 1294 432; x_wconf 88' lang='lat' dir='ltr'><strong>vero</strong></span> <span class='ocrx_word' id='word_1_10' title='bbox 1338 377 1420 432; x_wconf 92' lang='lat' dir='ltr'><strong>eis</strong></span> <span class='ocrx_word' id='word_1_11' title='bbox 1470 379 1737 450; x_wconf 85' lang='lat' dir='ltr'><strong>conjugia</strong></span> <span class='ocrx_word' id='word_1_12' title='bbox 1766 396 1879 434; x_wconf 92' lang='lat' dir='ltr'><strong>non</strong></span> <span class='ocrx_word' id='word_1_13' title='bbox 1937 396 2036 435; x_wconf 88' lang='lat' dir='ltr'><strong>ne-</strong></span> <span class='ocrx_word' id='word_1_14' title='bbox 2069 385 2121 438; x_wconf 72' lang='grc' dir='ltr'><strong>Α</strong></span> <span class='ocrx_word' id='word_1_15' title='bbox 2153 390 2310 454; x_wconf 85' lang='lat' dir='ltr'><strong>ptem</strong></span> <span class='ocrx_word' id='word_1_16' title='bbox 2365 387 2542 442; x_wconf 83' lang='lat' dir='ltr'><strong>laicus</strong></span> <span class='ocrx_word' id='word_1_17' title='bbox 2580 405 2676 444; x_wconf 85' lang='lat' dir='ltr'><strong>sex</strong></span> <span class='ocrx_word' id='word_1_18' title='bbox 2715 390 2880 446; x_wconf 89' lang='lat' dir='ltr'><strong>annis</strong></span> <span class='ocrx_word' id='word_1_19' title='bbox 2912 392 3200 463; x_wconf 74' lang='lat' dir='ltr'><strong>poeniteat.</strong></span> <span class='ocrx_word' id='word_1_20' title='bbox 3229 397 3412 454; x_wconf 79' lang='lat' dir='ltr'><strong>Frater</strong></span> <span class='ocrx_word' id='word_1_21' title='bbox 3434 406 3651 460; x_wconf 83' lang='lat' dir='ltr'><strong>carnalis</strong></span> <span class='ocrx_word' id='word_1_22' title='bbox 3675 427 3781 467; x_wconf 88' lang='lat' dir='ltr'><strong>cum</strong></span> 
     </span>
    </p>
   </div>
   <div class='ocr_carea' id='block_1_3' title="bbox 350 468 3783 554">
    <p class='ocr_par' dir='ltr' id='par_1_3' title="bbox 350 468 3783 554">
     <span class='ocr_line' id='line_1_3' title="bbox 350 468 3783 554; baseline 0.013 -44"><span class='ocrx_word' id='word_1_23' title='bbox 350 468 578 533; x_wconf 77' lang='lat' dir='ltr'><strong>geritur,</strong></span> <span class='ocrx_word' id='word_1_24' title='bbox 2161 474 2337 528; x_wconf 78' lang='lat' dir='ltr'><strong>fratre</strong></span> <span class='ocrx_word' id='word_1_25' title='bbox 2395 477 2612 531; x_wconf 81' lang='lat' dir='ltr'><strong>carnali</strong></span> <span class='ocrx_word' id='word_1_26' title='bbox 2681 479 3117 536; x_wconf 83' lang='lat' dir='ltr'><strong>fornicationem</strong></span> <span class='ocrx_word' id='word_1_27' title='bbox 3171 484 3373 540; x_wconf 82' lang='lat' dir='ltr'><strong>faciens</strong></span> <span class='ocrx_word' id='word_1_28' title='bbox 3418 489 3497 543; x_wconf 85' lang='lat' dir='ltr'><strong>XV</strong></span> <span class='ocrx_word' id='word_1_29' title='bbox 3539 496 3681 550; x_wconf 88' lang='lat' dir='ltr'><strong>annis</strong></span> <span class='ocrx_word' id='word_1_30' title='bbox 3729 500 3783 554; x_wconf 84' lang='lat' dir='ltr'><strong>ab</strong></span> 
     </span>
    </p>
   </div>
   <div class='ocr_carea' id='block_1_4' title="bbox 349 554 3782 653">
    <p class='ocr_par' dir='ltr' id='par_1_4' title="bbox 349 554 3782 653">
     <span class='ocr_line' id='line_1_4' title="bbox 349 554 3782 653; baseline 0.01 -45"><span class='ocrx_word' id='word_1_31' title='bbox 349 554 480 608; x_wconf 71' lang='lat' dir='ltr'><strong>Car.</strong></span> <span class='ocrx_word' id='word_1_32' title='bbox 509 554 658 653; x_wconf 59' lang='lat' dir='ltr'><strong>L.;—</strong></span> <span class='ocrx_word' id='word_1_33' title='bbox 685 554 746 608; x_wconf 88' lang='lat' dir='ltr'><strong>Si</strong></span> <span class='ocrx_word' id='word_1_34' title='bbox 799 557 924 653; x_wconf 70' lang='lat' dir='ltr'><strong>quis</strong></span> <span class='ocrx_word' id='word_1_35' title='bbox 985 555 1050 608; x_wconf 88' lang='lat' dir='ltr'><strong>de</strong></span> <span class='ocrx_word' id='word_1_36' title='bbox 1102 570 1207 637; x_wconf 68' lang='lat' dir='ltr'><strong>uno</strong></span> <span class='ocrx_word' id='word_1_37' title='bbox 1237 557 1294 607; x_wconf 81' lang='lat' dir='ltr'><strong>in</strong></span> <span class='ocrx_word' id='word_1_38' title='bbox 1346 557 1905 653; x_wconf 35' lang='lat' dir='ltr'><strong>alium‘tr-an&#39;s&#39;migtat</strong></span> <span class='ocrx_word' id='word_1_39' title='bbox 1933 561 2048 653; x_wconf 55' lang='lat' dir='ltr'><strong>cpi:</strong></span> <span class='ocrx_word' id='word_1_40' title='bbox 2161 564 2322 616; x_wconf 91' lang='lat' dir='ltr'><strong>omni</strong></span> <span class='ocrx_word' id='word_1_41' title='bbox 2375 581 2546 620; x_wconf 90' lang='lat' dir='ltr'><strong>carne</strong></span> <span class='ocrx_word' id='word_1_42' title='bbox 2607 584 2666 622; x_wconf 90' lang='lat' dir='ltr'><strong>se</strong></span> <span class='ocrx_word' id='word_1_43' title='bbox 2720 569 3024 625; x_wconf 83' lang='lat' dir='ltr'><strong>abstineat.</strong></span> <span class='ocrx_word' id='word_1_44' title='bbox 3083 571 3139 625; x_wconf 97' lang='lat' dir='ltr'><strong>Si</strong></span> <span class='ocrx_word' id='word_1_45' title='bbox 3194 589 3381 630; x_wconf 87' lang='lat' dir='ltr'><strong>semen</strong></span> <span class='ocrx_word' id='word_1_46' title='bbox 3427 578 3481 632; x_wconf 91' lang='lat' dir='ltr'><strong>in</strong></span> <span class='ocrx_word' id='word_1_47' title='bbox 3505 597 3560 634; x_wconf 91' lang='lat' dir='ltr'><strong>os</strong></span> <span class='ocrx_word' id='word_1_48' title='bbox 3585 586 3782 653; x_wconf 81' lang='lat' dir='ltr'><strong>miserit,</strong></span> 
     </span>
    </p>
   </div>
   <div class='ocr_carea' id='block_1_5' title="bbox 417 628 3785 736">
    <p class='ocr_par' dir='ltr' id='par_1_5' title="bbox 417 628 3785 736">
     <span class='ocr_line' id='line_1_5' title="bbox 417 628 3785 736; baseline 0.011 -47"><span class='ocrx_word' id='word_1_49' title='bbox 417 629 716 707; x_wconf 54' lang='lat' dir='ltr'><strong>secratum.</strong></span> <span class='ocrx_word' id='word_1_50' title='bbox 743 631 829 707; x_wconf 52' lang='grc' dir='ltr'><strong>,εί</strong></span> <span class='ocrx_word' id='word_1_51' title='bbox 881 628 1358 709; x_wconf 53' lang='lat' dir='ltr'><strong>consanguineam,</strong></span> <span class='ocrx_word' id='word_1_52' title='bbox 1385 642 1541 709; x_wconf 57' lang='lat' dir='ltr'><strong>suam</strong></span> <span class='ocrx_word' id='word_1_53' title='bbox 1590 630 1870 697; x_wconf 50' lang='grc' dir='ltr'><strong>Μίλωνα»</strong></span> <span class='ocrx_word' id='word_1_54' title='bbox 1958 628 2048 684; x_wconf 49' lang='lat' dir='ltr'><strong>vel</strong></span> <span class='ocrx_word' id='word_1_55' title='bbox 2159 656 2377 722; x_wconf 86' lang='lat' dir='ltr'><strong>septem</strong></span> <span class='ocrx_word' id='word_1_56' title='bbox 2417 671 2600 708; x_wconf 85' lang='lat' dir='ltr'><strong>annos</strong></span> <span class='ocrx_word' id='word_1_57' title='bbox 2637 657 2929 726; x_wconf 67' lang='lat' dir='ltr'><strong>paeniteat,</strong></span> <span class='ocrx_word' id='word_1_58' title='bbox 2973 658 3070 712; x_wconf 87' lang='lat' dir='ltr'><strong>alii</strong></span> <span class='ocrx_word' id='word_1_59' title='bbox 3119 660 3313 716; x_wconf 88' lang='lat' dir='ltr'><strong>dicunt</strong></span> <span class='ocrx_word' id='word_1_60' title='bbox 3342 680 3509 736; x_wconf 86' lang='lat' dir='ltr'><strong>usque</strong></span> <span class='ocrx_word' id='word_1_61' title='bbox 3559 671 3611 724; x_wconf 91' lang='lat' dir='ltr'><strong>in</strong></span> <span class='ocrx_word' id='word_1_62' title='bbox 3642 630 3785 730; x_wconf 65' lang='lat' dir='ltr'><strong>ﬁneni</strong></span> 
     </span>
     <span class='ocr_line' id='line_1_6' title="bbox 419 695 1493 736; baseline 0 0"><span class='ocrx_word' id='word_1_63' title='bbox 419 695 644 736; x_wconf 77' lang='lat' dir='ltr'><strong>nlunmd</strong></span> <span class='ocrx_word' id='word_1_64' title='bbox 671 711 870 736; x_wconf 74' lang='lat' dir='ltr'><strong>nmmm</strong></span> <span class='ocrx_word' id='word_1_65' title='bbox 903 698 1138 736; x_wconf 63' lang='lat' dir='ltr'><strong>minatulp</strong></span> <span class='ocrx_word' id='word_1_66' title='bbox 1167 703 1493 736; x_wconf 75' lang='lat' dir='ltr'><strong>nnmmu-omt</strong></span> 
     </span>
    </p>
   </div>
   <div class='ocr_carea' id='block_1_6' title="bbox 419 695 1512 764">
    <p class='ocr_par' dir='ltr' id='par_1_6' title="bbox 419 695 1512 764">
     <span class='ocr_line' id='line_1_7' title="bbox 419 695 1512 764; baseline 0.003 -17"><span class='ocrx_word' id='word_1_67' title='bbox 419 695 644 762; x_wconf 75' lang='lat' dir='ltr'><strong>aliquod</strong></span> <span class='ocrx_word' id='word_1_68' title='bbox 671 698 872 749; x_wconf 79' lang='lat' dir='ltr'><strong>crimen</strong></span> <span class='ocrx_word' id='word_1_69' title='bbox 903 698 1138 764; x_wconf 74' lang='lat' dir='ltr'><strong>capitale</strong></span> <span class='ocrx_word' id='word_1_70' title='bbox 1167 699 1512 750; x_wconf 73' lang='lat' dir='ltr'><strong>commiserit.</strong></span> 
     </span>
    </p>
   </div>
   <div class='ocr_carea' id='block_1_7' title="bbox 417 783 2042 854">
    <p class='ocr_par' dir='ltr' id='par_1_7' title="bbox 417 783 2042 854">
     <span class='ocr_line' id='line_1_8' title="bbox 417 783 2042 854; baseline 0.003 -17"><span class='ocrx_word' id='word_1_71' title='bbox 417 785 520 850; x_wconf 69' lang='lat' dir='ltr'><strong>(Ex</strong></span> <span class='ocrx_word' id='word_1_72' title='bbox 567 784 766 847; x_wconf 80' lang='lat' dir='ltr'><strong>eodem,</strong></span> <span class='ocrx_word' id='word_1_73' title='bbox 829 787 1008 852; x_wconf 79' lang='lat' dir='ltr'><strong>capite</strong></span> <span class='ocrx_word' id='word_1_74' title='bbox 1053 785 1161 852; x_wconf 77' lang='grc'>42.)</span> <span class='ocrx_word' id='word_1_75' title='bbox 1194 783 1251 838; x_wconf 91' lang='lat' dir='ltr'><strong>Si</strong></span> <span class='ocrx_word' id='word_1_76' title='bbox 1296 785 1425 854; x_wconf 86' lang='lat' dir='ltr'><strong>quis</strong></span> <span class='ocrx_word' id='word_1_77' title='bbox 1458 786 1525 838; x_wconf 91' lang='lat' dir='ltr'><strong>de</strong></span> <span class='ocrx_word' id='word_1_78' title='bbox 1581 803 1697 840; x_wconf 92' lang='lat' dir='ltr'><strong>uno</strong></span> <span class='ocrx_word' id='word_1_79' title='bbox 1748 787 1808 841; x_wconf 89' lang='lat' dir='ltr'><strong>in</strong></span> <span class='ocrx_word' id='word_1_80' title='bbox 1867 789 2042 842; x_wconf 87' lang='lat' dir='ltr'><strong>alium</strong></span> 
     </span>
    </p>
   </div>
   <div class='ocr_carea' id='block_1_8' title="bbox 342 872 2042 947">
    <p class='ocr_par' dir='ltr' id='par_1_8' title="bbox 342 872 2042 947">
     <span class='ocr_line' id='line_1_9' title="bbox 342 872 2042 947; baseline 0.003 -21"><span class='ocrx_word' id='word_1_81' title='bbox 342 873 580 926; x_wconf 89' lang='lat' dir='ltr'><strong>omnino</strong></span> <span class='ocrx_word' id='word_1_82' title='bbox 628 873 1001 942; x_wconf 88' lang='lat' dir='ltr'><strong>transmigrat</strong></span> <span class='ocrx_word' id='word_1_83' title='bbox 1029 872 1446 942; x_wconf 87' lang='lat' dir='ltr'><strong>episcopatum,</strong></span> <span class='ocrx_word' id='word_1_84' title='bbox 1489 880 1544 928; x_wconf 90' lang='lat' dir='ltr'><strong>et</strong></span> <span class='ocrx_word' id='word_1_85' title='bbox 1573 875 1641 935; x_wconf 90' lang='lat' dir='ltr'><strong>si,</strong></span> <span class='ocrx_word' id='word_1_86' title='bbox 1675 876 1827 947; x_wconf 91' lang='lat' dir='ltr'><strong>quod</strong></span> <span class='ocrx_word' id='word_1_87' title='bbox 1877 877 2042 942; x_wconf 88' lang='lat' dir='ltr'><strong>absit,</strong></span> 
     </span>
    </p>
   </div>
   <div class='ocr_carea' id='block_1_9' title="bbox 337 960 2037 1031">
    <p class='ocr_par' dir='ltr' id='par_1_9' title="bbox 337 960 2037 1031">
     <span class='ocr_line' id='line_1_10' title="bbox 337 960 2037 1031; baseline 0.005 -19"><span class='ocrx_word' id='word_1_88' title='bbox 337 960 629 1031; x_wconf 85' lang='lat' dir='ltr'><strong>contingat</strong></span> <span class='ocrx_word' id='word_1_89' title='bbox 660 976 790 1012; x_wconf 90' lang='lat' dir='ltr'><strong>eum</strong></span> <span class='ocrx_word' id='word_1_90' title='bbox 845 961 1024 1015; x_wconf 82' lang='lat' dir='ltr'><strong>tiliam</strong></span> <span class='ocrx_word' id='word_1_91' title='bbox 1068 962 1278 1014; x_wconf 84' lang='lat' dir='ltr'><strong>sororis</strong></span> <span class='ocrx_word' id='word_1_92' title='bbox 1332 979 1470 1028; x_wconf 59' lang='lat' dir='ltr'><strong>suas,</strong></span> <span class='ocrx_word' id='word_1_93' title='bbox 1506 964 1716 1030; x_wconf 69' lang='lat' dir='ltr'><strong>amitae,</strong></span> <span class='ocrx_word' id='word_1_94' title='bbox 1777 971 1878 1019; x_wconf 91' lang='lat' dir='ltr'><strong>aut</strong></span> <span class='ocrx_word' id='word_1_95' title='bbox 1920 982 2037 1020; x_wconf 83' lang='lat' dir='ltr'><strong>ma-</strong></span> 
     </span>
    </p>
   </div>
   <div class='ocr_carea' id='block_1_10' title="bbox 341 1047 2044 1125">
    <p class='ocr_par' dir='ltr' id='par_1_10' title="bbox 341 1047 2044 1125">
     <span class='ocr_line' id='line_1_11' title="bbox 341 1047 2044 1125; baseline 0.004 -24"><span class='ocrx_word' id='word_1_96' title='bbox 341 1052 566 1101; x_wconf 78' lang='lat' dir='ltr'><strong>terterae</strong></span> <span class='ocrx_word' id='word_1_97' title='bbox 611 1047 895 1113; x_wconf 90' lang='lat' dir='ltr'><strong>avunculi,</strong></span> <span class='ocrx_word' id='word_1_98' title='bbox 941 1050 1027 1102; x_wconf 88' lang='lat' dir='ltr'><strong>vel</strong></span> <span class='ocrx_word' id='word_1_99' title='bbox 1080 1049 1269 1118; x_wconf 84' lang='lat' dir='ltr'><strong>patrui</strong></span> <span class='ocrx_word' id='word_1_100' title='bbox 1309 1051 1587 1120; x_wconf 90' lang='lat' dir='ltr'><strong>polluere,</strong></span> <span class='ocrx_word' id='word_1_101' title='bbox 1643 1057 1741 1106; x_wconf 89' lang='lat' dir='ltr'><strong>aut</strong></span> <span class='ocrx_word' id='word_1_102' title='bbox 1809 1054 2044 1125; x_wconf 88' lang='lat' dir='ltr'><strong>aliquod</strong></span> 
     </span>
    </p>
   </div>
   <div class='ocr_carea' id='block_1_11' title="bbox 341 1135 2043 1212">
    <p class='ocr_par' dir='ltr' id='par_1_11' title="bbox 341 1135 2043 1212">
     <span class='ocr_line' id='line_1_12' title="bbox 341 1135 2043 1212; baseline 0.005 -23"><span class='ocrx_word' id='word_1_103' title='bbox 341 1136 556 1189; x_wconf 88' lang='lat' dir='ltr'><strong>crimen</strong></span> <span class='ocrx_word' id='word_1_104' title='bbox 591 1135 832 1205; x_wconf 85' lang='lat' dir='ltr'><strong>capitale</strong></span> <span class='ocrx_word' id='word_1_105' title='bbox 871 1137 1248 1205; x_wconf 87' lang='lat' dir='ltr'><strong>committere,</strong></span> <span class='ocrx_word' id='word_1_106' title='bbox 1279 1139 1576 1210; x_wconf 88' lang='lat' dir='ltr'><strong>episcopus</strong></span> <span class='ocrx_word' id='word_1_107' title='bbox 1611 1141 1670 1195; x_wconf 92' lang='lat' dir='ltr'><strong>in</strong></span> <span class='ocrx_word' id='word_1_108' title='bbox 1701 1143 1863 1212; x_wconf 88' lang='lat' dir='ltr'><strong>cujus</strong></span> <span class='ocrx_word' id='word_1_109' title='bbox 1905 1149 2043 1198; x_wconf 90' lang='lat' dir='ltr'><strong>tunc</strong></span> 
     </span>
    </p>
   </div>
   <div class='ocr_carea' id='block_1_12' title="bbox 340 1223 2037 1298">
    <p class='ocr_par' dir='ltr' id='par_1_12' title="bbox 340 1223 2037 1298">
     <span class='ocr_line' id='line_1_13' title="bbox 340 1223 2037 1298; baseline 0.005 -22"><span class='ocrx_word' id='word_1_110' title='bbox 340 1223 567 1276; x_wconf 71' lang='lat' dir='ltr'><strong>dimcesi</strong></span> <span class='ocrx_word' id='word_1_111' title='bbox 623 1229 1032 1293; x_wconf 87' lang='lat' dir='ltr'><strong>commoratur,</strong></span> <span class='ocrx_word' id='word_1_112' title='bbox 1099 1230 1156 1279; x_wconf 94' lang='lat' dir='ltr'><strong>et</strong></span> <span class='ocrx_word' id='word_1_113' title='bbox 1202 1227 1304 1280; x_wconf 89' lang='lat' dir='ltr'><strong>tali</strong></span> <span class='ocrx_word' id='word_1_114' title='bbox 1381 1230 1591 1284; x_wconf 89' lang='lat' dir='ltr'><strong>scelere</strong></span> <span class='ocrx_word' id='word_1_115' title='bbox 1681 1231 2037 1298; x_wconf 88' lang='lat' dir='ltr'><strong>criminatur,</strong></span> 
     </span>
    </p>
   </div>
   <div class='ocr_carea' id='block_1_13' title="bbox 334 1304 2038 1380">
    <p class='ocr_par' dir='ltr' id='par_1_13' title="bbox 334 1304 2038 1380">
     <span class='ocr_line' id='line_1_14' title="bbox 334 1304 2038 1380; baseline 0.008 -18"><span class='ocrx_word' id='word_1_116' title='bbox 334 1304 542 1364; x_wconf 86' lang='lat' dir='ltr'><strong>habeat</strong></span> <span class='ocrx_word' id='word_1_117' title='bbox 575 1311 671 1380; x_wconf 85' lang='lat' dir='ltr'><strong>jus</strong></span> <span class='ocrx_word' id='word_1_118' title='bbox 702 1316 760 1364; x_wconf 91' lang='lat' dir='ltr'><strong>et</strong></span> <span class='ocrx_word' id='word_1_119' title='bbox 800 1315 1140 1380; x_wconf 89' lang='lat' dir='ltr'><strong>potestatem</strong></span> <span class='ocrx_word' id='word_1_120' title='bbox 1183 1315 1494 1370; x_wconf 87' lang='lat' dir='ltr'><strong>secundum</strong></span> <span class='ocrx_word' id='word_1_121' title='bbox 1547 1319 1879 1373; x_wconf 86' lang='lat' dir='ltr'><strong>canonicam</strong></span> <span class='ocrx_word' id='word_1_122' title='bbox 1937 1337 2038 1374; x_wconf 90' lang='lat' dir='ltr'><strong>au-</strong></span> 
     </span>
    </p>
   </div>
   <div class='ocr_carea' id='block_1_14' title="bbox 335 1398 2038 1473">
    <p class='ocr_par' dir='ltr' id='par_1_14' title="bbox 335 1398 2038 1473">
     <span class='ocr_line' id='line_1_15' title="bbox 335 1398 2038 1473; baseline 0.007 -21"><span class='ocrx_word' id='word_1_123' title='bbox 335 1398 682 1468; x_wconf 86' lang='lat' dir='ltr'><strong>ctoritatem,</strong></span> <span class='ocrx_word' id='word_1_124' title='bbox 759 1405 814 1453; x_wconf 91' lang='lat' dir='ltr'><strong>et</strong></span> <span class='ocrx_word' id='word_1_125' title='bbox 885 1406 1134 1456; x_wconf 89' lang='lat' dir='ltr'><strong>nostram</strong></span> <span class='ocrx_word' id='word_1_126' title='bbox 1213 1405 1542 1473; x_wconf 89' lang='lat' dir='ltr'><strong>synodalem</strong></span> <span class='ocrx_word' id='word_1_127' title='bbox 1617 1407 2038 1464; x_wconf 86' lang='lat' dir='ltr'><strong>institutionem</strong></span> 
     </span>
    </p>
   </div>
   <div class='ocr_carea' id='block_1_15' title="bbox 335 1485 2036 1562">
    <p class='ocr_par' dir='ltr' id='par_1_15' title="bbox 335 1485 2036 1562">
     <span class='ocr_line' id='line_1_16' title="bbox 335 1485 2036 1562; baseline 0.008 -24"><span class='ocrx_word' id='word_1_128' title='bbox 335 1485 680 1556; x_wconf 76' lang='lat' dir='ltr'><strong>flagitiosum</strong></span> <span class='ocrx_word' id='word_1_129' title='bbox 738 1505 1022 1555; x_wconf 88' lang='lat' dir='ltr'><strong>coercere,</strong></span> <span class='ocrx_word' id='word_1_130' title='bbox 1068 1495 1124 1543; x_wconf 87' lang='lat' dir='ltr'><strong>et</strong></span> <span class='ocrx_word' id='word_1_131' title='bbox 1180 1492 1247 1545; x_wconf 91' lang='lat' dir='ltr'><strong>ad</strong></span> <span class='ocrx_word' id='word_1_132' title='bbox 1293 1495 1689 1562; x_wconf 62' lang='lat' dir='ltr'><strong>paenitendum</strong></span> <span class='ocrx_word' id='word_1_133' title='bbox 1756 1498 2036 1554; x_wconf 90' lang='lat' dir='ltr'><strong>emollire.</strong></span> 
     </span>
    </p>
   </div>
   <div class='ocr_carea' id='block_1_16' title="bbox 335 1576 2038 1657">
    <p class='ocr_par' dir='ltr' id='par_1_16' title="bbox 335 1576 2038 1657">
     <span class='ocr_line' id='line_1_17' title="bbox 335 1576 2038 1657; baseline 0.008 -29"><span class='ocrx_word' id='word_1_134' title='bbox 335 1576 441 1628; x_wconf 88' lang='lat' dir='ltr'><strong>Per</strong></span> <span class='ocrx_word' id='word_1_135' title='bbox 473 1592 646 1645; x_wconf 87' lang='lat' dir='ltr'><strong>quem</strong></span> <span class='ocrx_word' id='word_1_136' title='bbox 695 1576 851 1629; x_wconf 89' lang='lat' dir='ltr'><strong>enim</strong></span> <span class='ocrx_word' id='word_1_137' title='bbox 884 1577 1084 1631; x_wconf 89' lang='lat' dir='ltr'><strong>melius</strong></span> <span class='ocrx_word' id='word_1_138' title='bbox 1116 1579 1196 1632; x_wconf 86' lang='lat' dir='ltr'><strong>rei</strong></span> <span class='ocrx_word' id='word_1_139' title='bbox 1231 1581 1434 1634; x_wconf 87' lang='lat' dir='ltr'><strong>veritas</strong></span> <span class='ocrx_word' id='word_1_140' title='bbox 1495 1584 1820 1652; x_wconf 84' lang='lat' dir='ltr'><strong>ventilatur,</strong></span> <span class='ocrx_word' id='word_1_141' title='bbox 1862 1603 2038 1657; x_wconf 90' lang='lat' dir='ltr'><strong>quam</strong></span> 
     </span>
    </p>
   </div>
   <div class='ocr_carea' id='block_1_17' title="bbox 332 1629 3781 1738">
    <p class='ocr_par' dir='ltr' id='par_1_17' title="bbox 332 1629 3781 1738">
     <span class='ocr_line' id='line_1_18' title="bbox 332 1629 3781 1738; baseline 0.007 -23"><span class='ocrx_word' id='word_1_142' title='bbox 332 1679 436 1732; x_wconf 88' lang='lat' dir='ltr'><strong>per</strong></span> <span class='ocrx_word' id='word_1_143' title='bbox 465 1629 629 1717; x_wconf 75' lang='lat' dir='ltr'><strong>illum</strong></span> <span class='ocrx_word' id='word_1_144' title='bbox 663 1665 766 1717; x_wconf 89' lang='lat' dir='ltr'><strong>sub</strong></span> <span class='ocrx_word' id='word_1_145' title='bbox 790 1681 901 1734; x_wconf 91' lang='lat' dir='ltr'><strong>quo</strong></span> <span class='ocrx_word' id='word_1_146' title='bbox 935 1629 2038 1732; x_wconf 24' lang='lat' dir='ltr'><strong>habitat,vetﬁliabitare&#39;desideraswm</strong></span> <span class='ocrx_word' id='word_1_147' title='bbox 2074 1661 2115 1716; x_wconf 82' lang='grc' dir='ltr'><strong>Β</strong></span> <span class='ocrx_word' id='word_1_148' title='bbox 2149 1629 2541 1738; x_wconf 23' lang='lat' dir='ltr'><strong>fluis???</strong></span> <span class='ocrx_word' id='word_1_149' title='bbox 2592 1632 2995 1738; x_wconf 37' lang='lat' dir='ltr'><strong>imaguinitfs</strong></span> <span class='ocrx_word' id='word_1_150' title='bbox 3025 1641 3161 1738; x_wconf 37' lang='lat' dir='ltr'><strong>nam</strong></span> <span class='ocrx_word' id='word_1_151' title='bbox 3230 1642 3445 1738; x_wconf 37' lang='lat' dir='ltr'><strong>tanien.</strong></span> <span class='ocrx_word' id='word_1_152' title='bbox 3472 1655 3576 1738; x_wconf 41' lang='lat' dir='ltr'><strong>mili</strong></span> <span class='ocrx_word' id='word_1_153' title='bbox 3646 1642 3781 1738; x_wconf 62' lang='grc' dir='ltr'>“⁰.¹⁰ίί</span> 
     </span>
    </p>
   </div>
   <div class='ocr_carea' id='block_1_18' title="bbox 333 1722 3777 1825">
    <p class='ocr_par' dir='ltr' id='par_1_18' title="bbox 333 1722 3777 1825">
     <span class='ocr_line' id='line_1_19' title="bbox 333 1722 3777 1825; baseline 0.007 -20"><span class='ocrx_word' id='word_1_154' title='bbox 333 1722 469 1805; x_wconf 54' lang='lat' dir='ltr'><strong>hae.</strong></span> <span class='ocrx_word' id='word_1_155' title='bbox 514 1753 601 1806; x_wconf 83' lang='lat' dir='ltr'><strong>LI.</strong></span> <span class='ocrx_word' id='word_1_156' title='bbox 632 1782 706 1791; x_wconf 89' lang='lat'><strong>—</strong></span> <span class='ocrx_word' id='word_1_157' title='bbox 739 1722 824 1807; x_wconf 59' lang='lat' dir='ltr'><strong>De:</strong></span> <span class='ocrx_word' id='word_1_158' title='bbox 863 1722 1205 1820; x_wconf 68' lang='lat' dir='ltr'><strong>mulieribus,</strong></span> <span class='ocrx_word' id='word_1_159' title='bbox 1257 1773 1375 1825; x_wconf 58' lang='lat' dir='ltr'><strong>qua</strong></span> <span class='ocrx_word' id='word_1_160' title='bbox 1419 1722 1878 1818; x_wconf 46' lang='lat' dir='ltr'><strong>absente—marito</strong></span> <span class='ocrx_word' id='word_1_161' title='bbox 1908 1779 2037 1818; x_wconf 85' lang='lat' dir='ltr'><strong>con-</strong></span> <span class='ocrx_word' id='word_1_162' title='bbox 2148 1722 2955 1825; x_wconf 36' lang='grc' dir='ltr'><strong>θοεδῖέξοῳοωῆφιῖῖχξ</strong></span> <span class='ocrx_word' id='word_1_163' title='bbox 3009 1722 3128 1825; x_wconf 63' lang='lat' dir='ltr'><strong>d.ie.s</strong></span> <span class='ocrx_word' id='word_1_164' title='bbox 3188 1725 3470 1825; x_wconf 34' lang='lat' dir='ltr'><strong>muniat</strong></span> <span class='ocrx_word' id='word_1_165' title='bbox 3512 1729 3777 1825; x_wconf 62' lang='lat' dir='ltr'><strong>.Si_amem</strong></span> 
     </span>
    </p>
   </div>
   <div class='ocr_carea' id='block_1_19' title="bbox 726 1805 3774 1892">
    <p class='ocr_par' dir='ltr' id='par_1_19' title="bbox 726 1805 3774 1892">
     <span class='ocr_line' id='line_1_20' title="bbox 726 1805 3774 1892; baseline 0.009 -45"><span class='ocrx_word' id='word_1_166' title='bbox 726 1805 1633 1892; x_wconf 46' lang='lat' dir='ltr'><strong>geper&#39;im&#39;,”c‘t’</strong></span> <span class='ocrx_word' id='word_1_167' title='bbox 1683 1805 1784 1816; x_wconf 87' lang='lat'><strong>&quot;&quot;&quot;</strong></span> <span class='ocrx_word' id='word_1_168' title='bbox 1806 1805 1876 1818; x_wconf 84' lang='lat'><strong>&quot;&quot;</strong></span> <span class='ocrx_word' id='word_1_169' title='bbox 1908 1805 2003 1818; x_wconf 59' lang='grc' dir='ltr'><strong>’Μ’</strong></span> <span class='ocrx_word' id='word_1_170' title='bbox 2147 1805 2588 1876; x_wconf 82' lang='lat' dir='ltr'><strong>impugnatione</strong></span> <span class='ocrx_word' id='word_1_171' title='bbox 2618 1809 2980 1880; x_wconf 82' lang='lat' dir='ltr'><strong>cogitationis</strong></span> <span class='ocrx_word' id='word_1_172' title='bbox 2995 1812 3270 1867; x_wconf 84' lang='lat' dir='ltr'><strong>violenter</strong></span> <span class='ocrx_word' id='word_1_173' title='bbox 3308 1815 3670 1886; x_wconf 88' lang='lat' dir='ltr'><strong>coinquinatus</strong></span> <span class='ocrx_word' id='word_1_174' title='bbox 3701 1825 3774 1874; x_wconf 85' lang='lat' dir='ltr'><strong>est.</strong></span> 
     </span>
    </p>
   </div>
   <div class='ocr_carea' id='block_1_20' title="bbox 403 1895 3774 1993">
    <p class='ocr_par' dir='ltr' id='par_1_20' title="bbox 403 1895 3774 1993">
     <span class='ocr_line' id='line_1_21' title="bbox 403 1895 3774 1993; baseline 0.009 -29"><span class='ocrx_word' id='word_1_175' title='bbox 403 1912 512 1976; x_wconf 80' lang='lat' dir='ltr'><strong>(Ea:</strong></span> <span class='ocrx_word' id='word_1_176' title='bbox 539 1911 761 1964; x_wconf 82' lang='lat' dir='ltr'><strong>concilio</strong></span> <span class='ocrx_word' id='word_1_177' title='bbox 783 1911 1062 1979; x_wconf 84' lang='lat' dir='ltr'><strong>Eliberta.,</strong></span> <span class='ocrx_word' id='word_1_178' title='bbox 1105 1917 1282 1983; x_wconf 80' lang='lat' dir='ltr'><strong>capite</strong></span> <span class='ocrx_word' id='word_1_179' title='bbox 1321 1917 1395 1987; x_wconf 87' lang='lat'><strong>3.)</strong></span> <span class='ocrx_word' id='word_1_180' title='bbox 1429 1917 1486 1971; x_wconf 91' lang='lat' dir='ltr'><strong>Si</strong></span> <span class='ocrx_word' id='word_1_181' title='bbox 1517 1935 1630 1987; x_wconf 90' lang='lat' dir='ltr'><strong>qua</strong></span> <span class='ocrx_word' id='word_1_182' title='bbox 1675 1921 1881 1976; x_wconf 91' lang='lat' dir='ltr'><strong>mulier</strong></span> <span class='ocrx_word' id='word_1_183' title='bbox 1931 1939 2037 1993; x_wconf 90' lang='lat' dir='ltr'><strong>per</strong></span> <span class='ocrx_word' id='word_1_184' title='bbox 2143 1895 2383 1993; x_wconf 26' lang='lat' dir='ltr'><strong>xxiii,“</strong></span> <span class='ocrx_word' id='word_1_185' title='bbox 2415 1897 2707 1993; x_wconf 57' lang='lat' dir='ltr'><strong>P‘Fni‘eat-</strong></span> <span class='ocrx_word' id='word_1_186' title='bbox 2755 1897 2862 1962; x_wconf 65' lang='lat' dir='ltr'><strong>Qui</strong></span> <span class='ocrx_word' id='word_1_187' title='bbox 2907 1899 3005 1954; x_wconf 71' lang='lat' dir='ltr'><strong>diu</strong></span> <span class='ocrx_word' id='word_1_188' title='bbox 3049 1901 3341 1993; x_wconf 40' lang='lat' dir='ltr'><strong>inludet”</strong></span> <span class='ocrx_word' id='word_1_189' title='bbox 3395 1921 3424 1957; x_wconf 75' lang='grc'><strong>³</strong></span> <span class='ocrx_word' id='word_1_190' title='bbox 3477 1906 3774 1975; x_wconf 42' lang='lat' dir='ltr'><strong>cogitatione“</strong></span> 
     </span>
    </p>
   </div>
   <div class='ocr_carea' id='block_1_21' title="bbox 331 1983 2042 2092">
    <p class='ocr_par' dir='ltr' id='par_1_21' title="bbox 331 1983 2036 2080">
     <span class='ocr_line' id='line_1_22' title="bbox 331 1983 2036 2080; baseline 0.008 -28"><span class='ocrx_word' id='word_1_191' title='bbox 331 1998 677 2052; x_wconf 88' lang='lat' dir='ltr'><strong>adulterium</strong></span> <span class='ocrx_word' id='word_1_192' title='bbox 732 1999 965 2053; x_wconf 88' lang='lat' dir='ltr'><strong>absente</strong></span> <span class='ocrx_word' id='word_1_193' title='bbox 1005 2002 1210 2054; x_wconf 89' lang='lat' dir='ltr'><strong>marito</strong></span> <span class='ocrx_word' id='word_1_194' title='bbox 1281 1983 1621 2074; x_wconf 72' lang='lat' dir='ltr'><strong>conceperit,</strong></span> <span class='ocrx_word' id='word_1_195' title='bbox 1674 2007 1846 2079; x_wconf 88' lang='lat' dir='ltr'><strong>idque</strong></span> <span class='ocrx_word' id='word_1_196' title='bbox 1907 1983 2036 2080; x_wconf 71' lang='lat' dir='ltr'><strong>post</strong></span> 
     </span>
    </p>
   </div>
   <div class='ocr_carea' id='block_1_22' title="bbox 2153 1983 3777 2092">
    <p class='ocr_par' dir='ltr' id='par_1_22' title="bbox 2153 1983 3777 2092">
     <span class='ocr_line' id='line_1_23' title="bbox 2153 1983 3777 2065; baseline 0.007 -29"><span class='ocrx_word' id='word_1_197' title='bbox 2153 1983 2396 2037; x_wconf 89' lang='lat' dir='ltr'><strong>molliter</strong></span> <span class='ocrx_word' id='word_1_198' title='bbox 2427 1985 2478 2039; x_wconf 90' lang='lat' dir='ltr'><strong>ei</strong></span> <span class='ocrx_word' id='word_1_199' title='bbox 2510 2002 2859 2058; x_wconf 84' lang='lat' dir='ltr'><strong>repugnans,</strong></span> <span class='ocrx_word' id='word_1_200' title='bbox 2893 2004 2987 2043; x_wconf 82' lang='lat' dir='ltr'><strong>sex</strong></span> <span class='ocrx_word' id='word_1_201' title='bbox 3033 1989 3175 2053; x_wconf 90' lang='lat' dir='ltr'><strong>dies,</strong></span> <span class='ocrx_word' id='word_1_202' title='bbox 3211 1992 3296 2044; x_wconf 85' lang='lat' dir='ltr'><strong>vel</strong></span> <span class='ocrx_word' id='word_1_203' title='bbox 3335 1998 3592 2062; x_wconf 90' lang='lat' dir='ltr'><strong>quantum</strong></span> <span class='ocrx_word' id='word_1_204' title='bbox 3627 2011 3777 2065; x_wconf 80' lang='lat' dir='ltr'><strong>exege-</strong></span> 
     </span>
     <span class='ocr_line' id='line_1_24' title="bbox 2153 2072 3706 2092; baseline 0.005 -7"><span class='ocrx_word' id='word_1_205' title='bbox 2153 2072 2214 2092; x_wconf 55' lang='grc' dir='ltr'><strong>,ει</strong></span> <span class='ocrx_word' id='word_1_206' title='bbox 2248 2072 2518 2092; x_wconf 18' lang='grc' dir='ltr'><strong>,μ-,Μῇη</strong></span> <span class='ocrx_word' id='word_1_207' title='bbox 2567 2091 2578 2092; x_wconf 22' lang='grc' dir='ltr'>ί</span> <span class='ocrx_word' id='word_1_208' title='bbox 2654 2091 2661 2092; x_wconf 20' lang='grc' dir='ltr'>ί</span> <span class='ocrx_word' id='word_1_209' title='bbox 2719 2075 2752 2092; x_wconf 86' lang='grc'><strong>.,</strong></span> <span class='ocrx_word' id='word_1_210' title='bbox 2801 2076 2836 2092; x_wconf 85' lang='grc'><strong>,.</strong></span> <span class='ocrx_word' id='word_1_211' title='bbox 2923 2077 2934 2087; x_wconf 87' lang='grc'><strong>.</strong></span> <span class='ocrx_word' id='word_1_212' title='bbox 3164 2078 3196 2092; x_wconf 89' lang='grc'><strong>.,</strong></span> <span class='ocrx_word' id='word_1_213' title='bbox 3279 2085 3287 2092; x_wconf 91' lang='grc'><strong>,</strong></span> <span class='ocrx_word' id='word_1_214' title='bbox 3370 2080 3407 2092; x_wconf 45' lang='grc' dir='ltr'>,κ</span> <span class='ocrx_word' id='word_1_215' title='bbox 3511 2082 3520 2092; x_wconf 91' lang='grc'><strong>.</strong></span> <span class='ocrx_word' id='word_1_216' title='bbox 3633 2082 3641 2092; x_wconf 94' lang='grc'><strong>.</strong></span> <span class='ocrx_word' id='word_1_217' title='bbox 3691 2082 3706 2092; x_wconf 83' lang='grc'>.</span> 
     </span>
    </p>
   </div>
   <div class='ocr_carea' id='block_1_23' title="bbox 328 2073 3775 2157">
    <p class='ocr_par' dir='ltr' id='par_1_23' title="bbox 328 2073 3775 2157">
     <span class='ocr_line' id='line_1_25' title="bbox 328 2073 3775 2157; baseline 0.008 -49"><span class='ocrx_word' id='word_1_218' title='bbox 328 2085 547 2138; x_wconf 67' lang='lat' dir='ltr'><strong>facinus</strong></span> <span class='ocrx_word' id='word_1_219' title='bbox 603 2085 890 2152; x_wconf 56' lang='lat' dir='ltr'><strong>occiderit,</strong></span> <span class='ocrx_word' id='word_1_220' title='bbox 944 2088 1158 2157; x_wconf 53' lang='lat' dir='ltr'><strong>Nam,“</strong></span> <span class='ocrx_word' id='word_1_221' title='bbox 1193 2090 1282 2144; x_wconf 63' lang='lat' dir='ltr'><strong>vix</strong></span> <span class='ocrx_word' id='word_1_222' title='bbox 1344 2092 1401 2144; x_wconf 69' lang='lat' dir='ltr'><strong>in</strong></span> <span class='ocrx_word' id='word_1_223' title='bbox 1435 2073 1548 2147; x_wconf 60' lang='lat' dir='ltr'><strong>ﬁ’ne</strong></span> <span class='ocrx_word' id='word_1_224' title='bbox 1597 2073 1843 2152; x_wconf 40' lang='lat' dir='ltr'><strong>dandam</strong></span> <span class='ocrx_word' id='word_1_225' title='bbox 1907 2073 2033 2154; x_wconf 72' lang='lat' dir='ltr'><strong>‘esse</strong></span> <span class='ocrx_word' id='word_1_226' title='bbox 2140 2073 2218 2125; x_wconf 90' lang='lat' dir='ltr'><strong>rit</strong></span> <span class='ocrx_word' id='word_1_227' title='bbox 2238 2073 2584 2128; x_wconf 88' lang='lat' dir='ltr'><strong>diuturnitas</strong></span> <span class='ocrx_word' id='word_1_228' title='bbox 2610 2075 2968 2145; x_wconf 87' lang='lat' dir='ltr'><strong>cogitationis</strong></span> <span class='ocrx_word' id='word_1_229' title='bbox 3023 2078 3313 2146; x_wconf 71' lang='lat' dir='ltr'><strong>poeniteat.</strong></span> <span class='ocrx_word' id='word_1_230' title='bbox 3370 2080 3523 2135; x_wconf 89' lang='lat' dir='ltr'><strong>Pueri</strong></span> <span class='ocrx_word' id='word_1_231' title='bbox 3562 2082 3644 2152; x_wconf 86' lang='lat' dir='ltr'><strong>qui</strong></span> <span class='ocrx_word' id='word_1_232' title='bbox 3688 2082 3775 2136; x_wconf 86' lang='lat' dir='ltr'><strong>for-</strong></span> 
     </span>
    </p>
   </div>
   <div class='ocr_carea' id='block_1_24' title="bbox 2156 740 3784 816">
    <p class='ocr_par' dir='ltr' id='par_1_24' title="bbox 2156 740 3784 816">
     <span class='ocr_line' id='line_1_26' title="bbox 2156 740 3784 816; baseline 0.014 -22"><span class='ocrx_word' id='word_1_233' title='bbox 2156 740 2289 796; x_wconf 77' lang='lat' dir='ltr'><strong>vitae</strong></span> <span class='ocrx_word' id='word_1_234' title='bbox 2317 742 2612 812; x_wconf 60' lang='lat' dir='ltr'><strong>paenitere,</strong></span> <span class='ocrx_word' id='word_1_235' title='bbox 2649 745 2876 800; x_wconf 89' lang='lat' dir='ltr'><strong>debere.</strong></span> <span class='ocrx_word' id='word_1_236' title='bbox 2929 747 3046 800; x_wconf 82' lang='lat' dir='ltr'><strong>Viri</strong></span> <span class='ocrx_word' id='word_1_237' title='bbox 3085 748 3236 804; x_wconf 88' lang='lat' dir='ltr'><strong>inter</strong></span> <span class='ocrx_word' id='word_1_238' title='bbox 3272 751 3476 808; x_wconf 89' lang='lat' dir='ltr'><strong>femora</strong></span> <span class='ocrx_word' id='word_1_239' title='bbox 3547 759 3784 816; x_wconf 87' lang='lat' dir='ltr'><strong>fornican-</strong></span> 
     </span>
    </p>
   </div>
   <div class='ocr_carea' id='block_1_25' title="bbox 2161 835 3784 904">
    <p class='ocr_par' dir='ltr' id='par_1_25' title="bbox 2161 835 3784 904">
     <span class='ocr_line' id='line_1_27' title="bbox 2161 835 3784 904; baseline 0.014 -23"><span class='ocrx_word' id='word_1_240' title='bbox 2161 836 2261 895; x_wconf 87' lang='lat' dir='ltr'><strong>tes,</strong></span> <span class='ocrx_word' id='word_1_241' title='bbox 2314 846 2492 884; x_wconf 91' lang='lat' dir='ltr'><strong>unum</strong></span> <span class='ocrx_word' id='word_1_242' title='bbox 2551 848 2767 886; x_wconf 90' lang='lat' dir='ltr'><strong>annum</strong></span> <span class='ocrx_word' id='word_1_243' title='bbox 2825 835 3165 904; x_wconf 73' lang='lat' dir='ltr'><strong>pmniteant,</strong></span> <span class='ocrx_word' id='word_1_244' title='bbox 3233 838 3280 892; x_wconf 89' lang='lat' dir='ltr'><strong>si</strong></span> <span class='ocrx_word' id='word_1_245' title='bbox 3329 841 3577 898; x_wconf 87' lang='lat' dir='ltr'><strong>iterantes</strong></span> <span class='ocrx_word' id='word_1_246' title='bbox 3617 848 3675 902; x_wconf 92' lang='lat' dir='ltr'><strong>Il.</strong></span> <span class='ocrx_word' id='word_1_247' title='bbox 3741 851 3784 904; x_wconf 90' lang='lat' dir='ltr'><strong>Si</strong></span> 
     </span>
    </p>
   </div>
   <div class='ocr_carea' id='block_1_26' title="bbox 2155 917 3786 997">
    <p class='ocr_par' dir='ltr' id='par_1_26' title="bbox 2155 917 3786 997">
     <span class='ocr_line' id='line_1_28' title="bbox 2155 917 3786 997; baseline 0.013 -27"><span class='ocrx_word' id='word_1_248' title='bbox 2155 917 2308 972; x_wconf 89' lang='lat' dir='ltr'><strong>inter</strong></span> <span class='ocrx_word' id='word_1_249' title='bbox 2336 935 2502 973; x_wconf 81' lang='lat' dir='ltr'><strong>crura</strong></span> <span class='ocrx_word' id='word_1_250' title='bbox 2530 919 2897 990; x_wconf 87' lang='lat' dir='ltr'><strong>fornicantes,</strong></span> <span class='ocrx_word' id='word_1_251' title='bbox 2931 924 2977 977; x_wconf 87' lang='lat' dir='ltr'><strong>si</strong></span> <span class='ocrx_word' id='word_1_252' title='bbox 3016 926 3181 996; x_wconf 89' lang='lat' dir='ltr'><strong>pueri</strong></span> <span class='ocrx_word' id='word_1_253' title='bbox 3210 933 3358 997; x_wconf 91' lang='lat' dir='ltr'><strong>sunt,</strong></span> <span class='ocrx_word' id='word_1_254' title='bbox 3395 947 3590 988; x_wconf 91' lang='lat' dir='ltr'><strong>annum</strong></span> <span class='ocrx_word' id='word_1_255' title='bbox 3638 953 3786 994; x_wconf 88' lang='lat' dir='ltr'><strong>unum</strong></span> 
     </span>
    </p>
   </div>
   <div class='ocr_carea' id='block_1_27' title="bbox 2153 1008 3784 1080">
    <p class='ocr_par' dir='ltr' id='par_1_27' title="bbox 2153 1008 3784 1080">
     <span class='ocr_line' id='line_1_29' title="bbox 2153 1008 3784 1080; baseline 0.011 -19"><span class='ocrx_word' id='word_1_256' title='bbox 2153 1008 2490 1077; x_wconf 77' lang='lat' dir='ltr'><strong>pceniteant.</strong></span> <span class='ocrx_word' id='word_1_257' title='bbox 2533 1008 2590 1063; x_wconf 91' lang='lat' dir='ltr'><strong>Si</strong></span> <span class='ocrx_word' id='word_1_258' title='bbox 2640 1010 2770 1074; x_wconf 87' lang='lat' dir='ltr'><strong>viri,</strong></span> <span class='ocrx_word' id='word_1_259' title='bbox 2820 1012 2964 1067; x_wconf 91' lang='lat' dir='ltr'><strong>duos</strong></span> <span class='ocrx_word' id='word_1_260' title='bbox 3006 1030 3206 1069; x_wconf 91' lang='lat' dir='ltr'><strong>annos.</strong></span> <span class='ocrx_word' id='word_1_261' title='bbox 3255 1017 3311 1072; x_wconf 93' lang='lat' dir='ltr'><strong>Si</strong></span> <span class='ocrx_word' id='word_1_262' title='bbox 3360 1025 3537 1074; x_wconf 87' lang='lat' dir='ltr'><strong>autem</strong></span> <span class='ocrx_word' id='word_1_263' title='bbox 3581 1023 3632 1076; x_wconf 92' lang='lat' dir='ltr'><strong>in</strong></span> <span class='ocrx_word' id='word_1_264' title='bbox 3679 1041 3784 1080; x_wconf 86' lang='lat' dir='ltr'><strong>con-</strong></span> 
     </span>
    </p>
   </div>
   <div class='ocr_carea' id='block_1_28' title="bbox 2153 1096 3784 1182">
    <p class='ocr_par' dir='ltr' id='par_1_28' title="bbox 2153 1096 3784 1182">
     <span class='ocr_line' id='line_1_30' title="bbox 2153 1096 3784 1182; baseline 0.012 -34"><span class='ocrx_word' id='word_1_265' title='bbox 2153 1096 2456 1150; x_wconf 89' lang='lat' dir='ltr'><strong>suetudine</strong></span> <span class='ocrx_word' id='word_1_266' title='bbox 2502 1106 2607 1167; x_wconf 89' lang='lat' dir='ltr'><strong>est,</strong></span> <span class='ocrx_word' id='word_1_267' title='bbox 2668 1100 2874 1154; x_wconf 90' lang='lat' dir='ltr'><strong>modus</strong></span> <span class='ocrx_word' id='word_1_268' title='bbox 2925 1103 3277 1172; x_wconf 63' lang='lat' dir='ltr'><strong>paenitentiae</strong></span> <span class='ocrx_word' id='word_1_269' title='bbox 3331 1107 3558 1163; x_wconf 89' lang='lat' dir='ltr'><strong>addatur</strong></span> <span class='ocrx_word' id='word_1_270' title='bbox 3611 1112 3784 1182; x_wconf 87' lang='lat' dir='ltr'><strong>judicio</strong></span> 
     </span>
    </p>
   </div>
   <div class='ocr_carea' id='block_1_29' title="bbox 2152 1185 3782 1268">
    <p class='ocr_par' dir='ltr' id='par_1_29' title="bbox 2152 1185 3782 1268">
     <span class='ocr_line' id='line_1_31' title="bbox 2152 1185 3782 1268; baseline 0.012 -32"><span class='ocrx_word' id='word_1_271' title='bbox 2152 1185 2478 1239; x_wconf 87' lang='lat' dir='ltr'><strong>sacerdotis.</strong></span> <span class='ocrx_word' id='word_1_272' title='bbox 2541 1186 2636 1240; x_wconf 87' lang='lat' dir='ltr'><strong>Vir</strong></span> <span class='ocrx_word' id='word_1_273' title='bbox 2682 1189 3056 1259; x_wconf 86' lang='lat' dir='ltr'><strong>semetipsum</strong></span> <span class='ocrx_word' id='word_1_274' title='bbox 3112 1193 3496 1264; x_wconf 89' lang='lat' dir='ltr'><strong>coinquinans,</strong></span> <span class='ocrx_word' id='word_1_275' title='bbox 3550 1200 3709 1268; x_wconf 89' lang='lat' dir='ltr'><strong>primo</strong></span> <span class='ocrx_word' id='word_1_276' title='bbox 3753 1204 3782 1257; x_wconf 88' lang='lat' dir='ltr'><strong>x</strong></span> 
     </span>
    </p>
   </div>
   <div class='ocr_carea' id='block_1_30' title="bbox 2150 1271 3782 1359">
    <p class='ocr_par' dir='ltr' id='par_1_30' title="bbox 2150 1271 3782 1359">
     <span class='ocr_line' id='line_1_32' title="bbox 2150 1271 3782 1359; baseline 0.011 -34"><span class='ocrx_word' id='word_1_277' title='bbox 2150 1271 2273 1325; x_wconf 91' lang='lat' dir='ltr'><strong>dies</strong></span> <span class='ocrx_word' id='word_1_278' title='bbox 2336 1275 2627 1344; x_wconf 71' lang='lat' dir='ltr'><strong>paeniteat,</strong></span> <span class='ocrx_word' id='word_1_279' title='bbox 2699 1282 2756 1331; x_wconf 90' lang='lat' dir='ltr'><strong>et</strong></span> <span class='ocrx_word' id='word_1_280' title='bbox 2809 1277 3022 1333; x_wconf 88' lang='lat' dir='ltr'><strong>iterans</strong></span> <span class='ocrx_word' id='word_1_281' title='bbox 3074 1282 3158 1334; x_wconf 89' lang='grc' dir='ltr'>ΧΧ</span> <span class='ocrx_word' id='word_1_282' title='bbox 3205 1283 3336 1336; x_wconf 91' lang='lat' dir='ltr'><strong>dies.</strong></span> <span class='ocrx_word' id='word_1_283' title='bbox 3377 1284 3430 1338; x_wconf 91' lang='lat' dir='ltr'><strong>Si</strong></span> <span class='ocrx_word' id='word_1_284' title='bbox 3476 1301 3594 1340; x_wconf 86' lang='lat' dir='ltr'><strong>cum</strong></span> <span class='ocrx_word' id='word_1_285' title='bbox 3642 1290 3782 1359; x_wconf 83' lang='lat' dir='ltr'><strong>gradu</strong></span> 
     </span>
    </p>
   </div>
   <div class='ocr_carea' id='block_1_31' title="bbox 2151 1365 3781 1436">
    <p class='ocr_par' dir='ltr' id='par_1_31' title="bbox 2151 1365 3781 1436">
     <span class='ocr_line' id='line_1_33' title="bbox 2151 1365 3781 1436; baseline 0.01 -20"><span class='ocrx_word' id='word_1_286' title='bbox 2151 1368 2256 1431; x_wconf 87' lang='lat' dir='ltr'><strong>est,</strong></span> <span class='ocrx_word' id='word_1_287' title='bbox 2319 1365 2564 1420; x_wconf 87' lang='lat' dir='ltr'><strong>addatur</strong></span> <span class='ocrx_word' id='word_1_288' title='bbox 2624 1366 2984 1436; x_wconf 72' lang='lat' dir='ltr'><strong>paenitentia.</strong></span> <span class='ocrx_word' id='word_1_289' title='bbox 3046 1371 3196 1424; x_wconf 86' lang='lat' dir='ltr'><strong>Puer</strong></span> <span class='ocrx_word' id='word_1_290' title='bbox 3256 1371 3340 1426; x_wconf 83' lang='lat' dir='ltr'><strong>XV</strong></span> <span class='ocrx_word' id='word_1_291' title='bbox 3411 1389 3660 1430; x_wconf 88' lang='lat' dir='ltr'><strong>annorum</strong></span> <span class='ocrx_word' id='word_1_292' title='bbox 3720 1379 3781 1432; x_wconf 78' lang='lat' dir='ltr'><strong>XL</strong></span> 
     </span>
    </p>
   </div>
   <div class='ocr_carea' id='block_1_32' title="bbox 2150 1451 3780 1528">
    <p class='ocr_par' dir='ltr' id='par_1_32' title="bbox 2150 1451 3780 1528">
     <span class='ocr_line' id='line_1_34' title="bbox 2150 1451 3780 1528; baseline 0.007 -22"><span class='ocrx_word' id='word_1_293' title='bbox 2150 1451 2271 1506; x_wconf 90' lang='lat' dir='ltr'><strong>dies</strong></span> <span class='ocrx_word' id='word_1_294' title='bbox 2301 1453 2592 1522; x_wconf 64' lang='lat' dir='ltr'><strong>paeniteat.</strong></span> <span class='ocrx_word' id='word_1_295' title='bbox 2626 1455 2736 1519; x_wconf 90' lang='lat' dir='ltr'><strong>Qui</strong></span> <span class='ocrx_word' id='word_1_296' title='bbox 2778 1457 3127 1527; x_wconf 87' lang='lat' dir='ltr'><strong>concupiscit</strong></span> <span class='ocrx_word' id='word_1_297' title='bbox 3158 1464 3343 1514; x_wconf 89' lang='lat' dir='ltr'><strong>mente</strong></span> <span class='ocrx_word' id='word_1_298' title='bbox 3397 1461 3658 1528; x_wconf 87' lang='lat' dir='ltr'><strong>fornicari,</strong></span> <span class='ocrx_word' id='word_1_299' title='bbox 3711 1466 3780 1519; x_wconf 81' lang='lat' dir='ltr'><strong>sed</strong></span> 
     </span>
    </p>
   </div>
   <div class='ocr_carea' id='block_1_33' title="bbox 2150 1542 3779 1623">
    <p class='ocr_par' dir='ltr' id='par_1_33' title="bbox 2150 1542 3779 1623">
     <span class='ocr_line' id='line_1_35' title="bbox 2150 1542 3779 1623; baseline 0.009 -30"><span class='ocrx_word' id='word_1_300' title='bbox 2150 1556 2266 1594; x_wconf 89' lang='lat' dir='ltr'><strong>non</strong></span> <span class='ocrx_word' id='word_1_301' title='bbox 2301 1545 2505 1612; x_wconf 88' lang='lat' dir='ltr'><strong>potuit,</strong></span> <span class='ocrx_word' id='word_1_302' title='bbox 2538 1544 2577 1596; x_wconf 87' lang='lat' dir='ltr'><strong>X</strong></span> <span class='ocrx_word' id='word_1_303' title='bbox 2605 1542 2727 1597; x_wconf 89' lang='lat' dir='ltr'><strong>dies</strong></span> <span class='ocrx_word' id='word_1_304' title='bbox 2778 1545 3068 1613; x_wconf 68' lang='lat' dir='ltr'><strong>paeniteat.</strong></span> <span class='ocrx_word' id='word_1_305' title='bbox 3122 1546 3226 1610; x_wconf 90' lang='lat' dir='ltr'><strong>Qui</strong></span> <span class='ocrx_word' id='word_1_306' title='bbox 3256 1564 3358 1618; x_wconf 90' lang='lat' dir='ltr'><strong>per</strong></span> <span class='ocrx_word' id='word_1_307' title='bbox 3433 1551 3779 1623; x_wconf 87' lang='lat' dir='ltr'><strong>turpiloquium</strong></span> 
     </span>
    </p>
   </div>
   <div class='ocr_carea' id='block_1_34' title="bbox 327 2157 3774 2246">
    <p class='ocr_par' dir='ltr' id='par_1_34' title="bbox 327 2157 3774 2246">
     <span class='ocr_line' id='line_1_36' title="bbox 327 2157 3774 2246; baseline 0.008 -50"><span class='ocrx_word' id='word_1_308' title='bbox 327 2173 813 2240; x_wconf 49' lang='lat' dir='ltr'><strong>communionem,</strong></span> <span class='ocrx_word' id='word_1_309' title='bbox 849 2191 916 2228; x_wconf 68' lang='lat' dir='ltr'><strong>eo</strong></span> <span class='ocrx_word' id='word_1_310' title='bbox 949 2176 1102 2246; x_wconf 74' lang='lat' dir='ltr'><strong>quod</strong></span> <span class='ocrx_word' id='word_1_311' title='bbox 1136 2179 1511 2246; x_wconf 58' lang='lat' dir='ltr'><strong>seminaverit</strong></span> <span class='ocrx_word' id='word_1_312' title='bbox 1540 2184 1744 2238; x_wconf 49' lang='lat' dir='ltr'><strong>scelus.</strong></span> <span class='ocrx_word' id='word_1_313' title='bbox 2141 2157 2409 2212; x_wconf 88' lang='lat' dir='ltr'><strong>nicantur</strong></span> <span class='ocrx_word' id='word_1_314' title='bbox 2455 2160 2606 2214; x_wconf 89' lang='lat' dir='ltr'><strong>intra</strong></span> <span class='ocrx_word' id='word_1_315' title='bbox 2632 2163 2982 2232; x_wconf 74' lang='lat' dir='ltr'><strong>semetipsos,</strong></span> <span class='ocrx_word' id='word_1_316' title='bbox 3035 2164 3356 2235; x_wconf 84' lang='lat' dir='ltr'><strong>judicatum</strong></span> <span class='ocrx_word' id='word_1_317' title='bbox 3402 2172 3498 2234; x_wconf 91' lang='lat' dir='ltr'><strong>est,</strong></span> <span class='ocrx_word' id='word_1_318' title='bbox 3544 2175 3596 2222; x_wconf 91' lang='lat' dir='ltr'><strong>ut</strong></span> <span class='ocrx_word' id='word_1_319' title='bbox 3641 2187 3774 2240; x_wconf 86' lang='lat' dir='ltr'><strong>vapu-</strong></span> 
     </span>
    </p>
   </div>
   <div class='ocr_carea' id='block_1_35' title="bbox 329 2248 3777 2344">
    <p class='ocr_par' dir='ltr' id='par_1_35' title="bbox 329 2248 3777 2344">
     <span class='ocr_line' id='line_1_37' title="bbox 329 2248 3777 2344; baseline 0.008 -58"><span class='ocrx_word' id='word_1_320' title='bbox 329 2261 455 2315; x_wconf 42' lang='grc' dir='ltr'><strong>ελλΡο</strong></span> <span class='ocrx_word' id='word_1_321' title='bbox 493 2261 606 2315; x_wconf 50' lang='grc' dir='ltr'><strong>ιη.</strong></span> <span class='ocrx_word' id='word_1_322' title='bbox 641 2290 711 2302; x_wconf 93' lang='lat'>_</span> <span class='ocrx_word' id='word_1_323' title='bbox 759 2263 840 2315; x_wconf 73' lang='lat' dir='ltr'><strong>De</strong></span> <span class='ocrx_word' id='word_1_324' title='bbox 875 2264 988 2316; x_wconf 58' lang='lat' dir='ltr'><strong><em>illis</em></strong></span> <span class='ocrx_word' id='word_1_325' title='bbox 1032 2266 1368 2332; x_wconf 54' lang='lat' dir='ltr'><strong>mulieribus,</strong></span> <span class='ocrx_word' id='word_1_326' title='bbox 1405 2285 1523 2338; x_wconf 67' lang='lat' dir='ltr'><strong>qua,</strong></span> <span class='ocrx_word' id='word_1_327' title='bbox 1573 2273 1713 2326; x_wconf 64' lang='lat' dir='ltr'><strong>male</strong></span> <span class='ocrx_word' id='word_1_328' title='bbox 1758 2278 2031 2344; x_wconf 62' lang='lat' dir='ltr'><strong>conceptos</strong></span> <span class='ocrx_word' id='word_1_329' title='bbox 2140 2248 2280 2301; x_wconf 91' lang='lat' dir='ltr'><strong>lent.</strong></span> <span class='ocrx_word' id='word_1_330' title='bbox 2317 2249 2484 2344; x_wconf 67' lang='lat' dir='ltr'><strong>Pueri</strong></span> <span class='ocrx_word' id='word_1_331' title='bbox 2535 2249 2637 2303; x_wconf 92' lang='lat' dir='ltr'><strong>soli</strong></span> <span class='ocrx_word' id='word_1_332' title='bbox 2669 2249 2737 2303; x_wconf 90' lang='lat' dir='ltr'><strong>de</strong></span> <span class='ocrx_word' id='word_1_333' title='bbox 2767 2250 2872 2344; x_wconf 73' lang='lat' dir='ltr'><strong>hoc</strong></span> <span class='ocrx_word' id='word_1_334' title='bbox 2927 2252 3087 2344; x_wconf 16' lang='lat' dir='ltr'><strong>inter,</strong></span> <span class='ocrx_word' id='word_1_335' title='bbox 3135 2270 3194 2308; x_wconf 87' lang='lat' dir='ltr'><strong>se</strong></span> <span class='ocrx_word' id='word_1_336' title='bbox 3253 2255 3676 2324; x_wconf 81' lang='lat' dir='ltr'><strong>sermocinantes,</strong></span> <span class='ocrx_word' id='word_1_337' title='bbox 3736 2262 3777 2312; x_wconf 85' lang='lat' dir='ltr'><strong>et</strong></span> 
     </span>
    </p>
   </div>
   <div class='ocr_carea' id='block_1_36' title="bbox 895 2337 3777 2416">
    <p class='ocr_par' dir='ltr' id='par_1_36' title="bbox 895 2337 3777 2416">
     <span class='ocr_line' id='line_1_38' title="bbox 895 2337 3777 2416; baseline 0.007 -38"><span class='ocrx_word' id='word_1_338' title='bbox 895 2349 1086 2387; x_wconf 76' lang='lat' dir='ltr'><strong>necare</strong></span> <span class='ocrx_word' id='word_1_339' title='bbox 1122 2337 1450 2392; x_wconf 65' lang='lat' dir='ltr'><strong>studnerint,</strong></span> <span class='ocrx_word' id='word_1_340' title='bbox 1906 2337 1927 2344; x_wconf 83' lang='grc'><strong>’</strong></span> <span class='ocrx_word' id='word_1_341' title='bbox 2137 2337 2630 2406; x_wconf 84' lang='lat' dir='ltr'><strong>transgredientes</strong></span> <span class='ocrx_word' id='word_1_342' title='bbox 2686 2343 2899 2393; x_wconf 84' lang='lat' dir='ltr'><strong>statuta</strong></span> <span class='ocrx_word' id='word_1_343' title='bbox 2970 2341 3288 2410; x_wconf 87' lang='lat' dir='ltr'><strong>seniorum,</strong></span> <span class='ocrx_word' id='word_1_344' title='bbox 3341 2349 3451 2398; x_wconf 89' lang='lat' dir='ltr'><strong>tres</strong></span> <span class='ocrx_word' id='word_1_345' title='bbox 3517 2347 3777 2416; x_wconf 84' lang='lat' dir='ltr'><strong>superposi-</strong></span> 
     </span>
    </p>
   </div>
   <div class='ocr_carea' id='block_1_37' title="bbox 397 2418 3773 2503">
    <p class='ocr_par' dir='ltr' id='par_1_37' title="bbox 397 2418 3773 2503">
     <span class='ocr_line' id='line_1_39' title="bbox 397 2418 3773 2503; baseline 0.004 -31"><span class='ocrx_word' id='word_1_346' title='bbox 397 2418 505 2488; x_wconf 75' lang='lat' dir='ltr'><strong>(Ea:</strong></span> <span class='ocrx_word' id='word_1_347' title='bbox 533 2422 755 2475; x_wconf 78' lang='lat' dir='ltr'><strong>concilio</strong></span> <span class='ocrx_word' id='word_1_348' title='bbox 791 2422 1089 2488; x_wconf 86' lang='lat' dir='ltr'><strong>Hilerden.,</strong></span> <span class='ocrx_word' id='word_1_349' title='bbox 1133 2427 1311 2492; x_wconf 83' lang='lat' dir='ltr'><strong>capite</strong></span> <span class='ocrx_word' id='word_1_350' title='bbox 1355 2428 1432 2496; x_wconf 81' lang='lat'><strong>5.)</strong></span> <span class='ocrx_word' id='word_1_351' title='bbox 1469 2429 1536 2483; x_wconf 85' lang='lat' dir='ltr'><strong>lli</strong></span> <span class='ocrx_word' id='word_1_352' title='bbox 1586 2445 1718 2484; x_wconf 91' lang='lat' dir='ltr'><strong>vero</strong></span> <span class='ocrx_word' id='word_1_353' title='bbox 1750 2431 1850 2502; x_wconf 91' lang='lat' dir='ltr'><strong>qui</strong></span> <span class='ocrx_word' id='word_1_354' title='bbox 1881 2435 2028 2489; x_wconf 91' lang='lat' dir='ltr'><strong>male</strong></span> <span class='ocrx_word' id='word_1_355' title='bbox 2136 2425 2326 2478; x_wconf 91' lang='lat' dir='ltr'><strong>tiones</strong></span> <span class='ocrx_word' id='word_1_356' title='bbox 2356 2427 2651 2496; x_wconf 86' lang='lat' dir='ltr'><strong>accipiant.</strong></span> <span class='ocrx_word' id='word_1_357' title='bbox 2708 2430 2975 2483; x_wconf 75' lang='lat' dir='ltr'><strong>Osculum</strong></span> <span class='ocrx_word' id='word_1_358' title='bbox 3011 2448 3125 2484; x_wconf 92' lang='lat' dir='ltr'><strong>non</strong></span> <span class='ocrx_word' id='word_1_359' title='bbox 3173 2433 3500 2503; x_wconf 88' lang='lat' dir='ltr'><strong>simpliciter</strong></span> <span class='ocrx_word' id='word_1_360' title='bbox 3541 2434 3773 2500; x_wconf 85' lang='lat' dir='ltr'><strong>facientes,</strong></span> 
     </span>
    </p>
   </div>
   <div class='ocr_carea' id='block_1_38' title="bbox 322 2511 3775 2589">
    <p class='ocr_par' dir='ltr' id='par_1_38' title="bbox 322 2511 3775 2589">
     <span class='ocr_line' id='line_1_40' title="bbox 322 2511 3775 2589; baseline 0.01 -29"><span class='ocrx_word' id='word_1_361' title='bbox 322 2513 628 2578; x_wconf 90' lang='lat' dir='ltr'><strong>conceptos</strong></span> <span class='ocrx_word' id='word_1_362' title='bbox 678 2526 746 2563; x_wconf 85' lang='lat' dir='ltr'><strong>ex</strong></span> <span class='ocrx_word' id='word_1_363' title='bbox 809 2511 1108 2578; x_wconf 90' lang='lat' dir='ltr'><strong>adulterio,</strong></span> <span class='ocrx_word' id='word_1_364' title='bbox 1180 2513 1376 2584; x_wconf 88' lang='lat' dir='ltr'><strong>factos,</strong></span> <span class='ocrx_word' id='word_1_365' title='bbox 1436 2518 1522 2572; x_wconf 88' lang='lat' dir='ltr'><strong>vel</strong></span> <span class='ocrx_word' id='word_1_366' title='bbox 1595 2519 1776 2572; x_wconf 90' lang='lat' dir='ltr'><strong>editos</strong></span> <span class='ocrx_word' id='word_1_367' title='bbox 1825 2537 2028 2576; x_wconf 87' lang='lat' dir='ltr'><strong>necare</strong></span> <span class='ocrx_word' id='word_1_368' title='bbox 2137 2512 2394 2584; x_wconf 71' lang='grc' dir='ltr'><strong>(Ιυίηίίυθ</strong></span> <span class='ocrx_word' id='word_1_369' title='bbox 2425 2515 2915 2586; x_wconf 63' lang='grc' dir='ltr'><strong>δυρθνροδίίίοηθδ</strong></span> <span class='ocrx_word' id='word_1_370' title='bbox 2965 2519 3267 2589; x_wconf 72' lang='grc' dir='ltr'><strong>θεθίρίδῐη·</strong></span> <span class='ocrx_word' id='word_1_371' title='bbox 3311 2522 3673 2576; x_wconf 69' lang='grc' dir='ltr'><strong>Ῑηθεθδτοευω</strong></span> <span class='ocrx_word' id='word_1_372' title='bbox 3705 2539 3775 2574; x_wconf 79' lang='grc'><strong>⁰⁵’</strong></span> 
     </span>
    </p>
   </div>
   <div class='ocr_carea' id='block_1_39' title="bbox 325 2594 3770 2682">
    <p class='ocr_par' dir='ltr' id='par_1_39' title="bbox 325 2594 3770 2682">
     <span class='ocr_line' id='line_1_41' title="bbox 325 2594 3770 2682; baseline 0.011 -37"><span class='ocrx_word' id='word_1_373' title='bbox 325 2594 669 2659; x_wconf 89' lang='lat' dir='ltr'><strong>studnerint,</strong></span> <span class='ocrx_word' id='word_1_374' title='bbox 717 2597 804 2651; x_wconf 90' lang='lat' dir='ltr'><strong>vel</strong></span> <span class='ocrx_word' id='word_1_375' title='bbox 864 2598 924 2652; x_wconf 91' lang='lat' dir='ltr'><strong>in</strong></span> <span class='ocrx_word' id='word_1_376' title='bbox 970 2605 1169 2654; x_wconf 83' lang='lat' dir='ltr'><strong>ventre</strong></span> <span class='ocrx_word' id='word_1_377' title='bbox 1224 2609 1472 2658; x_wconf 88' lang='lat' dir='ltr'><strong>matrum</strong></span> <span class='ocrx_word' id='word_1_378' title='bbox 1533 2608 1864 2676; x_wconf 88' lang='lat' dir='ltr'><strong>potionibus</strong></span> <span class='ocrx_word' id='word_1_379' title='bbox 1922 2611 2025 2664; x_wconf 89' lang='lat' dir='ltr'><strong>ali-</strong></span> <span class='ocrx_word' id='word_1_380' title='bbox 2137 2601 2332 2655; x_wconf 76' lang='lat' dir='ltr'><strong>Clllllm</strong></span> <span class='ocrx_word' id='word_1_381' title='bbox 2365 2603 2654 2670; x_wconf 65' lang='grc' dir='ltr'><strong>ῖθείθηίθεν</strong></span> <span class='ocrx_word' id='word_1_382' title='bbox 2687 2603 2808 2658; x_wconf 73' lang='lat' dir='ltr'><strong>Sine</strong></span> <span class='ocrx_word' id='word_1_383' title='bbox 2855 2605 3385 2676; x_wconf 65' lang='grc' dir='ltr'><strong>σοίῐιίὶυίοδῐηθηίον</strong></span> <span class='ocrx_word' id='word_1_384' title='bbox 3415 2611 3643 2682; x_wconf 67' lang='lat' dir='ltr'><strong>quion</strong></span> <span class='ocrx_word' id='word_1_385' title='bbox 3679 2609 3770 2664; x_wconf 64' lang='lat' dir='ltr'><strong>di”</strong></span> 
     </span>
    </p>
   </div>
   <div class='ocr_carea' id='block_1_40' title="bbox 323 2682 2042 2769">
    <p class='ocr_par' dir='ltr' id='par_1_40' title="bbox 323 2682 2028 2769">
     <span class='ocr_line' id='line_1_42' title="bbox 323 2682 2028 2769; baseline 0.012 -36"><span class='ocrx_word' id='word_1_386' title='bbox 323 2682 531 2751; x_wconf 89' lang='lat' dir='ltr'><strong>quibus</strong></span> <span class='ocrx_word' id='word_1_387' title='bbox 583 2685 916 2754; x_wconf 87' lang='lat' dir='ltr'><strong>colliserint,</strong></span> <span class='ocrx_word' id='word_1_388' title='bbox 959 2686 1019 2740; x_wconf 91' lang='lat' dir='ltr'><strong>in</strong></span> <span class='ocrx_word' id='word_1_389' title='bbox 1074 2694 1322 2760; x_wconf 88' lang='lat' dir='ltr'><strong>utroque</strong></span> <span class='ocrx_word' id='word_1_390' title='bbox 1379 2709 1515 2746; x_wconf 82' lang='lat' dir='ltr'><strong>sexu</strong></span> <span class='ocrx_word' id='word_1_391' title='bbox 1561 2695 1835 2750; x_wconf 86' lang='lat' dir='ltr'><strong>adulteris</strong></span> <span class='ocrx_word' id='word_1_392' title='bbox 1900 2705 2028 2769; x_wconf 90' lang='lat' dir='ltr'><strong>post</strong></span> 
     </span>
    </p>
   </div>
   <div class='ocr_carea' id='block_1_41' title="bbox 2153 2682 3774 2769">
    <p class='ocr_par' dir='ltr' id='par_1_41' title="bbox 2153 2689 3774 2766">
     <span class='ocr_line' id='line_1_43' title="bbox 2153 2689 3774 2766; baseline 0.006 -25"><span class='ocrx_word' id='word_1_393' title='bbox 2153 2689 2473 2742; x_wconf 72' lang='lat' dir='ltr'><strong>)mniteant.</strong></span> <span class='ocrx_word' id='word_1_394' title='bbox 2535 2691 2676 2744; x_wconf 88' lang='lat' dir='ltr'><strong>Cum</strong></span> <span class='ocrx_word' id='word_1_395' title='bbox 2724 2691 3262 2764; x_wconf 87' lang='lat' dir='ltr'><strong>coinquinamento,</strong></span> <span class='ocrx_word' id='word_1_396' title='bbox 3307 2696 3426 2749; x_wconf 89' lang='lat' dir='ltr'><strong>sine</strong></span> <span class='ocrx_word' id='word_1_397' title='bbox 3471 2695 3774 2766; x_wconf 81' lang='lat' dir='ltr'><strong>amplexu,X</strong></span> 
     </span>
    </p>
   </div>
   <div class='ocr_carea' id='block_1_42' title="bbox 319 2775 2042 2857">
    <p class='ocr_par' dir='ltr' id='par_1_42' title="bbox 319 2775 2020 2857">
     <span class='ocr_line' id='line_1_44' title="bbox 319 2775 2020 2857; baseline 0.012 -35"><span class='ocrx_word' id='word_1_398' title='bbox 319 2776 544 2839; x_wconf 88' lang='lat' dir='ltr'><strong>septem</strong></span> <span class='ocrx_word' id='word_1_399' title='bbox 605 2788 889 2828; x_wconf 90' lang='lat' dir='ltr'><strong>annorum</strong></span> <span class='ocrx_word' id='word_1_400' title='bbox 943 2775 1225 2832; x_wconf 91' lang='lat' dir='ltr'><strong>curricula</strong></span> <span class='ocrx_word' id='word_1_401' title='bbox 1305 2783 1636 2837; x_wconf 92' lang='lat' dir='ltr'><strong>communio</strong></span> <span class='ocrx_word' id='word_1_402' title='bbox 1712 2786 2020 2857; x_wconf 89' lang='lat' dir='ltr'><strong>tribuatur,</strong></span> 
     </span>
    </p>
   </div>
   <div class='ocr_carea' id='block_1_43' title="bbox 2153 2775 3773 2857">
    <p class='ocr_par' dir='ltr' id='par_1_43' title="bbox 2153 2777 3773 2850">
     <span class='ocr_line' id='line_1_45' title="bbox 2153 2777 3773 2850; baseline 0.004 -21"><span class='ocrx_word' id='word_1_403' title='bbox 2153 2777 2622 2848; x_wconf 64' lang='lat' dir='ltr'><strong>superpositiones</strong></span> <span class='ocrx_word' id='word_1_404' title='bbox 2676 2779 2972 2850; x_wconf 86' lang='lat' dir='ltr'><strong>accipiant.</strong></span> <span class='ocrx_word' id='word_1_405' title='bbox 3067 2783 3197 2837; x_wconf 88' lang='lat' dir='ltr'><strong>Post</strong></span> <span class='ocrx_word' id='word_1_406' title='bbox 3267 2801 3445 2838; x_wconf 91' lang='lat' dir='ltr'><strong>annos</strong></span> <span class='ocrx_word' id='word_1_407' title='bbox 3497 2785 3576 2839; x_wconf 77' lang='lat' dir='ltr'><strong>XX</strong></span> <span class='ocrx_word' id='word_1_408' title='bbox 3653 2785 3773 2838; x_wconf 88' lang='lat' dir='ltr'><strong>idem</strong></span> 
     </span>
    </p>
   </div>
   <div class='ocr_carea' id='block_1_44' title="bbox 319 2858 3773 2944">
    <p class='ocr_par' dir='ltr' id='par_1_44' title="bbox 319 2858 3773 2944">
     <span class='ocr_line' id='line_1_46' title="bbox 319 2858 3773 2944; baseline 0.01 -34"><span class='ocrx_word' id='word_1_409' title='bbox 319 2858 401 2911; x_wconf 88' lang='lat' dir='ltr'><strong>ita</strong></span> <span class='ocrx_word' id='word_1_410' title='bbox 431 2865 648 2930; x_wconf 88' lang='lat' dir='ltr'><strong>tamen,</strong></span> <span class='ocrx_word' id='word_1_411' title='bbox 710 2868 774 2916; x_wconf 91' lang='lat' dir='ltr'><strong>ut</strong></span> <span class='ocrx_word' id='word_1_412' title='bbox 811 2864 969 2917; x_wconf 91' lang='lat' dir='ltr'><strong>omni</strong></span> <span class='ocrx_word' id='word_1_413' title='bbox 1027 2869 1285 2937; x_wconf 90' lang='lat' dir='ltr'><strong>tempore</strong></span> <span class='ocrx_word' id='word_1_414' title='bbox 1332 2869 1464 2924; x_wconf 68' lang='lat' dir='ltr'><strong>vitae</strong></span> <span class='ocrx_word' id='word_1_415' title='bbox 1516 2887 1632 2926; x_wconf 65' lang='lat' dir='ltr'><strong>suae</strong></span> <span class='ocrx_word' id='word_1_416' title='bbox 1677 2872 1930 2944; x_wconf 86' lang='lat' dir='ltr'><strong>ﬂetibus,</strong></span> <span class='ocrx_word' id='word_1_417' title='bbox 1966 2881 2025 2931; x_wconf 92' lang='lat' dir='ltr'><strong>et</strong></span> <span class='ocrx_word' id='word_1_418' title='bbox 2065 2927 2101 2944; x_wconf 62' lang='grc' dir='ltr'>η</span> <span class='ocrx_word' id='word_1_419' title='bbox 2133 2867 2574 2932; x_wconf 60' lang='lat' dir='ltr'><strong>committentes.</strong></span> <span class='ocrx_word' id='word_1_420' title='bbox 2636 2868 2717 2922; x_wconf 72' lang='lat' dir='ltr'><strong>XL</strong></span> <span class='ocrx_word' id='word_1_421' title='bbox 2747 2869 2867 2923; x_wconf 71' lang='lat' dir='ltr'><strong>dies</strong></span> <span class='ocrx_word' id='word_1_422' title='bbox 2916 2871 3163 2940; x_wconf 59' lang='lat' dir='ltr'><strong>separati</strong></span> <span class='ocrx_word' id='word_1_423' title='bbox 3192 2888 3228 2926; x_wconf 71' lang='grc' dir='ltr'><strong>ὃ</strong></span> <span class='ocrx_word' id='word_1_424' title='bbox 3275 2889 3485 2941; x_wconf 61' lang='lat' dir='ltr'><strong>mensa,</strong></span> <span class='ocrx_word' id='word_1_425' title='bbox 3545 2878 3773 2928; x_wconf 66' lang='grc' dir='ltr'><strong>θιίοττθε·</strong></span> 
     </span>
    </p>
   </div>
   <div class='ocr_carea' id='block_1_45' title="bbox 323 2927 3772 3032">
    <p class='ocr_par' dir='ltr' id='par_1_45' title="bbox 323 2927 3772 3032">
     <span class='ocr_line' id='line_1_47' title="bbox 323 2927 3772 3032; baseline 0.004 -33"><span class='ocrx_word' id='word_1_426' title='bbox 323 2945 610 3002; x_wconf 87' lang='lat' dir='ltr'><strong>humiliati</strong></span> <span class='ocrx_word' id='word_1_427' title='bbox 634 2927 918 3005; x_wconf 84' lang='lat' dir='ltr'><strong>insistant.</strong></span> <span class='ocrx_word' id='word_1_428' title='bbox 1145 2927 1165 2937; x_wconf 48' lang='lat'><strong>-</strong></span> <span class='ocrx_word' id='word_1_429' title='bbox 1917 2927 1930 2944; x_wconf 54' lang='grc'><strong><em>1</em></strong></span> <span class='ocrx_word' id='word_1_430' title='bbox 2063 2927 2103 2983; x_wconf 75' lang='lat' dir='ltr'><strong>C</strong></span> <span class='ocrx_word' id='word_1_431' title='bbox 2133 2971 2244 3025; x_wconf 91' lang='lat' dir='ltr'><strong>que</strong></span> <span class='ocrx_word' id='word_1_432' title='bbox 2291 2956 2360 3009; x_wconf 90' lang='lat' dir='ltr'><strong>ab</strong></span> <span class='ocrx_word' id='word_1_433' title='bbox 2381 2953 2644 3023; x_wconf 79' lang='lat' dir='ltr'><strong>Ecclesia,</strong></span> <span class='ocrx_word' id='word_1_434' title='bbox 2678 2973 2809 3011; x_wconf 93' lang='lat' dir='ltr'><strong>cum</strong></span> <span class='ocrx_word' id='word_1_435' title='bbox 2843 2975 2990 3028; x_wconf 90' lang='lat' dir='ltr'><strong>pane</strong></span> <span class='ocrx_word' id='word_1_436' title='bbox 3030 2965 3090 3014; x_wconf 88' lang='lat' dir='ltr'><strong>et</strong></span> <span class='ocrx_word' id='word_1_437' title='bbox 3149 2977 3300 3032; x_wconf 90' lang='lat' dir='ltr'><strong>aqua</strong></span> <span class='ocrx_word' id='word_1_438' title='bbox 3337 2962 3534 3016; x_wconf 88' lang='lat' dir='ltr'><strong>vivant.</strong></span> <span class='ocrx_word' id='word_1_439' title='bbox 3587 2961 3772 3016; x_wconf 81' lang='lat' dir='ltr'><strong>Minime</strong></span> 
     </span>
    </p>
   </div>
   <div class='ocr_carea' id='block_1_46' title="bbox 318 3035 3772 3116">
    <p class='ocr_par' dir='ltr' id='par_1_46' title="bbox 318 3035 3772 3116">
     <span class='ocr_line' id='line_1_48' title="bbox 318 3035 3772 3116; baseline 0.006 -37"><span class='ocrx_word' id='word_1_440' title='bbox 318 3035 445 3089; x_wconf 54' lang='lat' dir='ltr'><strong>Cnp.</strong></span> <span class='ocrx_word' id='word_1_441' title='bbox 481 3035 622 3091; x_wconf 79' lang='lat' dir='ltr'><strong>LIII,</strong></span> <span class='ocrx_word' id='word_1_442' title='bbox 672 3067 741 3077; x_wconf 81' lang='grc'><strong>..-</strong></span> <span class='ocrx_word' id='word_1_443' title='bbox 780 3042 855 3093; x_wconf 79' lang='lat' dir='ltr'><strong>De</strong></span> <span class='ocrx_word' id='word_1_444' title='bbox 883 3040 1220 3108; x_wconf 65' lang='lat' dir='ltr'><strong>mulieribus,</strong></span> <span class='ocrx_word' id='word_1_445' title='bbox 1273 3059 1391 3112; x_wconf 56' lang='lat' dir='ltr'><strong>qua</strong></span> <span class='ocrx_word' id='word_1_446' title='bbox 1423 3051 1622 3115; x_wconf 64' lang='lat' dir='ltr'><strong>partus</strong></span> <span class='ocrx_word' id='word_1_447' title='bbox 1665 3063 1789 3104; x_wconf 75' lang='lat' dir='ltr'><strong>suos</strong></span> <span class='ocrx_word' id='word_1_448' title='bbox 1823 3052 2023 3105; x_wconf 71' lang='grc' dir='ltr'><strong>οοσαιιε</strong></span> <span class='ocrx_word' id='word_1_449' title='bbox 2132 3057 2265 3095; x_wconf 91' lang='lat' dir='ltr'><strong>vero</strong></span> <span class='ocrx_word' id='word_1_450' title='bbox 2288 3042 3055 3113; x_wconf 85' lang='lat' dir='ltr'><strong>fornicationemimitantes,</strong></span> <span class='ocrx_word' id='word_1_451' title='bbox 3080 3048 3452 3116; x_wconf 88' lang='lat' dir='ltr'><strong>etirritantes,</strong></span> <span class='ocrx_word' id='word_1_452' title='bbox 3476 3067 3530 3104; x_wconf 88' lang='lat' dir='ltr'><strong>se</strong></span> <span class='ocrx_word' id='word_1_453' title='bbox 3554 3049 3772 3115; x_wconf 76' lang='lat' dir='ltr'><strong>invicem,</strong></span> 
     </span>
    </p>
   </div>
   <div class='ocr_carea' id='block_1_47' title="bbox 993 3113 2042 3208">
    <p class='ocr_par' dir='ltr' id='par_1_47' title="bbox 993 3113 1443 3180">
     <span class='ocr_line' id='line_1_49' title="bbox 993 3113 1443 3180; baseline 0.007 -15"><span class='ocrx_word' id='word_1_454' title='bbox 993 3113 1346 3180; x_wconf 78' lang='lat' dir='ltr'><strong>interﬁciunt.</strong></span> <span class='ocrx_word' id='word_1_455' title='bbox 1426 3113 1443 3115; x_wconf 63' lang='grc'>⁷</span> 
     </span>
    </p>
   </div>
   <div class='ocr_carea' id='block_1_48' title="bbox 2153 3113 3770 3208">
    <p class='ocr_par' dir='ltr' id='par_1_48' title="bbox 2153 3113 3770 3208">
     <span class='ocr_line' id='line_1_50' title="bbox 2153 3113 3770 3208; baseline 0.003 -25"><span class='ocrx_word' id='word_1_456' title='bbox 2153 3130 2226 3184; x_wconf 88' lang='lat' dir='ltr'><strong>ed</strong></span> <span class='ocrx_word' id='word_1_457' title='bbox 2257 3131 2618 3202; x_wconf 90' lang='lat' dir='ltr'><strong>coinquinati</strong></span> <span class='ocrx_word' id='word_1_458' title='bbox 2667 3149 2785 3187; x_wconf 92' lang='lat' dir='ltr'><strong>non</strong></span> <span class='ocrx_word' id='word_1_459' title='bbox 2818 3139 2969 3203; x_wconf 91' lang='lat' dir='ltr'><strong>sunt,</strong></span> <span class='ocrx_word' id='word_1_460' title='bbox 3028 3142 3268 3208; x_wconf 86' lang='lat' dir='ltr'><strong>propter</strong></span> <span class='ocrx_word' id='word_1_461' title='bbox 3296 3113 3471 3191; x_wconf 66' lang='lat' dir='ltr'><strong>etatis</strong></span> <span class='ocrx_word' id='word_1_462' title='bbox 3533 3113 3770 3190; x_wconf 29' lang='lat' dir='ltr'><strong>maturitas</strong></span> 
     </span>
    </p>
   </div>
   <div class='ocr_carea' id='block_1_49' title="bbox 385 3198 3768 3295">
    <p class='ocr_par' dir='ltr' id='par_1_49' title="bbox 385 3198 3768 3295">
     <span class='ocr_line' id='line_1_51' title="bbox 385 3198 3768 3295; baseline 0.008 -42"><span class='ocrx_word' id='word_1_463' title='bbox 385 3198 496 3262; x_wconf 69' lang='grc' dir='ltr'><strong>(Εω</strong></span> <span class='ocrx_word' id='word_1_464' title='bbox 544 3199 792 3295; x_wconf 42' lang='lat' dir='ltr'><strong>concilio.</strong></span> <span class='ocrx_word' id='word_1_465' title='bbox 819 3198 1123 3267; x_wconf 70' lang='grc' dir='ltr'><strong>Ανεῑαιθηι,</strong></span> <span class='ocrx_word' id='word_1_466' title='bbox 1185 3205 1363 3295; x_wconf 46' lang='lat' dir='ltr'><strong>capite</strong></span> <span class='ocrx_word' id='word_1_467' title='bbox 1413 3203 1491 3295; x_wconf 62' lang='grc' dir='ltr'><strong>β.)</strong></span> <span class='ocrx_word' id='word_1_468' title='bbox 1532 3205 1818 3295; x_wconf 65' lang='lat' dir='ltr'><strong>Mulieres</strong></span> <span class='ocrx_word' id='word_1_469' title='bbox 1867 3226 2022 3280; x_wconf 64' lang='grc' dir='ltr'><strong>τίσω·</strong></span> <span class='ocrx_word' id='word_1_470' title='bbox 2129 3223 2266 3285; x_wconf 89' lang='lat' dir='ltr'><strong>tem,</strong></span> <span class='ocrx_word' id='word_1_471' title='bbox 2295 3198 2677 3290; x_wconf 75' lang='lat' dir='ltr'><strong>ﬂagellentur.</strong></span> <span class='ocrx_word' id='word_1_472' title='bbox 2711 3221 2766 3276; x_wconf 92' lang='lat' dir='ltr'><strong>Si</strong></span> <span class='ocrx_word' id='word_1_473' title='bbox 2797 3238 2929 3276; x_wconf 89' lang='lat' dir='ltr'><strong>vero</strong></span> <span class='ocrx_word' id='word_1_474' title='bbox 2953 3198 3324 3295; x_wconf 73' lang='lat' dir='ltr'><strong>frequenter,</strong></span> <span class='ocrx_word' id='word_1_475' title='bbox 3359 3225 3582 3280; x_wconf 88' lang='lat' dir='ltr'><strong>addatur</strong></span> <span class='ocrx_word' id='word_1_476' title='bbox 3618 3240 3768 3295; x_wconf 72' lang='lat' dir='ltr'><strong>pcnna.</strong></span> 
     </span>
    </p>
   </div>
   <div class='ocr_carea' id='block_1_50' title="bbox 313 3281 3768 3384">
    <p class='ocr_par' dir='ltr' id='par_1_50' title="bbox 313 3281 3768 3384">
     <span class='ocr_line' id='line_1_52' title="bbox 313 3281 3768 3384; baseline 0.009 -50"><span class='ocrx_word' id='word_1_477' title='bbox 313 3281 467 3351; x_wconf 89' lang='lat' dir='ltr'><strong>dam,</strong></span> <span class='ocrx_word' id='word_1_478' title='bbox 501 3288 566 3337; x_wconf 89' lang='lat' dir='ltr'><strong>ut</strong></span> <span class='ocrx_word' id='word_1_479' title='bbox 606 3285 950 3353; x_wconf 90' lang='lat' dir='ltr'><strong>audivimus,</strong></span> <span class='ocrx_word' id='word_1_480' title='bbox 1006 3304 1135 3358; x_wconf 70' lang='lat' dir='ltr'><strong>quin</strong></span> <span class='ocrx_word' id='word_1_481' title='bbox 1165 3305 1233 3343; x_wconf 84' lang='lat' dir='ltr'><strong>ex</strong></span> <span class='ocrx_word' id='word_1_482' title='bbox 1282 3290 1657 3348; x_wconf 89' lang='lat' dir='ltr'><strong>fornicatione</strong></span> <span class='ocrx_word' id='word_1_483' title='bbox 1688 3297 2019 3367; x_wconf 49' lang='lat' dir='ltr'><strong>concipiens</strong></span> <span class='ocrx_word' id='word_1_484' title='bbox 2129 3308 2295 3361; x_wconf 78' lang='lat' dir='ltr'><strong>Pueri</strong></span> <span class='ocrx_word' id='word_1_485' title='bbox 2323 3313 2454 3362; x_wconf 78' lang='lat' dir='ltr'><strong>ante</strong></span> <span class='ocrx_word' id='word_1_486' title='bbox 2485 3309 2569 3363; x_wconf 80' lang='lat' dir='ltr'><strong>XX</strong></span> <span class='ocrx_word' id='word_1_487' title='bbox 2614 3326 2796 3364; x_wconf 84' lang='lat' dir='ltr'><strong>annos</strong></span> <span class='ocrx_word' id='word_1_488' title='bbox 2844 3327 2903 3365; x_wconf 84' lang='lat' dir='ltr'><strong>se</strong></span> <span class='ocrx_word' id='word_1_489' title='bbox 2947 3311 3190 3368; x_wconf 81' lang='lat' dir='ltr'><strong>invicem</strong></span> <span class='ocrx_word' id='word_1_490' title='bbox 3237 3315 3496 3369; x_wconf 80' lang='lat' dir='ltr'><strong>manibus</strong></span> <span class='ocrx_word' id='word_1_491' title='bbox 3550 3311 3768 3384; x_wconf 86' lang='lat' dir='ltr'><strong>coinqui-</strong></span> 
     </span>
    </p>
   </div>
   <div class='ocr_carea' id='block_1_51' title="bbox 309 3375 3771 3471">
    <p class='ocr_par' dir='ltr' id='par_1_51' title="bbox 309 3375 3771 3471">
     <span class='ocr_line' id='line_1_53' title="bbox 309 3375 3771 3471; baseline 0.01 -49"><span class='ocrx_word' id='word_1_492' title='bbox 309 3375 412 3431; x_wconf 86' lang='lat' dir='ltr'><strong>tes,</strong></span> <span class='ocrx_word' id='word_1_493' title='bbox 437 3376 756 3427; x_wconf 90' lang='lat' dir='ltr'><strong>metuentes</strong></span> <span class='ocrx_word' id='word_1_494' title='bbox 816 3390 887 3428; x_wconf 92' lang='lat' dir='ltr'><strong>ne</strong></span> <span class='ocrx_word' id='word_1_495' title='bbox 936 3377 1117 3429; x_wconf 91' lang='lat' dir='ltr'><strong>scelus</strong></span> <span class='ocrx_word' id='word_1_496' title='bbox 1170 3379 1326 3448; x_wconf 91' lang='lat' dir='ltr'><strong>quod</strong></span> <span class='ocrx_word' id='word_1_497' title='bbox 1375 3381 1591 3435; x_wconf 91' lang='lat' dir='ltr'><strong>occulte</strong></span> <span class='ocrx_word' id='word_1_498' title='bbox 1647 3389 2018 3454; x_wconf 88' lang='lat' dir='ltr'><strong>perpetrave-</strong></span> <span class='ocrx_word' id='word_1_499' title='bbox 2128 3402 2352 3461; x_wconf 82' lang='lat' dir='ltr'><strong>nantes,</strong></span> <span class='ocrx_word' id='word_1_500' title='bbox 2424 3401 2481 3451; x_wconf 84' lang='lat' dir='ltr'><strong>et</strong></span> <span class='ocrx_word' id='word_1_501' title='bbox 2509 3397 2802 3453; x_wconf 86' lang='lat' dir='ltr'><strong>confessi:</strong></span> <span class='ocrx_word' id='word_1_502' title='bbox 2864 3404 3175 3471; x_wconf 85' lang='lat' dir='ltr'><strong>antequam</strong></span> <span class='ocrx_word' id='word_1_503' title='bbox 3243 3403 3644 3457; x_wconf 85' lang='lat' dir='ltr'><strong>communicent</strong></span> <span class='ocrx_word' id='word_1_504' title='bbox 3708 3399 3771 3454; x_wconf 74' lang='lat' dir='ltr'><strong>XX</strong></span> 
     </span>
    </p>
   </div>
   <div class='ocr_carea' id='block_1_52' title="bbox 308 3462 3772 3562">
    <p class='ocr_par' dir='ltr' id='par_1_52' title="bbox 308 3462 3772 3562">
     <span class='ocr_line' id='line_1_54' title="bbox 308 3462 3772 3562; baseline 0.009 -52"><span class='ocrx_word' id='word_1_505' title='bbox 308 3464 465 3562; x_wconf 69' lang='lat' dir='ltr'><strong>runt,</strong></span> <span class='ocrx_word' id='word_1_506' title='bbox 498 3462 867 3516; x_wconf 87' lang='lat' dir='ltr'><strong>manifestum</strong></span> <span class='ocrx_word' id='word_1_507' title='bbox 925 3463 1107 3534; x_wconf 78' lang='lat' dir='ltr'><strong>fieret,</strong></span> <span class='ocrx_word' id='word_1_508' title='bbox 1154 3465 1398 3521; x_wconf 91' lang='lat' dir='ltr'><strong>infantes</strong></span> <span class='ocrx_word' id='word_1_509' title='bbox 1446 3485 1590 3540; x_wconf 90' lang='lat' dir='ltr'><strong>quos</strong></span> <span class='ocrx_word' id='word_1_510' title='bbox 1647 3480 2014 3543; x_wconf 89' lang='lat' dir='ltr'><strong>pepererunt,</strong></span> <span class='ocrx_word' id='word_1_511' title='bbox 2129 3484 2248 3537; x_wconf 82' lang='lat' dir='ltr'><strong>dies</strong></span> <span class='ocrx_word' id='word_1_512' title='bbox 2284 3485 2617 3554; x_wconf 72' lang='lat' dir='ltr'><strong>pmniteant.</strong></span> <span class='ocrx_word' id='word_1_513' title='bbox 2672 3486 2728 3541; x_wconf 92' lang='lat' dir='ltr'><strong>Si</strong></span> <span class='ocrx_word' id='word_1_514' title='bbox 2777 3462 3114 3543; x_wconf 72' lang='lat' dir='ltr'><strong>iteraverint</strong></span> <span class='ocrx_word' id='word_1_515' title='bbox 3159 3496 3293 3560; x_wconf 89' lang='lat' dir='ltr'><strong>post</strong></span> <span class='ocrx_word' id='word_1_516' title='bbox 3335 3492 3709 3562; x_wconf 66' lang='lat' dir='ltr'><strong>paenitentiam,</strong></span> <span class='ocrx_word' id='word_1_517' title='bbox 3743 3489 3772 3542; x_wconf 91' lang='lat' dir='ltr'><strong>C</strong></span> 
     </span>
    </p>
   </div>
   <div class='ocr_carea' id='block_1_53' title="bbox 309 3547 3773 3649">
    <p class='ocr_par' dir='ltr' id='par_1_53' title="bbox 309 3547 3773 3649">
     <span class='ocr_line' id='line_1_55' title="bbox 309 3547 3773 3649; baseline 0.009 -51"><span class='ocrx_word' id='word_1_518' title='bbox 309 3547 662 3616; x_wconf 88' lang='lat' dir='ltr'><strong>occiderunt,</strong></span> <span class='ocrx_word' id='word_1_519' title='bbox 696 3556 751 3604; x_wconf 88' lang='lat' dir='ltr'><strong>et</strong></span> <span class='ocrx_word' id='word_1_520' title='bbox 783 3557 946 3606; x_wconf 65' lang='lat' dir='ltr'><strong>terra:</strong></span> <span class='ocrx_word' id='word_1_521' title='bbox 997 3555 1262 3623; x_wconf 83' lang='lat' dir='ltr'><strong>congerie</strong></span> <span class='ocrx_word' id='word_1_522' title='bbox 1313 3565 1757 3628; x_wconf 89' lang='lat' dir='ltr'><strong>cooperuerunt,</strong></span> <span class='ocrx_word' id='word_1_523' title='bbox 1803 3567 1900 3617; x_wconf 91' lang='lat' dir='ltr'><strong>aut</strong></span> <span class='ocrx_word' id='word_1_524' title='bbox 1954 3563 2014 3618; x_wconf 90' lang='lat' dir='ltr'><strong>in</strong></span> <span class='ocrx_word' id='word_1_525' title='bbox 2125 3573 2264 3627; x_wconf 88' lang='lat' dir='ltr'><strong>dies.</strong></span> <span class='ocrx_word' id='word_1_526' title='bbox 2294 3572 2351 3627; x_wconf 88' lang='lat' dir='ltr'><strong>Si</strong></span> <span class='ocrx_word' id='word_1_527' title='bbox 2381 3589 2515 3627; x_wconf 90' lang='lat' dir='ltr'><strong>vero</strong></span> <span class='ocrx_word' id='word_1_528' title='bbox 2546 3573 2923 3646; x_wconf 86' lang='lat' dir='ltr'><strong>frequentius,</strong></span> <span class='ocrx_word' id='word_1_529' title='bbox 2968 3585 3327 3649; x_wconf 87' lang='lat' dir='ltr'><strong>separentur,</strong></span> <span class='ocrx_word' id='word_1_530' title='bbox 3377 3586 3431 3634; x_wconf 89' lang='lat' dir='ltr'><strong>et</strong></span> <span class='ocrx_word' id='word_1_531' title='bbox 3461 3595 3652 3633; x_wconf 87' lang='lat' dir='ltr'><strong>annum</strong></span> <span class='ocrx_word' id='word_1_532' title='bbox 3685 3592 3773 3648; x_wconf 75' lang='lat' dir='ltr'><strong>p03-</strong></span> 
     </span>
    </p>
   </div>
   <div class='ocr_carea' id='block_1_54' title="bbox 305 3638 2042 3737">
    <p class='ocr_par' dir='ltr' id='par_1_54' title="bbox 305 3638 2017 3716">
     <span class='ocr_line' id='line_1_56' title="bbox 305 3638 2017 3716; baseline 0.011 -29"><span class='ocrx_word' id='word_1_533' title='bbox 305 3651 484 3706; x_wconf 88' lang='lat' dir='ltr'><strong>aquas</strong></span> <span class='ocrx_word' id='word_1_534' title='bbox 513 3638 902 3708; x_wconf 88' lang='lat' dir='ltr'><strong>projecerunt.</strong></span> <span class='ocrx_word' id='word_1_535' title='bbox 935 3641 1094 3706; x_wconf 89' lang='lat' dir='ltr'><strong>Quod</strong></span> <span class='ocrx_word' id='word_1_536' title='bbox 1155 3649 1437 3714; x_wconf 89' lang='lat' dir='ltr'><strong>quantum</strong></span> <span class='ocrx_word' id='word_1_537' title='bbox 1486 3647 1646 3701; x_wconf 86' lang='lat' dir='ltr'><strong>nefas</strong></span> <span class='ocrx_word' id='word_1_538' title='bbox 1704 3650 1796 3716; x_wconf 91' lang='lat' dir='ltr'><strong>sit,</strong></span> <span class='ocrx_word' id='word_1_539' title='bbox 1855 3668 2017 3706; x_wconf 81' lang='lat' dir='ltr'><strong>cano-</strong></span> 
     </span>
    </p>
   </div>
   <div class='ocr_carea' id='block_1_55' title="bbox 2153 3638 3771 3737">
    <p class='ocr_par' dir='ltr' id='par_1_55' title="bbox 2153 3638 3771 3737">
     <span class='ocr_line' id='line_1_57' title="bbox 2153 3638 3771 3737; baseline 0.002 -23"><span class='ocrx_word' id='word_1_540' title='bbox 2153 3661 2364 3715; x_wconf 73' lang='lat' dir='ltr'><strong>liteant.</strong></span> <span class='ocrx_word' id='word_1_541' title='bbox 2391 3663 2538 3716; x_wconf 87' lang='lat' dir='ltr'><strong>Puer</strong></span> <span class='ocrx_word' id='word_1_542' title='bbox 2557 3638 2861 3734; x_wconf 77' lang='lat' dir='ltr'><strong>oppressus</strong></span> <span class='ocrx_word' id='word_1_543' title='bbox 2883 3682 2915 3719; x_wconf 91' lang='lat' dir='ltr'><strong>a</strong></span> <span class='ocrx_word' id='word_1_544' title='bbox 2936 3638 3151 3737; x_wconf 63' lang='lat' dir='ltr'><strong>majore</strong></span> <span class='ocrx_word' id='word_1_545' title='bbox 3168 3667 3368 3722; x_wconf 87' lang='lat' dir='ltr'><strong>infraX</strong></span> <span class='ocrx_word' id='word_1_546' title='bbox 3400 3685 3584 3733; x_wconf 86' lang='lat' dir='ltr'><strong>annos,</strong></span> <span class='ocrx_word' id='word_1_547' title='bbox 3600 3666 3771 3721; x_wconf 85' lang='lat' dir='ltr'><strong>hebdo-</strong></span> 
     </span>
    </p>
   </div>
   <div class='ocr_carea' id='block_1_56' title="bbox 306 3727 3770 3820">
    <p class='ocr_par' dir='ltr' id='par_1_56' title="bbox 306 3727 3770 3820">
     <span class='ocr_line' id='line_1_58' title="bbox 306 3727 3770 3820; baseline 0.01 -43"><span class='ocrx_word' id='word_1_548' title='bbox 306 3739 406 3778; x_wconf 90' lang='lat' dir='ltr'><strong>nes</strong></span> <span class='ocrx_word' id='word_1_549' title='bbox 435 3727 727 3796; x_wconf 83' lang='lat' dir='ltr'><strong>Ancirani,</strong></span> <span class='ocrx_word' id='word_1_550' title='bbox 760 3729 1120 3795; x_wconf 89' lang='lat' dir='ltr'><strong>Illiberitani,</strong></span> <span class='ocrx_word' id='word_1_551' title='bbox 1158 3738 1328 3804; x_wconf 87' lang='lat' dir='ltr'><strong>atque</strong></span> <span class='ocrx_word' id='word_1_552' title='bbox 1361 3734 1709 3792; x_wconf 84' lang='lat' dir='ltr'><strong>Hilardensis</strong></span> <span class='ocrx_word' id='word_1_553' title='bbox 1759 3741 2008 3810; x_wconf 89' lang='lat' dir='ltr'><strong>concilii,</strong></span> <span class='ocrx_word' id='word_1_554' title='bbox 2125 3749 2352 3803; x_wconf 80' lang='lat' dir='ltr'><strong>madam</strong></span> <span class='ocrx_word' id='word_1_555' title='bbox 2395 3727 2667 3820; x_wconf 55' lang='lat' dir='ltr'><strong>jejunet-z</strong></span> <span class='ocrx_word' id='word_1_556' title='bbox 2703 3753 2750 3806; x_wconf 78' lang='lat' dir='ltr'><strong>si</strong></span> <span class='ocrx_word' id='word_1_557' title='bbox 2779 3727 3065 3809; x_wconf 70' lang='lat' dir='ltr'><strong>consentit</strong></span> <span class='ocrx_word' id='word_1_558' title='bbox 3100 3757 3180 3810; x_wconf 84' lang='lat' dir='ltr'><strong><em>XX</em></strong></span> <span class='ocrx_word' id='word_1_559' title='bbox 3214 3757 3336 3810; x_wconf 86' lang='lat' dir='ltr'><strong>dies</strong></span> <span class='ocrx_word' id='word_1_560' title='bbox 3367 3775 3380 3811; x_wconf 84' lang='lat'><strong>:</strong></span> <span class='ocrx_word' id='word_1_561' title='bbox 3415 3757 3587 3810; x_wconf 89' lang='lat' dir='ltr'><strong>mollis</strong></span> <span class='ocrx_word' id='word_1_562' title='bbox 3613 3759 3770 3808; x_wconf 83' lang='lat' dir='ltr'><strong>autem</strong></span> 
     </span>
    </p>
   </div>
   <div class='ocr_carea' id='block_1_57' title="bbox 301 3817 3771 3914">
    <p class='ocr_par' dir='ltr' id='par_1_57' title="bbox 301 3817 3771 3914">
     <span class='ocr_line' id='line_1_59' title="bbox 301 3817 3771 3914; baseline 0.008 -48"><span class='ocrx_word' id='word_1_563' title='bbox 301 3817 471 3868; x_wconf 88' lang='lat' dir='ltr'><strong>testes</strong></span> <span class='ocrx_word' id='word_1_564' title='bbox 497 3821 648 3871; x_wconf 86' lang='lat' dir='ltr'><strong>sunt.</strong></span> <span class='ocrx_word' id='word_1_565' title='bbox 686 3819 780 3871; x_wconf 86' lang='lat' dir='ltr'><strong>His</strong></span> <span class='ocrx_word' id='word_1_566' title='bbox 805 3818 998 3890; x_wconf 83' lang='lat' dir='ltr'><strong>itaque</strong></span> <span class='ocrx_word' id='word_1_567' title='bbox 1028 3821 1116 3874; x_wconf 83' lang='lat' dir='ltr'><strong>vix</strong></span> <span class='ocrx_word' id='word_1_568' title='bbox 1151 3821 1211 3875; x_wconf 91' lang='lat' dir='ltr'><strong>in</strong></span> <span class='ocrx_word' id='word_1_569' title='bbox 1242 3823 1358 3878; x_wconf 76' lang='lat' dir='ltr'><strong>line</strong></span> <span class='ocrx_word' id='word_1_570' title='bbox 1386 3824 1636 3880; x_wconf 89' lang='lat' dir='ltr'><strong>dandam</strong></span> <span class='ocrx_word' id='word_1_571' title='bbox 1683 3843 1803 3882; x_wconf 89' lang='lat' dir='ltr'><strong>esse</strong></span> <span class='ocrx_word' id='word_1_572' title='bbox 1853 3844 2010 3884; x_wconf 87' lang='lat' dir='ltr'><strong>com-</strong></span> <span class='ocrx_word' id='word_1_573' title='bbox 2123 3854 2338 3892; x_wconf 84' lang='lat' dir='ltr'><strong>annum</strong></span> <span class='ocrx_word' id='word_1_574' title='bbox 2372 3817 2667 3908; x_wconf 56' lang='lat' dir='ltr'><strong>paeniteat.</strong></span> <span class='ocrx_word' id='word_1_575' title='bbox 2713 3841 2819 3905; x_wconf 88' lang='lat' dir='ltr'><strong>Qui</strong></span> <span class='ocrx_word' id='word_1_576' title='bbox 2865 3842 2922 3895; x_wconf 93' lang='lat' dir='ltr'><strong>in</strong></span> <span class='ocrx_word' id='word_1_577' title='bbox 2951 3843 3166 3898; x_wconf 89' lang='lat' dir='ltr'><strong>somnis</strong></span> <span class='ocrx_word' id='word_1_578' title='bbox 3214 3846 3521 3899; x_wconf 88' lang='lat' dir='ltr'><strong>voluntarie</strong></span> <span class='ocrx_word' id='word_1_579' title='bbox 3567 3844 3771 3914; x_wconf 88' lang='lat' dir='ltr'><strong>pollutus</strong></span> 
     </span>
    </p>
   </div>
   <div class='ocr_carea' id='block_1_58' title="bbox 302 3903 3766 4001">
    <p class='ocr_par' dir='ltr' id='par_1_58' title="bbox 302 3903 3766 4001">
     <span class='ocr_line' id='line_1_60' title="bbox 302 3903 3766 4001; baseline 0.008 -47"><span class='ocrx_word' id='word_1_580' title='bbox 302 3903 641 3959; x_wconf 89' lang='lat' dir='ltr'><strong>munioncm</strong></span> <span class='ocrx_word' id='word_1_581' title='bbox 670 3906 1002 3973; x_wconf 86' lang='lat' dir='ltr'><strong>decernunt,</strong></span> <span class='ocrx_word' id='word_1_582' title='bbox 1036 3909 1133 3989; x_wconf 78' lang='lat' dir='ltr'><strong>sed</strong></span> <span class='ocrx_word' id='word_1_583' title='bbox 1164 3911 1474 3966; x_wconf 89' lang='lat' dir='ltr'><strong>humanius</strong></span> <span class='ocrx_word' id='word_1_584' title='bbox 1505 3919 1829 3986; x_wconf 85' lang='lat' dir='ltr'><strong>tractantes,</strong></span> <span class='ocrx_word' id='word_1_585' title='bbox 1882 3923 2012 3988; x_wconf 91' lang='lat' dir='ltr'><strong>post</strong></span> <span class='ocrx_word' id='word_1_586' title='bbox 2121 3931 2224 3994; x_wconf 82' lang='lat' dir='ltr'><strong>est,</strong></span> <span class='ocrx_word' id='word_1_587' title='bbox 2290 3903 2505 3997; x_wconf 74' lang='lat' dir='ltr'><strong>surgat,</strong></span> <span class='ocrx_word' id='word_1_588' title='bbox 2565 3934 2621 3982; x_wconf 89' lang='lat' dir='ltr'><strong>et</strong></span> <span class='ocrx_word' id='word_1_589' title='bbox 2668 3903 2857 3984; x_wconf 78' lang='lat' dir='ltr'><strong>cantet</strong></span> <span class='ocrx_word' id='word_1_590' title='bbox 2886 3932 3130 4001; x_wconf 85' lang='lat' dir='ltr'><strong>genibus</strong></span> <span class='ocrx_word' id='word_1_591' title='bbox 3176 3932 3337 3988; x_wconf 77' lang='lat' dir='ltr'><strong>flexis</strong></span> <span class='ocrx_word' id='word_1_592' title='bbox 3387 3935 3472 3987; x_wconf 91' lang='lat' dir='ltr'><strong>Vll</strong></span> <span class='ocrx_word' id='word_1_593' title='bbox 3505 3903 3631 3986; x_wconf 74' lang='lat' dir='ltr'><strong>Psal.</strong></span> <span class='ocrx_word' id='word_1_594' title='bbox 3687 3932 3766 3982; x_wconf 82' lang='lat' dir='ltr'><strong>Vo-</strong></span> 
     </span>
    </p>
   </div>
   <div class='ocr_carea' id='block_1_59' title="bbox 300 3989 3770 4090">
    <p class='ocr_par' dir='ltr' id='par_1_59' title="bbox 300 3989 3770 4090">
     <span class='ocr_line' id='line_1_61' title="bbox 300 3989 3770 4090; baseline 0.007 -47"><span class='ocrx_word' id='word_1_595' title='bbox 300 3989 612 4046; x_wconf 89' lang='lat' dir='ltr'><strong>decennem</strong></span> <span class='ocrx_word' id='word_1_596' title='bbox 661 3995 1058 4063; x_wconf 65' lang='lat' dir='ltr'><strong>paenitentiam</strong></span> <span class='ocrx_word' id='word_1_597' title='bbox 1109 3999 1250 4051; x_wconf 87' lang='lat' dir='ltr'><strong>tales</strong></span> <span class='ocrx_word' id='word_1_598' title='bbox 1280 4000 1494 4069; x_wconf 88' lang='lat' dir='ltr'><strong>placuit</strong></span> <span class='ocrx_word' id='word_1_599' title='bbox 1536 4003 1606 4057; x_wconf 87' lang='lat' dir='ltr'><strong>ad</strong></span> <span class='ocrx_word' id='word_1_600' title='bbox 1656 4006 2012 4063; x_wconf 87' lang='lat' dir='ltr'><strong>communio.</strong></span> <span class='ocrx_word' id='word_1_601' title='bbox 2120 3989 2246 4069; x_wconf 25' lang='lat' dir='ltr'><strong>lenis</strong></span> <span class='ocrx_word' id='word_1_602' title='bbox 2264 4014 2323 4068; x_wconf 88' lang='lat' dir='ltr'><strong>in</strong></span> <span class='ocrx_word' id='word_1_603' title='bbox 2363 3989 2562 4069; x_wconf 67' lang='lat' dir='ltr'><strong>somno</strong></span> <span class='ocrx_word' id='word_1_604' title='bbox 2588 4032 2843 4087; x_wconf 88' lang='lat' dir='ltr'><strong>peccare,</strong></span> <span class='ocrx_word' id='word_1_605' title='bbox 2886 3989 2980 4073; x_wconf 50' lang='lat' dir='ltr'><strong>3x</strong></span> <span class='ocrx_word' id='word_1_606' title='bbox 3012 4021 3157 4074; x_wconf 89' lang='lat' dir='ltr'><strong>Psal.</strong></span> <span class='ocrx_word' id='word_1_607' title='bbox 3217 4029 3422 4076; x_wconf 90' lang='lat' dir='ltr'><strong>cantet.</strong></span> <span class='ocrx_word' id='word_1_608' title='bbox 3455 4021 3510 4076; x_wconf 90' lang='lat' dir='ltr'><strong>Si</strong></span> <span class='ocrx_word' id='word_1_609' title='bbox 3564 4019 3770 4090; x_wconf 88' lang='lat' dir='ltr'><strong>pollutus</strong></span> 
     </span>
    </p>
   </div>
   <div class='ocr_carea' id='block_1_60' title="bbox 297 4081 3769 4175">
    <p class='ocr_par' dir='ltr' id='par_1_60' title="bbox 297 4081 3769 4175">
     <span class='ocr_line' id='line_1_62' title="bbox 297 4081 3769 4175; baseline 0.007 -44"><span class='ocrx_word' id='word_1_610' title='bbox 297 4094 430 4133; x_wconf 88' lang='lat' dir='ltr'><strong>nem</strong></span> <span class='ocrx_word' id='word_1_611' title='bbox 462 4081 673 4152; x_wconf 89' lang='lat' dir='ltr'><strong>recepi.</strong></span> <span class='ocrx_word' id='word_1_612' title='bbox 2120 4109 2200 4158; x_wconf 88' lang='lat' dir='ltr'><strong>est</strong></span> <span class='ocrx_word' id='word_1_613' title='bbox 2227 4103 2351 4158; x_wconf 90' lang='lat' dir='ltr'><strong>sine</strong></span> <span class='ocrx_word' id='word_1_614' title='bbox 2380 4104 2673 4159; x_wconf 88' lang='lat' dir='ltr'><strong>voluntate</strong></span> <span class='ocrx_word' id='word_1_615' title='bbox 2702 4107 2790 4160; x_wconf 87' lang='lat' dir='ltr'><strong>XV</strong></span> <span class='ocrx_word' id='word_1_616' title='bbox 2818 4107 2963 4161; x_wconf 88' lang='lat' dir='ltr'><strong>Psal.</strong></span> <span class='ocrx_word' id='word_1_617' title='bbox 3007 4114 3219 4175; x_wconf 90' lang='lat' dir='ltr'><strong>cantet,</strong></span> <span class='ocrx_word' id='word_1_618' title='bbox 3272 4115 3328 4164; x_wconf 92' lang='lat' dir='ltr'><strong>et</strong></span> <span class='ocrx_word' id='word_1_619' title='bbox 3357 4109 3414 4163; x_wconf 94' lang='lat' dir='ltr'><strong>in</strong></span> <span class='ocrx_word' id='word_1_620' title='bbox 3463 4109 3565 4163; x_wconf 80' lang='lat' dir='ltr'><strong>line</strong></span> <span class='ocrx_word' id='word_1_621' title='bbox 3607 4107 3769 4161; x_wconf 88' lang='lat' dir='ltr'><strong>unius-</strong></span> 
     </span>
    </p>
   </div>
   <div class='ocr_carea' id='block_1_61' title="bbox 728 4169 3761 4274">
    <p class='ocr_par' dir='ltr' id='par_1_61' title="bbox 728 4169 3761 4274">
     <span class='ocr_line' id='line_1_63' title="bbox 728 4169 3761 4274; baseline 0.004 -39"><span class='ocrx_word' id='word_1_622' title='bbox 728 4169 854 4274; x_wconf 57' lang='grc' dir='ltr'><strong>ςΑΡ·</strong></span> <span class='ocrx_word' id='word_1_623' title='bbox 901 4171 1031 4224; x_wconf 72' lang='lat' dir='ltr'><strong>LIV-</strong></span> <span class='ocrx_word' id='word_1_624' title='bbox 1065 4202 1133 4274; x_wconf 54' lang='lat'><strong>:-</strong></span> <span class='ocrx_word' id='word_1_625' title='bbox 1164 4177 1238 4272; x_wconf 59' lang='grc' dir='ltr'><strong>Βςὲ</strong></span> <span class='ocrx_word' id='word_1_626' title='bbox 1276 4175 1461 4231; x_wconf 67' lang='lat' dir='ltr'><strong>eadem</strong></span> <span class='ocrx_word' id='word_1_627' title='bbox 1491 4193 1566 4274; x_wconf 65' lang='lat' dir='ltr'><strong>re_-</strong></span> <span class='ocrx_word' id='word_1_628' title='bbox 2029 4220 2071 4274; x_wconf 74' lang='grc' dir='ltr'>ο</span> <span class='ocrx_word' id='word_1_629' title='bbox 2111 4192 2388 4263; x_wconf 89' lang='lat' dir='ltr'><strong>cujusque</strong></span> <span class='ocrx_word' id='word_1_630' title='bbox 2450 4193 2658 4246; x_wconf 89' lang='lat' dir='ltr'><strong>Psalmi</strong></span> <span class='ocrx_word' id='word_1_631' title='bbox 2729 4193 2878 4248; x_wconf 92' lang='lat' dir='ltr'><strong>dicat</strong></span> <span class='ocrx_word' id='word_1_632' title='bbox 2928 4203 3060 4252; x_wconf 89' lang='lat' dir='ltr'><strong>ter:</strong></span> <span class='ocrx_word' id='word_1_633' title='bbox 3113 4169 3283 4267; x_wconf 83' lang='lat' dir='ltr'><strong>Deus,</strong></span> <span class='ocrx_word' id='word_1_634' title='bbox 3332 4199 3390 4252; x_wconf 92' lang='lat' dir='ltr'><strong>in</strong></span> <span class='ocrx_word' id='word_1_635' title='bbox 3468 4196 3761 4267; x_wconf 87' lang='lat' dir='ltr'><strong>adjutorium</strong></span> 
     </span>
    </p>
   </div>
   <div class='ocr_carea' id='block_1_62' title="bbox 370 4255 3760 4355">
    <p class='ocr_par' dir='ltr' id='par_1_62' title="bbox 370 4255 3760 4355">
     <span class='ocr_line' id='line_1_64' title="bbox 370 4255 3760 4355; baseline 0.008 -49"><span class='ocrx_word' id='word_1_636' title='bbox 370 4255 447 4308; x_wconf 90' lang='lat' dir='ltr'><strong>De</strong></span> <span class='ocrx_word' id='word_1_637' title='bbox 495 4256 836 4310; x_wconf 90' lang='lat' dir='ltr'><strong>mulieribus</strong></span> <span class='ocrx_word' id='word_1_638' title='bbox 881 4274 1009 4328; x_wconf 68' lang='lat' dir='ltr'><strong>quas</strong></span> <span class='ocrx_word' id='word_1_639' title='bbox 1081 4260 1458 4330; x_wconf 86' lang='lat' dir='ltr'><strong>fornicantur,</strong></span> <span class='ocrx_word' id='word_1_640' title='bbox 1510 4270 1567 4320; x_wconf 89' lang='lat' dir='ltr'><strong>et</strong></span> <span class='ocrx_word' id='word_1_641' title='bbox 1618 4273 1816 4337; x_wconf 91' lang='lat' dir='ltr'><strong>partus</strong></span> <span class='ocrx_word' id='word_1_642' title='bbox 1866 4287 1997 4327; x_wconf 91' lang='lat' dir='ltr'><strong>suos</strong></span> <span class='ocrx_word' id='word_1_643' title='bbox 2029 4255 2071 4274; x_wconf 71' lang='grc' dir='ltr'><strong>υ</strong></span> <span class='ocrx_word' id='word_1_644' title='bbox 2110 4255 2314 4335; x_wconf 53' lang='lat' dir='ltr'><strong>manu;</strong></span> <span class='ocrx_word' id='word_1_645' title='bbox 2363 4281 2617 4349; x_wconf 81' lang='lat' dir='ltr'><strong>intende,</strong></span> <span class='ocrx_word' id='word_1_646' title='bbox 2650 4287 2706 4337; x_wconf 80' lang='lat' dir='ltr'><strong>et</strong></span> <span class='ocrx_word' id='word_1_647' title='bbox 2764 4283 3002 4355; x_wconf 81' lang='lat' dir='ltr'><strong>reliqua,</strong></span> <span class='ocrx_word' id='word_1_648' title='bbox 3055 4285 3160 4350; x_wconf 84' lang='lat' dir='ltr'><strong>Qui</strong></span> <span class='ocrx_word' id='word_1_649' title='bbox 3201 4303 3398 4341; x_wconf 82' lang='lat' dir='ltr'><strong>semen</strong></span> <span class='ocrx_word' id='word_1_650' title='bbox 3439 4287 3498 4340; x_wconf 85' lang='lat' dir='ltr'><strong>in</strong></span> <span class='ocrx_word' id='word_1_651' title='bbox 3538 4283 3760 4339; x_wconf 83' lang='lat' dir='ltr'><strong>Ecclesia</strong></span> 
     </span>
    </p>
   </div>
   <div class='ocr_carea' id='block_1_63' title="bbox 295 4345 3759 4447">
    <p class='ocr_par' dir='ltr' id='par_1_63' title="bbox 295 4345 3759 4447">
     <span class='ocr_line' id='line_1_65' title="bbox 295 4345 3759 4447; baseline 0.007 -47"><span class='ocrx_word' id='word_1_652' title='bbox 295 4347 518 4439; x_wconf 58' lang='lat' dir='ltr'><strong>necarit,</strong></span> <span class='ocrx_word' id='word_1_653' title='bbox 561 4345 646 4396; x_wconf 76' lang='lat' dir='ltr'><strong>vel</strong></span> <span class='ocrx_word' id='word_1_654' title='bbox 697 4361 826 4414; x_wconf 60' lang='lat' dir='ltr'><strong>qua:</strong></span> <span class='ocrx_word' id='word_1_655' title='bbox 869 4353 1066 4446; x_wconf 67' lang='lat' dir='ltr'><strong>agunt,</strong></span> <span class='ocrx_word' id='word_1_656' title='bbox 1113 4365 1328 4413; x_wconf 84' lang='lat' dir='ltr'><strong>secum.</strong></span> <span class='ocrx_word' id='word_1_657' title='bbox 1373 4358 1438 4406; x_wconf 88' lang='lat' dir='ltr'><strong>ut</strong></span> <span class='ocrx_word' id='word_1_658' title='bbox 1480 4359 1642 4409; x_wconf 86' lang='lat' dir='ltr'><strong>utero</strong></span> <span class='ocrx_word' id='word_1_659' title='bbox 1696 4366 1999 4429; x_wconf 87' lang='lat' dir='ltr'><strong>conceptos</strong></span> <span class='ocrx_word' id='word_1_660' title='bbox 2110 4369 2398 4424; x_wconf 88' lang='lat' dir='ltr'><strong>dormiens</strong></span> <span class='ocrx_word' id='word_1_661' title='bbox 2427 4345 2655 4437; x_wconf 84' lang='lat' dir='ltr'><strong>fuderit,</strong></span> <span class='ocrx_word' id='word_1_662' title='bbox 2679 4376 2794 4425; x_wconf 91' lang='lat' dir='ltr'><strong>tres</strong></span> <span class='ocrx_word' id='word_1_663' title='bbox 2815 4345 2936 4426; x_wconf 72' lang='lat' dir='ltr'><strong>dies</strong></span> <span class='ocrx_word' id='word_1_664' title='bbox 2952 4345 3194 4444; x_wconf 35' lang='lat' dir='ltr'><strong>jejuwnet.</strong></span> <span class='ocrx_word' id='word_1_665' title='bbox 3234 4377 3538 4447; x_wconf 86' lang='lat' dir='ltr'><strong>Episcopus</strong></span> <span class='ocrx_word' id='word_1_666' title='bbox 3566 4371 3759 4427; x_wconf 83' lang='lat' dir='ltr'><strong>fornica-</strong></span> 
     </span>
    </p>
   </div>
   <div class='ocr_carea' id='block_1_64' title="bbox 293 4432 3755 4533">
    <p class='ocr_par' dir='ltr' id='par_1_64' title="bbox 293 4432 3755 4533">
     <span class='ocr_line' id='line_1_66' title="bbox 293 4432 3755 4533; baseline 0.008 -51"><span class='ocrx_word' id='word_1_667' title='bbox 293 4432 598 4497; x_wconf 81' lang='lat' dir='ltr'><strong>excutiant,</strong></span> <span class='ocrx_word' id='word_1_668' title='bbox 632 4435 866 4503; x_wconf 86' lang='lat' dir='ltr'><strong>antiqua</strong></span> <span class='ocrx_word' id='word_1_669' title='bbox 899 4436 1135 4505; x_wconf 90' lang='lat' dir='ltr'><strong>quidem</strong></span> <span class='ocrx_word' id='word_1_670' title='bbox 1165 4439 1424 4495; x_wconf 84' lang='lat' dir='ltr'><strong>deﬁnitio</strong></span> <span class='ocrx_word' id='word_1_671' title='bbox 1457 4459 1642 4514; x_wconf 88' lang='lat' dir='ltr'><strong>usque</strong></span> <span class='ocrx_word' id='word_1_672' title='bbox 1673 4447 1740 4501; x_wconf 90' lang='lat' dir='ltr'><strong>ad</strong></span> <span class='ocrx_word' id='word_1_673' title='bbox 1781 4448 1996 4504; x_wconf 77' lang='lat' dir='ltr'><strong>exitum</strong></span> <span class='ocrx_word' id='word_1_674' title='bbox 2106 4457 2324 4511; x_wconf 89' lang='lat' dir='ltr'><strong>tionem</strong></span> <span class='ocrx_word' id='word_1_675' title='bbox 2345 4457 2558 4512; x_wconf 86' lang='lat' dir='ltr'><strong>faciens</strong></span> <span class='ocrx_word' id='word_1_676' title='bbox 2579 4432 2776 4513; x_wconf 79' lang='lat' dir='ltr'><strong>contra</strong></span> <span class='ocrx_word' id='word_1_677' title='bbox 2799 4432 3470 4533; x_wconf 64' lang='lat' dir='ltr'><strong>naturam,degradetur,</strong></span> <span class='ocrx_word' id='word_1_678' title='bbox 3491 4467 3542 4516; x_wconf 90' lang='lat' dir='ltr'><strong>et</strong></span> <span class='ocrx_word' id='word_1_679' title='bbox 3581 4459 3755 4514; x_wconf 82' lang='lat' dir='ltr'><strong>duode-</strong></span> 
     </span>
    </p>
   </div>
   <div class='ocr_carea' id='block_1_65' title="bbox 292 4519 3754 4619">
    <p class='ocr_par' dir='ltr' id='par_1_65' title="bbox 292 4519 3754 4619">
     <span class='ocr_line' id='line_1_67' title="bbox 292 4519 3754 4619; baseline 0.009 -50"><span class='ocrx_word' id='word_1_680' title='bbox 292 4519 420 4571; x_wconf 67' lang='lat' dir='ltr'><strong>vitae</strong></span> <span class='ocrx_word' id='word_1_681' title='bbox 487 4535 580 4572; x_wconf 90' lang='lat' dir='ltr'><strong>eas</strong></span> <span class='ocrx_word' id='word_1_682' title='bbox 642 4521 710 4574; x_wconf 90' lang='lat' dir='ltr'><strong>ab</strong></span> <span class='ocrx_word' id='word_1_683' title='bbox 779 4523 1020 4578; x_wconf 84' lang='lat' dir='ltr'><strong>Ecclesia</strong></span> <span class='ocrx_word' id='word_1_684' title='bbox 1074 4534 1348 4582; x_wconf 90' lang='lat' dir='ltr'><strong>removet.</strong></span> <span class='ocrx_word' id='word_1_685' title='bbox 1422 4531 1737 4587; x_wconf 85' lang='lat' dir='ltr'><strong>Humanius</strong></span> <span class='ocrx_word' id='word_1_686' title='bbox 1803 4541 1995 4590; x_wconf 89' lang='lat' dir='ltr'><strong>autem</strong></span> <span class='ocrx_word' id='word_1_687' title='bbox 2105 4545 2214 4599; x_wconf 76' lang='grc' dir='ltr'><strong>εἱσι</strong></span> <span class='ocrx_word' id='word_1_688' title='bbox 2243 4561 2421 4599; x_wconf 86' lang='lat' dir='ltr'><strong>annos</strong></span> <span class='ocrx_word' id='word_1_689' title='bbox 2451 4547 2740 4616; x_wconf 65' lang='lat' dir='ltr'><strong>pagniteat.</strong></span> <span class='ocrx_word' id='word_1_690' title='bbox 2777 4549 3080 4619; x_wconf 84' lang='lat' dir='ltr'><strong>Presbyter</strong></span> <span class='ocrx_word' id='word_1_691' title='bbox 3110 4557 3210 4604; x_wconf 89' lang='lat' dir='ltr'><strong>aut</strong></span> <span class='ocrx_word' id='word_1_692' title='bbox 3236 4551 3526 4616; x_wconf 91' lang='lat' dir='ltr'><strong>diaconus,</strong></span> <span class='ocrx_word' id='word_1_693' title='bbox 3558 4547 3754 4604; x_wconf 86' lang='lat' dir='ltr'><strong>fornica-</strong></span> 
     </span>
    </p>
   </div>
   <div class='ocr_carea' id='block_1_66' title="bbox 288 4607 3753 4708">
    <p class='ocr_par' dir='ltr' id='par_1_66' title="bbox 288 4607 3753 4708">
     <span class='ocr_line' id='line_1_68' title="bbox 288 4607 3753 4708; baseline 0.008 -50"><span class='ocrx_word' id='word_1_694' title='bbox 288 4622 442 4660; x_wconf 89' lang='lat' dir='ltr'><strong>nunc</strong></span> <span class='ocrx_word' id='word_1_695' title='bbox 473 4607 798 4677; x_wconf 81' lang='lat' dir='ltr'><strong>definimus,</strong></span> <span class='ocrx_word' id='word_1_696' title='bbox 847 4619 908 4665; x_wconf 93' lang='lat' dir='ltr'><strong>ut</strong></span> <span class='ocrx_word' id='word_1_697' title='bbox 938 4613 1019 4668; x_wconf 92' lang='lat' dir='ltr'><strong>eis</strong></span> <span class='ocrx_word' id='word_1_698' title='bbox 1071 4616 1113 4670; x_wconf 83' lang='lat' dir='ltr'><strong>X</strong></span> <span class='ocrx_word' id='word_1_699' title='bbox 1152 4632 1437 4672; x_wconf 90' lang='lat' dir='ltr'><strong>annorum</strong></span> <span class='ocrx_word' id='word_1_700' title='bbox 1485 4623 1733 4692; x_wconf 88' lang='lat' dir='ltr'><strong>tempus,</strong></span> <span class='ocrx_word' id='word_1_701' title='bbox 1786 4640 1991 4679; x_wconf 88' lang='lat' dir='ltr'><strong>secun-</strong></span> <span class='ocrx_word' id='word_1_702' title='bbox 2104 4633 2322 4686; x_wconf 87' lang='lat' dir='ltr'><strong>tionem</strong></span> <span class='ocrx_word' id='word_1_703' title='bbox 2355 4639 2550 4688; x_wconf 90' lang='lat' dir='ltr'><strong>contra</strong></span> <span class='ocrx_word' id='word_1_704' title='bbox 2575 4640 2838 4690; x_wconf 90' lang='lat' dir='ltr'><strong>naturam</strong></span> <span class='ocrx_word' id='word_1_705' title='bbox 2863 4637 3094 4705; x_wconf 89' lang='lat' dir='ltr'><strong>faciens,</strong></span> <span class='ocrx_word' id='word_1_706' title='bbox 3119 4639 3357 4708; x_wconf 67' lang='lat' dir='ltr'><strong>praelato</strong></span> <span class='ocrx_word' id='word_1_707' title='bbox 3391 4646 3516 4693; x_wconf 88' lang='lat' dir='ltr'><strong>ante</strong></span> <span class='ocrx_word' id='word_1_708' title='bbox 3538 4633 3753 4692; x_wconf 80' lang='lat' dir='ltr'><strong>monachi</strong></span> 
     </span>
    </p>
   </div>
   <div class='ocr_carea' id='block_1_67' title="bbox 289 4695 3752 4797">
    <p class='ocr_par' dir='ltr' id='par_1_67' title="bbox 289 4695 3752 4797">
     <span class='ocr_line' id='line_1_69' title="bbox 289 4695 3752 4797; baseline 0.007 -49"><span class='ocrx_word' id='word_1_709' title='bbox 289 4695 422 4749; x_wconf 91' lang='lat' dir='ltr'><strong>dum</strong></span> <span class='ocrx_word' id='word_1_710' title='bbox 467 4697 726 4767; x_wconf 78' lang='lat' dir='ltr'><strong>praeﬁxos</strong></span> <span class='ocrx_word' id='word_1_711' title='bbox 755 4701 966 4769; x_wconf 87' lang='lat' dir='ltr'><strong>gradus</strong></span> <span class='ocrx_word' id='word_1_712' title='bbox 995 4705 1330 4774; x_wconf 67' lang='lat' dir='ltr'><strong>paenitentia</strong></span> <span class='ocrx_word' id='word_1_713' title='bbox 1353 4708 1650 4777; x_wconf 77' lang='lat' dir='ltr'><strong>largiatur.</strong></span> <span class='ocrx_word' id='word_1_714' title='bbox 2102 4725 2255 4789; x_wconf 77' lang='lat' dir='ltr'><strong>voto,</strong></span> <span class='ocrx_word' id='word_1_715' title='bbox 2290 4722 2695 4792; x_wconf 84' lang='lat' dir='ltr'><strong>degradentur,</strong></span> <span class='ocrx_word' id='word_1_716' title='bbox 2729 4729 2784 4778; x_wconf 92' lang='lat' dir='ltr'><strong>et</strong></span> <span class='ocrx_word' id='word_1_717' title='bbox 2821 4725 2862 4778; x_wconf 90' lang='lat' dir='ltr'><strong>V</strong></span> <span class='ocrx_word' id='word_1_718' title='bbox 2892 4695 3446 4797; x_wconf 46' lang='lat' dir='ltr'><strong>annos&#39;poeniteant,</strong></span> <span class='ocrx_word' id='word_1_719' title='bbox 3481 4731 3532 4780; x_wconf 88' lang='lat' dir='ltr'><strong>et</strong></span> <span class='ocrx_word' id='word_1_720' title='bbox 3570 4723 3752 4777; x_wconf 86' lang='lat' dir='ltr'><strong>veniam</strong></span> 
     </span>
    </p>
   </div>
   <div class='ocr_carea' id='block_1_68' title="bbox 717 4787 3752 4886">
    <p class='ocr_par' dir='ltr' id='par_1_68' title="bbox 717 4787 3752 4886">
     <span class='ocr_line' id='line_1_70' title="bbox 717 4787 3752 4886; baseline 0.008 -45"><span class='ocrx_word' id='word_1_721' title='bbox 717 4787 844 4842; x_wconf 81' lang='lat' dir='ltr'><strong>CAP.</strong></span> <span class='ocrx_word' id='word_1_722' title='bbox 893 4789 994 4886; x_wconf 62' lang='lat' dir='ltr'><strong>bV.</strong></span> <span class='ocrx_word' id='word_1_723' title='bbox 1040 4823 1108 4831; x_wconf 91' lang='lat'><strong><em>—</em></strong></span> <span class='ocrx_word' id='word_1_724' title='bbox 1145 4793 1223 4846; x_wconf 86' lang='lat' dir='ltr'><strong>De</strong></span> <span class='ocrx_word' id='word_1_725' title='bbox 1263 4796 1446 4850; x_wconf 85' lang='lat' dir='ltr'><strong>eadem</strong></span> <span class='ocrx_word' id='word_1_726' title='bbox 1473 4813 1562 4886; x_wconf 15' lang='lat' dir='ltr'><strong>ire.</strong></span> <span class='ocrx_word' id='word_1_727' title='bbox 2102 4787 2260 4863; x_wconf 88' lang='lat' dir='ltr'><strong>omni</strong></span> <span class='ocrx_word' id='word_1_728' title='bbox 2290 4787 2430 4864; x_wconf 73' lang='lat' dir='ltr'><strong>liora</strong></span> <span class='ocrx_word' id='word_1_729' title='bbox 2461 4787 2689 4882; x_wconf 80' lang='lat' dir='ltr'><strong>rogent,</strong></span> <span class='ocrx_word' id='word_1_730' title='bbox 2706 4817 2763 4867; x_wconf 90' lang='lat' dir='ltr'><strong>et</strong></span> <span class='ocrx_word' id='word_1_731' title='bbox 2822 4787 3347 4885; x_wconf 84' lang='lat' dir='ltr'><strong>superpositionem</strong></span> <span class='ocrx_word' id='word_1_732' title='bbox 3391 4787 3670 4886; x_wconf 79' lang='lat' dir='ltr'><strong>patiantur,</strong></span> <span class='ocrx_word' id='word_1_733' title='bbox 3707 4809 3752 4861; x_wconf 88' lang='lat' dir='ltr'><strong>in</strong></span> 
     </span>
    </p>
   </div>
   <div class='ocr_carea' id='block_1_69' title="bbox 357 4876 3752 4976">
    <p class='ocr_par' dir='ltr' id='par_1_69' title="bbox 357 4876 3752 4976">
     <span class='ocr_line' id='line_1_71' title="bbox 357 4876 3752 4976; baseline 0.008 -48"><span class='ocrx_word' id='word_1_734' title='bbox 357 4876 462 4940; x_wconf 75' lang='lat' dir='ltr'><strong>(Ea:</strong></span> <span class='ocrx_word' id='word_1_735' title='bbox 492 4877 710 4973; x_wconf 76' lang='lat' dir='ltr'><strong>concilio</strong></span> <span class='ocrx_word' id='word_1_736' title='bbox 765 4879 1039 4947; x_wconf 84' lang='lat' dir='ltr'><strong>Aurelia.,</strong></span> <span class='ocrx_word' id='word_1_737' title='bbox 1072 4885 1247 4950; x_wconf 83' lang='lat' dir='ltr'><strong>capite</strong></span> <span class='ocrx_word' id='word_1_738' title='bbox 1307 4885 1412 4954; x_wconf 81' lang='grc'><strong>10.)</strong></span> <span class='ocrx_word' id='word_1_739' title='bbox 1463 4885 1520 4941; x_wconf 92' lang='lat' dir='ltr'><strong>Si</strong></span> <span class='ocrx_word' id='word_1_740' title='bbox 1571 4887 1670 4959; x_wconf 92' lang='lat' dir='ltr'><strong>qui</strong></span> <span class='ocrx_word' id='word_1_741' title='bbox 1711 4889 1990 4948; x_wconf 86' lang='lat' dir='ltr'><strong>infantem</strong></span> <span class='ocrx_word' id='word_1_742' title='bbox 2101 4914 2446 4969; x_wconf 88' lang='lat' dir='ltr'><strong>unaquaque</strong></span> <span class='ocrx_word' id='word_1_743' title='bbox 2529 4876 2911 4969; x_wconf 60' lang='lat' dir='ltr'><strong>bebdomada;</strong></span> <span class='ocrx_word' id='word_1_744' title='bbox 2972 4876 3222 4974; x_wconf 67' lang='lat' dir='ltr'><strong>exceptis</strong></span> <span class='ocrx_word' id='word_1_745' title='bbox 3311 4876 3752 4976; x_wconf 74' lang='lat' dir='ltr'><strong>quinquagesimis</strong></span> 
     </span>
    </p>
   </div>
   <div class='ocr_carea' id='block_1_70' title="bbox 282 4964 3752 5063">
    <p class='ocr_par' dir='ltr' id='par_1_70' title="bbox 282 4964 3752 5063">
     <span class='ocr_line' id='line_1_72' title="bbox 282 4964 3752 5063; baseline 0.007 -49"><span class='ocrx_word' id='word_1_746' title='bbox 282 4964 692 5032; x_wconf 83' lang='lat' dir='ltr'><strong>Oppresserint,</strong></span> <span class='ocrx_word' id='word_1_747' title='bbox 730 4970 844 5020; x_wconf 88' lang='lat' dir='ltr'><strong>tres</strong></span> <span class='ocrx_word' id='word_1_748' title='bbox 875 4984 1055 5022; x_wconf 87' lang='lat' dir='ltr'><strong>annos</strong></span> <span class='ocrx_word' id='word_1_749' title='bbox 1085 4971 1405 5038; x_wconf 85' lang='lat' dir='ltr'><strong>poeniteant</strong></span> <span class='ocrx_word' id='word_1_750' title='bbox 1433 4991 1447 5029; x_wconf 87' lang='lat'>:</span> <span class='ocrx_word' id='word_1_751' title='bbox 1483 4991 1664 5032; x_wconf 91' lang='lat' dir='ltr'><strong>unum</strong></span> <span class='ocrx_word' id='word_1_752' title='bbox 1713 4995 1780 5032; x_wconf 85' lang='lat' dir='ltr'><strong>ex</strong></span> <span class='ocrx_word' id='word_1_753' title='bbox 1811 4979 1901 5032; x_wconf 86' lang='lat' dir='ltr'><strong>his</strong></span> <span class='ocrx_word' id='word_1_754' title='bbox 1926 4980 1987 5034; x_wconf 90' lang='lat' dir='ltr'><strong>in</strong></span> <span class='ocrx_word' id='word_1_755' title='bbox 2098 4964 2315 5040; x_wconf 77' lang='lat' dir='ltr'><strong>diebus.</strong></span> <span class='ocrx_word' id='word_1_756' title='bbox 2345 4989 2476 5040; x_wconf 89' lang='lat' dir='ltr'><strong>Post</strong></span> <span class='ocrx_word' id='word_1_757' title='bbox 2495 4990 3038 5060; x_wconf 88' lang='lat' dir='ltr'><strong>superpositionem,</strong></span> <span class='ocrx_word' id='word_1_758' title='bbox 3079 5009 3226 5063; x_wconf 90' lang='lat' dir='ltr'><strong>pane</strong></span> <span class='ocrx_word' id='word_1_759' title='bbox 3250 4993 3297 5046; x_wconf 89' lang='lat' dir='ltr'><strong>si</strong></span> <span class='ocrx_word' id='word_1_760' title='bbox 3321 4988 3606 5046; x_wconf 88' lang='lat' dir='ltr'><strong>emensura</strong></span> <span class='ocrx_word' id='word_1_761' title='bbox 3627 4994 3752 5041; x_wconf 65' lang='lat' dir='ltr'><strong>utan</strong></span> 
     </span>
    </p>
   </div>
   <div class='ocr_carea' id='block_1_71' title="bbox 282 5055 3750 5151">
    <p class='ocr_par' dir='ltr' id='par_1_71' title="bbox 282 5055 3750 5151">
     <span class='ocr_line' id='line_1_73' title="bbox 282 5055 3750 5151; baseline 0.008 -47"><span class='ocrx_word' id='word_1_762' title='bbox 282 5067 450 5120; x_wconf 91' lang='lat' dir='ltr'><strong>pane,</strong></span> <span class='ocrx_word' id='word_1_763' title='bbox 494 5058 548 5106; x_wconf 90' lang='lat' dir='ltr'><strong>et</strong></span> <span class='ocrx_word' id='word_1_764' title='bbox 595 5069 762 5124; x_wconf 90' lang='lat' dir='ltr'><strong>aqua.</strong></span> <span class='ocrx_word' id='word_1_765' title='bbox 809 5055 867 5110; x_wconf 93' lang='lat' dir='ltr'><strong>Si</strong></span> <span class='ocrx_word' id='word_1_766' title='bbox 913 5057 1154 5111; x_wconf 83' lang='lat' dir='ltr'><strong>clericus</strong></span> <span class='ocrx_word' id='word_1_767' title='bbox 1204 5059 1421 5131; x_wconf 87' lang='lat' dir='ltr'><strong>fecerit,</strong></span> <span class='ocrx_word' id='word_1_768' title='bbox 1477 5069 1727 5134; x_wconf 87' lang='lat' dir='ltr'><strong>quatuor</strong></span> <span class='ocrx_word' id='word_1_769' title='bbox 1777 5083 1984 5140; x_wconf 88' lang='lat' dir='ltr'><strong>annos,</strong></span> <span class='ocrx_word' id='word_1_770' title='bbox 2096 5078 2208 5140; x_wconf 90' lang='lat' dir='ltr'><strong>tur,</strong></span> <span class='ocrx_word' id='word_1_771' title='bbox 2242 5079 2298 5128; x_wconf 92' lang='lat' dir='ltr'><strong>et</strong></span> <span class='ocrx_word' id='word_1_772' title='bbox 2354 5055 2633 5131; x_wconf 79' lang='lat' dir='ltr'><strong>ferculum</strong></span> <span class='ocrx_word' id='word_1_773' title='bbox 2674 5055 3040 5149; x_wconf 78' lang='lat' dir='ltr'><strong>aliquatenus</strong></span> <span class='ocrx_word' id='word_1_774' title='bbox 3078 5055 3286 5151; x_wconf 81' lang='lat' dir='ltr'><strong>butyro</strong></span> <span class='ocrx_word' id='word_1_775' title='bbox 3330 5080 3677 5151; x_wconf 82' lang='lat' dir='ltr'><strong>impinguatO,</strong></span> <span class='ocrx_word' id='word_1_776' title='bbox 3706 5075 3750 5125; x_wconf 64' lang='grc' dir='ltr'><strong>εἴ</strong></span> 
     </span>
    </p>
   </div>
   <div class='ocr_carea' id='block_1_72' title="bbox 284 5142 3749 5235">
    <p class='ocr_par' dir='ltr' id='par_1_72' title="bbox 284 5142 3749 5235">
     <span class='ocr_line' id='line_1_74' title="bbox 284 5142 3749 5235; baseline 0.002 -31"><span class='ocrx_word' id='word_1_777' title='bbox 284 5155 462 5194; x_wconf 73' lang='lat' dir='ltr'><strong>unum</strong></span> <span class='ocrx_word' id='word_1_778' title='bbox 503 5157 567 5195; x_wconf 68' lang='grc' dir='ltr'><strong>εκ</strong></span> <span class='ocrx_word' id='word_1_779' title='bbox 599 5142 684 5194; x_wconf 66' lang='lat' dir='ltr'><strong>his</strong></span> <span class='ocrx_word' id='word_1_780' title='bbox 715 5142 775 5195; x_wconf 69' lang='lat' dir='ltr'><strong>in</strong></span> <span class='ocrx_word' id='word_1_781' title='bbox 810 5160 955 5213; x_wconf 73' lang='lat' dir='ltr'><strong>P809</strong></span> <span class='ocrx_word' id='word_1_782' title='bbox 981 5150 1038 5199; x_wconf 71' lang='grc' dir='ltr'><strong>θῑ</strong></span> <span class='ocrx_word' id='word_1_783' title='bbox 1069 5163 1236 5216; x_wconf 71' lang='lat' dir='ltr'><strong>aqua.</strong></span> <span class='ocrx_word' id='word_1_784' title='bbox 2095 5162 2185 5216; x_wconf 90' lang='lat' dir='ltr'><strong>die</strong></span> <span class='ocrx_word' id='word_1_785' title='bbox 2208 5163 2503 5218; x_wconf 89' lang='lat' dir='ltr'><strong>Dominico</strong></span> <span class='ocrx_word' id='word_1_786' title='bbox 2553 5166 2633 5220; x_wconf 90' lang='lat' dir='ltr'><strong>sic</strong></span> <span class='ocrx_word' id='word_1_787' title='bbox 2680 5166 2888 5221; x_wconf 89' lang='lat' dir='ltr'><strong>vivant.</strong></span> <span class='ocrx_word' id='word_1_788' title='bbox 2940 5168 3170 5223; x_wconf 63' lang='lat' dir='ltr'><strong>Ceteris</strong></span> <span class='ocrx_word' id='word_1_789' title='bbox 3214 5185 3349 5224; x_wconf 91' lang='lat' dir='ltr'><strong>vero</strong></span> <span class='ocrx_word' id='word_1_790' title='bbox 3389 5169 3575 5223; x_wconf 89' lang='lat' dir='ltr'><strong>diebus</strong></span> <span class='ocrx_word' id='word_1_791' title='bbox 3616 5159 3749 5235; x_wconf 82' lang='lat' dir='ltr'><strong>paxi-</strong></span> 
     </span>
    </p>
   </div>
   <div class='ocr_carea' id='block_1_73' title="bbox 563 5229 3745 5328">
    <p class='ocr_par' dir='ltr' id='par_1_73' title="bbox 563 5229 3745 5328">
     <span class='ocr_line' id='line_1_75' title="bbox 563 5229 3745 5328; baseline 0.007 -44"><span class='ocrx_word' id='word_1_792' title='bbox 563 5229 692 5284; x_wconf 67' lang='lat' dir='ltr'><strong>Cae.</strong></span> <span class='ocrx_word' id='word_1_793' title='bbox 732 5231 859 5287; x_wconf 84' lang='lat' dir='ltr'><strong>LVI.</strong></span> <span class='ocrx_word' id='word_1_794' title='bbox 900 5263 970 5272; x_wconf 93' lang='lat'><strong>—-</strong></span> <span class='ocrx_word' id='word_1_795' title='bbox 1004 5237 1074 5288; x_wconf 90' lang='lat' dir='ltr'><strong>De</strong></span> <span class='ocrx_word' id='word_1_796' title='bbox 1102 5237 1428 5294; x_wconf 75' lang='lat' dir='ltr'><strong>SoJomitico</strong></span> <span class='ocrx_word' id='word_1_797' title='bbox 1455 5247 1694 5309; x_wconf 85' lang='lat' dir='ltr'><strong>peccato.</strong></span> <span class='ocrx_word' id='word_1_798' title='bbox 2092 5250 2233 5304; x_wconf 89' lang='lat' dir='ltr'><strong>mati</strong></span> <span class='ocrx_word' id='word_1_799' title='bbox 2293 5253 2457 5321; x_wconf 89' lang='lat' dir='ltr'><strong>panis</strong></span> <span class='ocrx_word' id='word_1_800' title='bbox 2510 5268 2802 5324; x_wconf 85' lang='lat' dir='ltr'><strong>mensura,</strong></span> <span class='ocrx_word' id='word_1_801' title='bbox 2850 5259 2907 5309; x_wconf 87' lang='lat' dir='ltr'><strong>et</strong></span> <span class='ocrx_word' id='word_1_802' title='bbox 2951 5272 3127 5326; x_wconf 89' lang='lat' dir='ltr'><strong>parvo</strong></span> <span class='ocrx_word' id='word_1_803' title='bbox 3183 5257 3532 5328; x_wconf 86' lang='lat' dir='ltr'><strong>impinguata</strong></span> <span class='ocrx_word' id='word_1_804' title='bbox 3578 5229 3745 5320; x_wconf 64' lang='lat' dir='ltr'><strong>butyro</strong></span> 
     </span>
    </p>
   </div>
   <div class='ocr_carea' id='block_1_74' title="bbox 349 5316 3744 5412">
    <p class='ocr_par' dir='ltr' id='par_1_74' title="bbox 349 5316 3744 5412">
     <span class='ocr_line' id='line_1_76' title="bbox 349 5316 3744 5412; baseline 0.007 -42"><span class='ocrx_word' id='word_1_805' title='bbox 349 5316 459 5382; x_wconf 72' lang='lat' dir='ltr'><strong>(Er</strong></span> <span class='ocrx_word' id='word_1_806' title='bbox 516 5318 880 5374; x_wconf 71' lang='lat' dir='ltr'><strong>Pwnitenliali</strong></span> <span class='ocrx_word' id='word_1_807' title='bbox 933 5323 1219 5394; x_wconf 85' lang='lat' dir='ltr'><strong>Romano.)</strong></span> <span class='ocrx_word' id='word_1_808' title='bbox 1280 5326 1596 5398; x_wconf 89' lang='lat' dir='ltr'><strong>Episcopus</strong></span> <span class='ocrx_word' id='word_1_809' title='bbox 1651 5330 1981 5390; x_wconf 86' lang='lat' dir='ltr'><strong>fornicatio-</strong></span> <span class='ocrx_word' id='word_1_810' title='bbox 2101 5316 2306 5405; x_wconf 39' lang='lat' dir='ltr'><strong>olera;</strong></span> <span class='ocrx_word' id='word_1_811' title='bbox 2339 5343 2396 5393; x_wconf 89' lang='lat' dir='ltr'><strong>et</strong></span> <span class='ocrx_word' id='word_1_812' title='bbox 2450 5341 2570 5393; x_wconf 84' lang='lat' dir='ltr'><strong>ovis</strong></span> <span class='ocrx_word' id='word_1_813' title='bbox 2618 5316 2835 5412; x_wconf 78' lang='lat' dir='ltr'><strong>paucis,</strong></span> <span class='ocrx_word' id='word_1_814' title='bbox 2907 5316 2969 5397; x_wconf 76' lang='lat' dir='ltr'><strong>et</strong></span> <span class='ocrx_word' id='word_1_815' title='bbox 3008 5316 3306 5400; x_wconf 68' lang='lat' dir='ltr'><strong>formatico</strong></span> <span class='ocrx_word' id='word_1_816' title='bbox 3345 5316 3744 5405; x_wconf 28' lang='lat' dir='ltr'><strong>reﬁciantur,vet</strong></span> 
     </span>
    </p>
   </div>
   <div class='ocr_carea' id='block_1_75' title="bbox 279 5404 3738 5504">
    <p class='ocr_par' dir='ltr' id='par_1_75' title="bbox 279 5404 3738 5504">
     <span class='ocr_line' id='line_1_77' title="bbox 279 5404 3738 5504; baseline 0.007 -50"><span class='ocrx_word' id='word_1_817' title='bbox 279 5419 409 5456; x_wconf 90' lang='lat' dir='ltr'><strong>nem</strong></span> <span class='ocrx_word' id='word_1_818' title='bbox 455 5404 665 5459; x_wconf 85' lang='lat' dir='ltr'><strong>faciens</strong></span> <span class='ocrx_word' id='word_1_819' title='bbox 696 5409 1016 5464; x_wconf 90' lang='lat' dir='ltr'><strong>naturalem</strong></span> <span class='ocrx_word' id='word_1_820' title='bbox 1045 5413 1128 5466; x_wconf 84' lang='lat' dir='ltr'><strong>Xll</strong></span> <span class='ocrx_word' id='word_1_821' title='bbox 1161 5430 1344 5468; x_wconf 91' lang='lat' dir='ltr'><strong>annos</strong></span> <span class='ocrx_word' id='word_1_822' title='bbox 1398 5419 1693 5489; x_wconf 62' lang='lat' dir='ltr'><strong>paeniteat,</strong></span> <span class='ocrx_word' id='word_1_823' title='bbox 1735 5423 1980 5494; x_wconf 85' lang='lat' dir='ltr'><strong>presby-</strong></span> <span class='ocrx_word' id='word_1_824' title='bbox 2089 5404 2272 5496; x_wconf 61' lang='lat' dir='ltr'><strong>aquai</strong></span> <span class='ocrx_word' id='word_1_825' title='bbox 2305 5430 2528 5482; x_wconf 88' lang='lat' dir='ltr'><strong>tantum</strong></span> <span class='ocrx_word' id='word_1_826' title='bbox 2582 5404 2863 5500; x_wconf 74' lang='lat' dir='ltr'><strong>quantum</strong></span> <span class='ocrx_word' id='word_1_827' title='bbox 2920 5431 3166 5487; x_wconf 76' lang='lat' dir='ltr'><strong>suﬁiciat</strong></span> <span class='ocrx_word' id='word_1_828' title='bbox 3227 5434 3273 5489; x_wconf 92' lang='lat' dir='ltr'><strong>si</strong></span> <span class='ocrx_word' id='word_1_829' title='bbox 3332 5431 3606 5504; x_wconf 86' lang='lat' dir='ltr'><strong>operarius</strong></span> <span class='ocrx_word' id='word_1_830' title='bbox 3654 5404 3738 5478; x_wconf 84' lang='lat' dir='ltr'><strong>est.</strong></span> 
     </span>
    </p>
   </div>
   <div class='ocr_carea' id='block_1_76' title="bbox 276 5492 3738 5583">
    <p class='ocr_par' dir='ltr' id='par_1_76' title="bbox 276 5492 3738 5583">
     <span class='ocr_line' id='line_1_78' title="bbox 276 5492 3738 5583; baseline 0.009 -39"><span class='ocrx_word' id='word_1_831' title='bbox 276 5499 362 5546; x_wconf 76' lang='lat' dir='ltr'><strong>ter</strong></span> <span class='ocrx_word' id='word_1_832' title='bbox 388 5492 449 5560; x_wconf 86' lang='grc' dir='ltr'><strong>Χ,</strong></span> <span class='ocrx_word' id='word_1_833' title='bbox 505 5493 775 5549; x_wconf 86' lang='lat' dir='ltr'><strong>diaconus</strong></span> <span class='ocrx_word' id='word_1_834' title='bbox 821 5498 909 5566; x_wconf 82' lang='lat' dir='ltr'><strong>lX,</strong></span> <span class='ocrx_word' id='word_1_835' title='bbox 953 5499 1332 5556; x_wconf 88' lang='lat' dir='ltr'><strong>subdiaconus</strong></span> <span class='ocrx_word' id='word_1_836' title='bbox 1387 5507 1537 5569; x_wconf 89' lang='lat' dir='ltr'><strong>octo,</strong></span> <span class='ocrx_word' id='word_1_837' title='bbox 1591 5507 1832 5563; x_wconf 88' lang='lat' dir='ltr'><strong>clericus</strong></span> <span class='ocrx_word' id='word_1_838' title='bbox 1887 5492 1974 5564; x_wconf 77' lang='lat' dir='ltr'><strong>se-</strong></span> <span class='ocrx_word' id='word_1_839' title='bbox 2089 5492 2286 5569; x_wconf 75' lang='lat' dir='ltr'><strong>Lectus</strong></span> <span class='ocrx_word' id='word_1_840' title='bbox 2348 5515 2501 5570; x_wconf 88' lang='lat' dir='ltr'><strong>enim</strong></span> <span class='ocrx_word' id='word_1_841' title='bbox 2557 5492 2671 5572; x_wconf 73' lang='lat' dir='ltr'><strong>non</strong></span> <span class='ocrx_word' id='word_1_842' title='bbox 2733 5519 2980 5574; x_wconf 90' lang='lat' dir='ltr'><strong>multum</strong></span> <span class='ocrx_word' id='word_1_843' title='bbox 3036 5520 3252 5578; x_wconf 82' lang='lat' dir='ltr'><strong>foenum</strong></span> <span class='ocrx_word' id='word_1_844' title='bbox 3309 5492 3522 5583; x_wconf 71' lang='lat' dir='ltr'><strong>habeat,</strong></span> <span class='ocrx_word' id='word_1_845' title='bbox 3563 5520 3609 5570; x_wconf 80' lang='lat' dir='ltr'><strong>et</strong></span> <span class='ocrx_word' id='word_1_846' title='bbox 3655 5525 3738 5582; x_wconf 69' lang='lat' dir='ltr'><strong>per</strong></span> 
     </span>
    </p>
   </div>
  </div>
