4010 6192
135 231 244 283 933

948 205 1419 281 occasionum
1466 230 1654 287 LIBRI
1690 232 1799 287 xx.
1834 258 1852 265 -

2057 226 2158 281 ER
2199 229 2508 291 DECIMUS
2545 236 2873 294 OCTAVUS.

3568 248 3673 301 934

136 355 259 404 tres
291 349 760 420 quadragesimas
792 349 927 404 anni
979 350 1148 404 addat
1180 348 1435 419 aliquid,
1477 359 1648 422 prout
1676 354 1859 407 virtus
1890 352 1934 404 A
1974 366 2140 403 suum
2173 360 2546 426 oppresserit,
2581 364 2679 413 aut
2704 362 3173 417 vestimentorum
3215 366 3465 433 pondere
3496 368 3670 422 suffo-

138 441 269 508 ejus
302 438 621 507 admiserit,
674 456 901 511 semper
942 454 1004 491 ex
1062 439 1268 492 intimo
1314 439 1484 494 corde
1546 448 1608 496 ut
1650 443 1861 497 defleat

138 530 371 598 culpam
408 545 593 582 suam.
633 528 1030 583 Obedientiam
1082 543 1211 598 quas
1262 528 1458 581 omnia
1492 531 1855 599 prmeminet,

142 616 525 669 libentissime
557 617 812 687 accipiat.
848 618 983 670 Post
1023 631 1239 668 annum
1290 621 1345 668 et
1392 616 1697 673 dimidium
1750 620 1859 671 Eu-

141 703 478 758 charistiam
536 711 740 768 sumat,
796 712 851 759 et
903 704 975 757 ad
1033 720 1233 774 pacem
1309 705 1542 760 veniat:
1605 709 1860 761 Psalmos

144 810 282 847 cum
314 793 588 847 fratribus
635 798 843 856 cantet,
897 808 966 845 ne
1015 793 1239 861 penitus
1277 794 1471 846 anima
1521 800 1679 848 tanto
1721 802 1864 849 tem-

143 899 287 951 pore
317 882 563 935 caelestis
595 882 895 935 medicinae
937 881 1137 951 jejuna
1191 881 1456 935 intereat.
1510 883 1567 937 Si
1600 881 1863 937 inferiori

148 971 334 1041 gradu
382 972 543 1039 prius
576 972 707 1040 quis
740 970 1051 1023 monachus
1084 971 1289 1034 fuerat,
1335 976 1449 1023 tres
1476 973 1712 1041 quidem
1758 988 1861 1025 an—

151 1077 259 1113 nos
290 1059 589 1129 poeniteat,
640 1061 733 1111 sed
786 1074 1054 1111 mensura
1098 1074 1213 1111 non
1261 1064 1529 1128 gravetur
1567 1061 1749 1130 panis.
1807 1057 1864 1111 Si

152 1147 455 1218 operarius
486 1152 593 1215 est,
628 1146 869 1200 sextario
901 1147 968 1200 de
1003 1148 1140 1200 lacte
1200 1147 1481 1214 Romano,
1536 1153 1593 1201 et
1633 1148 1745 1201 alio
1795 1147 1864 1201 de

149 1240 403 1304 tenucla,
460 1241 516 1288 et
569 1251 717 1305 aqua
764 1242 1045 1305 quantum
1078 1234 1292 1288 sufﬁcit
1342 1252 1447 1304 pro
1493 1236 1616 1289 sitis
1660 1237 1865 1289 ardore

153 1331 368 1379 sumat.
431 1323 487 1377 Si
541 1339 677 1377 vero
731 1325 851 1376 sine
909 1330 1037 1376 voto
1092 1324 1361 1376 monachi
1422 1325 1719 1394 presbyter
1769 1328 1867 1377 aut

151 1413 433 1465 diaconus
462 1411 543 1464 sic
593 1411 928 1482 peccaverit,
980 1411 1126 1465 sicut
1158 1413 1475 1465 monachus
1503 1412 1624 1465 sine
1681 1412 1862 1482 gradu

150 1502 453 1571 paeniteat,
487 1505 543 1553 et
593 1505 789 1571 postea
840 1500 1079 1570 recipiat
1127 1501 1339 1570 gradus
1388 1518 1537 1554 suos.
1583 1500 1639 1555 Si
1674 1506 1862 1554 autem

152 1590 455 1660 presbyter
489 1594 590 1641 aut
634 1589 902 1641 diaconus
933 1595 1059 1658 post
1107 1591 1217 1642 tale
1269 1594 1565 1658 peccatum
1620 1590 1866 1642 voluerit

155 1677 477 1730 monachus
532 1677 678 1743 fieri,
735 1676 1037 1729 indiscreto
1083 1677 1375 1746 proposito
1434 1676 1591 1729 exilii
1653 1693 1867 1729 annum

155 1773 212 1819 et
270 1765 582 1820 dimidium
640 1765 930 1833 poeniteat,
997 1765 1203 1818 habeat
1259 1771 1455 1818 tamen
1511 1764 1685 1817 abbas
1739 1780 1870 1817 cum

155 1855 401 1908 consilio
443 1854 700 1925 episc0pi
748 1853 835 1906 sui
881 1853 1052 1923 hujus
1106 1853 1188 1907 rei
1243 1853 1588 1907 moderandi
1633 1854 1873 1906 faculta-

154 1951 299 2010 tem,
362 1943 408 1996 si
467 1942 794 1997 obedientia
860 1941 1186 2011 pcenitentis
1257 1941 1465 2011 placita
1520 1940 1596 1994 sit
1650 1942 1765 1994 Deo
1817 1945 1874 1993 et

156 2032 435 2086 fratribus
468 2032 678 2101 quibus
706 2030 1073 2084 commissum
1107 2034 1211 2083 est.

308 2122 438 2174 CAP.
465 2120 622 2173 LVII.
652 2147 717 2159 -—-
750 2122 818 2173 De
837 2121 946 2172 illis
969 2121 1065 2187 qui
1090 2124 1397 2187 conceptum
1419 2120 1724 2171 excutiunt.

234 2209 347 2279 (Ea:
385 2210 607 2263 concilio
644 2209 910 2273 Worma.,
954 2211 1129 2276 capite
1190 2206 1300 2276 30.)
1333 2205 1389 2260 Si
1438 2205 1647 2275 aliquis
1697 2222 1871 2258 causa

157 2298 457 2367 explendae
488 2296 760 2362 libidinis,
795 2296 878 2350 vel
912 2296 1029 2348 odii
1063 2294 1458 2357 meditatione,
1510 2298 1576 2346 ut
1640 2310 1755 2347 non
1807 2310 1871 2346 ex

159 2404 231 2440 eo
291 2386 521 2440 soboles
573 2390 854 2449 nascatur,
900 2383 1141 2449 homini,
1195 2388 1293 2436 aut
1351 2381 1580 2435 mulieri
1644 2382 1866 2452 aliquid

164 2475 389 2541 fecerit,
420 2476 503 2527 vel
536 2474 607 2527 ad
640 2473 954 2543 potandum
986 2471 1223 2535 dederit,
1250 2476 1311 2523 ut
1342 2487 1457 2523 non
1485 2469 1662 2540 possit
1694 2486 1871 2540 gene-

164 2582 320 2630 rare,
356 2568 452 2615 aut
483 2562 804 2631 concipere,
829 2569 891 2613 ut
921 2560 1209 2614 homicida
1230 2565 1513 2613 teneatur.

166 2654 300 2707 CAP.
343 2652 527 2705 LVIII.
559 2682 630 2690 —
662 2651 743 2702 De
780 2651 892 2704 illis
925 2651 1022 2719 qui
1048 2651 1286 2713 infantes
1319 2661 1441 2701 suos
1480 2648 1869 2714 oppresserint.

241 2742 358 2809 (Ea:
385 2741 609 2794 concilio
640 2739 943 2806 Mogunti.,
975 2738 1151 2805 capite
1197 2736 1273 2806 6.)
1307 2735 1367 2788 Si
1418 2734 1547 2805 quis
1591 2733 1868 2787 infantem

1969 439 2199 502 caverit,
2232 448 2289 495 et
2319 445 2423 498 hoc
2452 452 2579 517 post
2609 450 2962 518 baptismum
2994 452 3204 504 factum
3226 453 3413 517 fuerit,
3447 456 3529 508 XL
3551 456 3671 509 dies

1967 529 2243 597 poeniteat
2279 532 2337 586 in
2376 551 2523 605 paue
2578 543 2634 590 et
2680 554 2852 607 aqua,
2916 544 2971 592 et
3017 556 3047 592 a
3075 540 3320 609 conjuge
3351 558 3408 593 se
3439 542 3671 596 interim

1970 616 2272 673 abstineat.
2309 624 2508 677 Postea
2543 628 2653 677 tres
2684 642 2867 680 annos
2913 628 3189 697 paeniteat
3235 646 3336 700 per
3386 631 3673 699 legitimas

1968 705 2157 773 ferias,
2192 714 2250 761 et
2275 715 2390 765 tres
2420 713 2477 765 in
2510 730 2659 767 anno
2692 716 3160 785 quadragesimas
3191 718 3479 772 observet.
3510 718 3671 782 Quod

1971 796 2018 849 si
2048 803 2179 849 ante
2220 797 2573 869 baptismum
2605 802 2788 856 infans
2813 819 3122 873 oppressus
3152 805 3341 869 fuerit,
3379 806 3673 875 proximos

1971 886 2353 957 quadraginta
2411 891 2530 944 dies
2580 897 2641 945 ut
2692 909 2864 962 supra
2914 895 3211 964 paeniteat.
3275 898 3478 950 Postea
3537 911 3671 949 vero

1975 974 2437 1046 quinquennium
2470 982 2710 1049 expleat.

1973 1101 2101 1156 CAP.
2155 1101 2283 1155 LIX.
2334 1132 2399 1141 —-
2430 1106 2502 1156 De
2546 1110 2710 1172 patre
2752 1109 2803 1157 et
2830 1111 3003 1158 matre
3047 1110 3144 1173 qui
3182 1106 3321 1175 ﬁlios
3369 1123 3489 1163 suos
3519 1107 3669 1176 apud

2481 1190 2535 1227 se
2565 1180 2799 1228 mortuos
2830 1179 3152 1231 invenerint.

2047 1278 2165 1343 (Ea:
2223 1280 2445 1333 concilio
2496 1282 2813 1348 parisiensi,
2873 1284 3050 1349 capite
3101 1284 3176 1350 5.)
3222 1283 3300 1337 De
3354 1283 3673 1336 infantibus

1976 1371 2168 1420 autem
2202 1368 2299 1437 qui
2326 1369 2537 1421 mortui
2588 1368 2959 1421 inveniuntur
2986 1385 3112 1423 cum
3147 1377 3307 1440 patre
3358 1377 3413 1425 et
3464 1376 3667 1434 matre,

1978 1460 2034 1508 et
2066 1470 2178 1507 non
2211 1460 2448 1524 apparet
2474 1461 2670 1508 utrum
2720 1471 2752 1508 a
2778 1461 2937 1525 patre
2993 1463 3088 1509 aut
3123 1463 3302 1512 matre
3354 1458 3571 1511 occisus
3602 1456 3677 1509 sit

1978 1545 2098 1613 ipse
2126 1543 2313 1596 infans
2363 1544 2452 1597 vel
2500 1543 2821 1609 suffocatus,
2872 1562 2940 1597 an
2996 1547 3223 1615 propria
3258 1552 3439 1599 morte
3471 1546 3678 1598 defun-

1981 1637 2102 1685 ctus
2134 1648 2148 1684 :
2182 1647 2295 1684 non
2323 1631 2534 1685 debent
2574 1631 2703 1684 inde
2731 1632 2914 1685 securi
2958 1650 3103 1698 esse,
3154 1650 3256 1687 nec
3310 1634 3431 1686 sine
3485 1634 3678 1702 paeni-

1979 1720 2156 1773 tentia
2186 1720 2294 1790 ipsi
2341 1725 2627 1790 parentes,
2669 1721 2765 1773 sed
2828 1726 3021 1773 tamen
3067 1722 3124 1774 in
3171 1722 3251 1775 eis
3294 1722 3679 1775 consideratio

1981 1808 2149 1861 debet
2177 1824 2297 1861 esse
2348 1808 2597 1877 pietatis,
2654 1808 2749 1861 ubi
2798 1825 2913 1862 non
2967 1811 3245 1874 voluntas,
3296 1811 3393 1863 sed
3443 1816 3682 1863 eventus

1983 1896 2184 1948 mortis
2210 1912 2377 1949 eausa
2406 1896 2529 1948 fuit.
2559 1896 2615 1949 Si
2643 1901 2830 1949 autem
2864 1913 2957 1949 eos
3000 1914 3112 1951 non
3162 1898 3301 1950 latet
3350 1897 3505 1966 ipsos
3545 1895 3683 1966 ejus

1983 1999 2100 2037 esse
2158 1984 2567 2051 interfectores,
2648 1986 2789 2038 scire
2862 1986 3071 2040 debent
3120 1987 3369 2055 graviter
3418 2004 3475 2040 se
3534 1988 3679 2041 deli-

1984 2072 2195 2141 quisse,
2258 2074 2407 2143 quod
2468 2072 2527 2125 in
2609 2076 2888 2126 Ancirano
2946 2076 3185 2128 concilio
3244 2075 3681 2144 comprobatur.

1982 2160 2223 2223 Quidam
2260 2168 2451 2214 autem
2482 2160 2655 2213 trium
2689 2177 2973 2215 annorum
3026 2164 3425 2233 paenitentiam
3470 2166 3680 2216 horum

1976 2251 2239 2319 judicant
2275 2267 2394 2303 esse
2435 2250 2688 2303 debere:
2742 2266 2987 2319 quorum
3031 2267 3208 2304 unum
3252 2268 3316 2304 ex
3358 2252 3446 2304 his
3487 2252 3685 2322 exigat

1984 2339 2044 2391 in
2075 2354 2220 2408 pane
2253 2343 2307 2391 et
2340 2354 2488 2407 aqua
2531 2340 2701 2407 atque
2749 2354 2806 2390 se
2859 2338 2928 2391 ab
2960 2339 3120 2392 omni
3164 2339 3391 2392 luxuria
3417 2345 3681 2409 tempore

1983 2427 2336 2497 poenitentiae
2360 2442 2475 2479 suae
2509 2425 2803 2478 custodiat.

2056 2536 2182 2588 CAP.
2223 2535 2322 2587 LX.
2356 2562 2423 2573 —
2458 2535 2530 2586 De
2562 2533 2672 2585 illis
2702 2534 2921 2597 feminis
2944 2548 3061 2600 quae
3089 2533 3335 2585 abortum
3357 2533 3611 2598 fecerint.

2055 2642 2161 2707 (Er
2193 2640 2557 2693 Puenitentiali
2586 2638 2867 2708 Romano.)
2900 2638 2955 2692 Si
3000 2654 3112 2708 qua
3169 2638 3378 2691 mulier
3416 2639 3685 2694 abortum

1981 2728 2183 2783 fecerit
2209 2727 2552 2791 voluntarie,
2595 2727 2774 2780 tribus
2804 2726 2967 2779 annis
2998 2726 3290 2796 pmniteat.

1436 2845 1610 2885 FINIS
1654 2845 1833 2884 LIBRI
1886 2841 2109 2883 DECIMI
2155 2839 2445 2879 SEPTIMI.

1514 3110 2357 3217 BURCHARDI

1122 3309 1531 3365 ECCLESIAS
1570 3303 2198 3363 WOBMACIENSIS
2239 3302 2609 3359 EPISCOPI

410 3483 1407 3614 DECRETOBUM
1511 3482 1948 3610 LIBER
2049 3476 2684 3609 DECIMUS
2792 3476 3444 3608 OCTAVUS

1301 3714 1402 3778 DE
1450 3712 1975 3779 VISITATIONE
2025 3711 2564 3776 INFIRMORUM.

666 3987 1155 4042 ARGUMENTUM
1194 3986 1405 4041 LIBRI.

257 4079 425 4134 Liber
471 4079 564 4132 hic
613 4078 872 4131 infirmos
918 4095 948 4130 a
995 4076 1343 4147 presbyteris
1396 4073 1709 4128 visitandos
1737 4089 1878 4137 esse,

177 4174 237 4222 et
269 4183 402 4237 quae
432 4167 500 4220 ad
529 4167 675 4220 hanc
704 4164 1089 4219 visitationem
1120 4164 1508 4234 requirantur,
1543 4162 1762 4216 edocet.

253 4257 398 4310 Cum
458 4255 723 4307 sacerdos
776 4252 1024 4307 audierit
1076 4253 1324 4321 aliquem
1352 4251 1629 4304 infirmari
1664 4250 1721 4303 in
1782 4266 1883 4303 sua

176 4345 370 4415 plebe,
404 4344 513 4396 cito
542 4342 610 4396 ad
661 4358 790 4394 eum
840 4344 1059 4412 pergat,
1116 4346 1172 4394 et
1218 4340 1508 4410 ingressus
1556 4339 1881 4393 cubiculum

172 4448 394 4503 aquam
423 4431 785 4485 benedictam
816 4446 989 4500 super
1018 4446 1170 4495 eum,
1229 4434 1285 4482 et
1312 4445 1415 4498 per
1442 4444 1610 4481 omne
1647 4427 1881 4480 cubicu-

173 4525 303 4575 lum
326 4524 611 4590 aspergat,
645 4534 777 4571 cum
802 4518 1447 4588 antiphona:Asperges
1471 4532 1582 4581 me,
1611 4514 1879 4580 Domine;

166 4616 230 4664 et
256 4625 427 4661 versu
460 4624 472 4661 :
508 4609 776 4677 Exnrgat,
813 4607 979 4671 Deus,
1013 4612 1067 4658 et
1099 4606 1446 4675 dissipentur
1496 4602 1734 4668 inimici,
1773 4607 1877 4655 etc.

166 4697 395 4754 Deinde
426 4696 578 4751 dicat
608 4695 926 4748 orationem
961 4711 973 4747 :
1006 4696 1151 4747 Deus
1184 4695 1283 4764 qui
1333 4692 1724 4747 sacerdotibus
1769 4690 1881 4744 tuis

165 4790 396 4841 tantam
428 4786 693 4855 gratiam.
732 4783 944 4836 Deinde
976 4788 1166 4836 cantet
1214 4788 1432 4852 septem
1467 4782 1722 4835 Psalmos
1750 4796 1881 4832 cum

165 4872 443 4946 precibus
474 4888 577 4943 pro
610 4871 877 4925 inﬁrmis.
938 4870 1151 4925 Deinde
1188 4870 1463 4924 Litaniam
1494 4874 1701 4923 cantet.
1749 4870 1883 4921 Post

164 4966 303 5019 haec
388 4978 589 5015 omnes
639 4961 839 5031 jubeat
912 4965 1068 5014 extra
1106 4960 1433 5013 cubiculum
1501 4958 1783 5011 secedere.
1818 4956 1883 5009 Et

166 5051 653 5121 appropinquans
713 5049 859 5102 lecto
909 5065 1023 5118 quo
1071 5047 1333 5101 inﬁrmus
1387 5045 1699 5110 decumbit,
1750 5059 1879 5096 eum

165 5139 390 5194 blande
426 5138 744 5208 leniterque
776 5139 1125 5207 alloquatur,
1158 5141 1218 5189 ut
1247 5152 1478 5189 omnem
1523 5150 1684 5203 spem
1717 5148 1879 5185 suam

166 5229 233 5281 in
274 5228 387 5279 Deo
422 5233 614 5296 ponat,
644 5232 704 5278 ut
732 5226 1024 5295 flagellum
1043 5225 1140 5277 Dei
1166 5225 1449 5294 patienter
1474 5223 1699 5289 toleret,
1732 5224 1782 5274 et
1819 5224 1880 5273 ut

164 5317 305 5371 haec
331 5315 397 5367 ad
422 5315 821 5384 purgationem
852 5319 907 5367 et
931 5313 1367 5382 castigationem
1390 5328 1547 5365 suam
1574 5309 1878 5380 provenire

164 5402 395 5469 credat,
430 5409 493 5457 ut
526 5409 756 5473 peccata
785 5420 884 5457 sua
912 5401 1273 5463 confiteatur,
1320 5405 1383 5454 ut
1421 5397 1881 5453 emendationem

167 5491 502 5565 promittat,
533 5491 577 5543 si
611 5489 884 5544 Dominus
902 5491 1077 5545 vitam
1094 5486 1456 5554 cencesserit,
1481 5484 1879 5557 paenitentiam

1920 3984 1959 4039 C
1990 3998 2095 4052 pro
2120 3981 2302 4052 culpis
2333 3980 2647 4036 commissis
2679 3980 2975 4050 spondeat,
3021 3984 3084 4033 ut
3118 3981 3495 4036 substantiam
3526 4000 3690 4038 suam

1993 4073 2132 4125 dum
2172 4072 2358 4125 adhuc
2398 4086 2596 4123 sensus
2646 4075 2703 4122 et
2747 4070 2893 4122 ratio
2943 4068 3113 4138 viget,
3147 4070 3431 4140 disponat,
3466 4077 3528 4125 ut
3559 4087 3687 4141 pec-

1993 4166 2115 4214 cata
2148 4177 2250 4213 sua
2279 4161 2657 4229 eleemosynis
2704 4159 2964 4225 redimat,
3011 4162 3073 4210 ut
3103 4158 3190 4210 his
3220 4160 3319 4229 qui
3363 4159 3422 4212 in
3462 4176 3520 4213 se
3555 4175 3685 4229 pec-

1993 4254 2266 4303 caverunt
2314 4248 2628 4319 indulgeat,
2683 4253 2746 4301 ut
2788 4254 2998 4300 rectam
3056 4244 3253 4314 ﬁdem,
3296 4252 3351 4301 et
3379 4247 3686 4301 credulita-

1992 4344 2107 4392 tem
2142 4342 2348 4402 teneat,
2385 4342 2440 4390 et
2468 4337 2639 4390 ﬁdem
2671 4353 2738 4390 ex
2761 4336 2983 4407 integro
3008 4352 3123 4388 non
3154 4336 3425 4407 sapuerit,
3460 4338 3691 4407 presby-

1992 4430 2079 4479 ter
2120 4442 2254 4479 eum
2293 4426 2494 4479 docere
2535 4425 2749 4479 debet:
2803 4431 2861 4479 et
2920 4429 2985 4478 ut
3029 4424 3097 4478 de
3141 4425 3239 4478 Dei
3298 4424 3689 4478 misericordia

1992 4530 2288 4583 nunquam
2316 4514 2598 4583 desperet,
2632 4514 2851 4567 doceat.
2881 4515 3021 4568 Cum
3076 4513 3165 4566 his
3207 4518 3262 4567 et
3293 4513 3689 4583 hujuscemodi

1991 4602 2432 4657 allocutionibus
2489 4602 2661 4655 fuerit
2735 4617 2899 4655 mens
2956 4601 3172 4654 infirmi
3224 4603 3496 4669 revelata,
3555 4602 3688 4657 data

1990 4691 2408 4759 benedictione,
2474 4691 2792 4761 interroget
2835 4706 2966 4743 eum
3013 4688 3081 4742 de
3136 4688 3375 4761 singulis
3427 4707 3531 4759 per
3588 4707 3686 4744 or-

1992 4778 2206 4833 dinem.

2064 4866 2290 4932 Quando
2340 4866 2625 4935 presbyter
2672 4864 2887 4919 domum
2936 4867 3114 4918 intrat
3174 4865 3231 4916 in
3284 4878 3392 4931 qua
3439 4866 3688 4932 inﬁrmus

2507 4955 2675 5023 jacet,
2696 4955 2942 5022 primum
2958 4952 3105 5007 dicat
3140 4968 3152 5005 :

1995 5045 2108 5097 Pax
2131 5043 2264 5096 huic
2288 5042 2505 5097 domui.

1994 5132 2056 5185 Et
2086 5131 2353 5184 omnibus
2383 5130 2774 5183 habitantibus
2806 5130 2865 5184 in
2899 5146 2984 5184 ea.

1992 5222 2182 5275 Postea
2213 5218 2547 5273 benedicctur
2574 5218 2658 5273 sal
2687 5223 2736 5271 et
2786 5236 2952 5285 aqua,
3004 5224 3053 5271 et
3081 5223 3405 5287 aspergatur
3442 5219 3501 5272 in
3533 5218 3686 5275 domo

2608 5322 2726 5360 cum
2755 5308 3075 5373 antiphona.

2065 5394 2320 5456 Benedic,
2346 5394 2610 5461 Domine,
2639 5395 2877 5447 domum
2902 5394 3094 5463 istam,
3124 5399 3180 5447 et
3200 5410 3399 5448 omnes
3425 5395 3687 5450 habitan-

1992 5486 2073 5538 fes
2104 5484 2161 5538 in
2192 5500 2276 5550 ea,
2312 5482 2443 5554 quia
2480 5489 2561 5546 tu,
2597 5482 2854 5550 Domine,
2883 5482 3068 5536 dixisti
3107 5499 3118 5535 :
3163 5484 3270 5535 Pax
3301 5484 3434 5537 huic
3465 5484 3683 5548 domui,
