4010 6192
300 260 404 315 935

1363 256 1766 314 BURCHARDI
1805 253 2340 314 WOBMACIENSIS
2379 254 2716 312 EPISCOPI.

3700 258 3808 313 936

297 379 559 446 benedic,
593 377 853 444 Domine,
874 376 1144 432 timentes
1166 379 1224 431 te
1241 377 1478 448 pusillos
1497 393 1626 430 cum
1660 375 1994 446 majoribus,
2035 381 2079 430 A
2113 377 2174 430 In
2205 380 2260 429 te
2289 379 2683 446 speraverant,
2719 377 2777 428 et
2801 390 2915 429 non
2945 380 3078 430 sunt
3109 374 3350 429 confusi.

298 469 583 522 benedicti
608 484 707 520 vos
736 466 976 520 Domino
1011 466 1111 537 qui
1141 467 1271 520 fecit
1299 467 1501 520 cretum
1535 470 1592 520 et
1616 470 1847 519 terram.

299 559 424 612 Post
480 559 588 611 hac
661 556 892 610 canendi
936 560 1063 609 sunt
1120 560 1316 624 septem
1376 555 1583 624 psalmi
1632 557 1989 624 paenitentiae,

366 646 569 700 Deinde
601 647 840 701 Litania.
895 645 1017 709 Qua
1063 645 1279 712 expleta
1337 648 1628 698 cantetur:
1668 645 1835 697 Pater
1888 659 1992 696 no-

368 739 502 788 ster.
536 735 602 787 Et
633 749 703 786 ne
734 749 836 786 nos
867 733 1102 786 inducas
1133 732 1196 786 in
1247 732 1642 800 tentationem,
1675 731 1772 788 sed
1812 731 1994 786 libera

371 838 477 877 nos
497 838 531 874 a
557 823 730 887 malo,
758 823 960 876 Amen.

441 909 673 965 Salvum
704 909 790 963 fac
815 925 1041 962 servum
1067 913 1254 976 tuum,

511 999 659 1052 Deus
691 1014 873 1064 meus,
909 1002 1235 1068 sperantem
1268 996 1328 1050 in
1359 1001 1434 1052 te.

441 1086 616 1153 Mitte,
649 1086 722 1153 ei,
756 1086 1019 1153 Domine,
1052 1085 1331 1140 auxilium
1361 1085 1431 1141 de
1455 1091 1668 1154 sancto,

518 1176 581 1229 Et
609 1176 677 1229 de
709 1175 844 1230 Sion
873 1181 1036 1229 tuere
1058 1191 1210 1229 eum.

443 1264 594 1319 Nihil
628 1263 886 1334 proﬁciat
908 1263 1173 1317 inimicus
1192 1263 1249 1316 in
1269 1279 1358 1331 eo,

513 1355 576 1407 Et
602 1353 754 1407 filius
786 1352 1110 1423 iniquitatis
1136 1368 1252 1406 non
1279 1355 1532 1421 apponat
1555 1367 1758 1406 nocere
1777 1350 1848 1406 ei.

442 1442 571 1496 Esto
601 1442 704 1506 illi,
743 1441 999 1509 Domine,
1031 1440 1205 1494 turris
1234 1440 1609 1508 fortitudinis,

511 1532 558 1586 A
590 1531 729 1584 facie
762 1531 1000 1584 inimici.

2100 463 2180 517 Ne
2216 464 2426 530 tradas,
2464 464 2724 531 Domine,
2756 463 2949 517 bestiis
2984 466 3237 518 animam
3270 465 3651 520 confitentem
3680 467 3810 533 tibi,

2100 552 2364 606 Animam
2401 552 2670 621 pauperis
2702 552 2785 605 tui
2819 569 2889 606 ne
2921 553 3268 606 obliviscaris
3298 554 3356 606 in
3390 554 3591 609 tinem.

2326 643 2518 696 Postea
2546 647 2844 710 sequantur
2874 645 2990 696 ista
3015 645 3304 697 orationes.
3337 643 3590 697 Oremus.

2176 729 2325 782 Deus
2375 729 2476 799 qui
2523 728 2740 783 famulo
2771 733 2869 783 tuo
2901 730 3150 784 Ezechiae
3181 731 3480 801 terquinos
3508 748 3700 785 annos
3746 732 3816 787 ad

2099 817 2273 872 vitam
2306 818 2552 885 donasti,
2585 818 2665 871 ita
2694 824 2750 872 et
2781 819 3061 873 famulum
3091 825 3251 873 tuum
3285 821 3349 874 N.
3384 837 3418 873 a
3451 821 3603 874 lecto
3639 822 3818 890 aegri-

2099 906 2317 960 tudinis
2348 912 2447 960 tua
2507 907 2764 977 potentia
2809 907 2989 978 erigat
3041 907 3111 962 ad
3159 909 3428 963 salutem.
3475 910 3590 962 Per
3649 909 3817 963 Chri-

2101 1001 2275 1052 stum.

2172 1087 2327 1140 Atia.
2353 1084 2612 1155 Respice,
2644 1084 2902 1149 Domine,
2927 1085 3206 1140 famulum
3240 1091 3427 1140 tuum.
3471 1087 3540 1141 Ν.
3572 1087 3637 1140 in
3661 1088 3817 1141 inﬁr-

2103 1173 2299 1227 mitate
2339 1173 2427 1227 sui
2475 1173 2732 1244 corporis
2782 1175 3159 1241 laborantem,
3213 1181 3270 1228 et
3303 1176 3569 1228 animam
3621 1177 3813 1231 refove

2103 1279 2277 1336 quam
2307 1263 2528 1331 creasti,
2578 1267 2644 1316 ut
2685 1262 3151 1333 castigationibus
3198 1264 3572 1332 emendatus,
3624 1265 3812 1318 conti-

2103 1369 2221 1407 nuo
2271 1368 2329 1405 se
2390 1351 2595 1406 sentiat
2652 1354 2753 1405 tua
2819 1351 3107 1406 medicina
3175 1369 3298 1406 esse
3349 1353 3664 1407 salvatum.
3712 1355 3811 1407 Per

2107 1441 2418 1504 Christum,
3643 1489 3646 1494 .

2175 1530 2325 1583 Alia.
2357 1529 2502 1583 Deus
2533 1528 2631 1599 qui
2660 1528 2890 1582 factura:
2918 1533 3032 1582 tum
3082 1528 3174 1599 pio
3224 1545 3456 1599 semper
3497 1529 3812 1583 dominaris

372 1620 647 1672 Dominus
677 1625 972 1673 conservet
1002 1634 1153 1683 eum,
1189 1622 1246 1672 et
1302 1617 1544 1670 vivificet
1597 1633 1750 1680 eum,
1782 1621 1834 1670 et
1864 1615 1995 1670 hea-
2026 1653 2067 1706 Β
2106 1617 2332 1683 affectu,
2388 1617 2599 1670 inclina
2657 1633 2854 1670 aurem
2911 1624 3070 1670 tuam
3135 1618 3667 1687 supplicationibus
3717 1635 3810 1672 no-

297 1711 419 1760 tum
451 1707 618 1760 faciat
648 1723 778 1760 eum
807 1707 864 1759 in
913 1713 1088 1771 terra,
1137 1710 1192 1759 et
1240 1721 1356 1758 non
1404 1705 1585 1758 tradat
1631 1705 1688 1757 in
1740 1704 1991 1758 animam

296 1795 664 1849 inimicorum
681 1795 823 1865 ejus.
846 1794 1123 1848 Dominus
1137 1810 1305 1864 opem
1329 1793 1474 1846 ferat
1492 1793 1576 1846 illi
1595 1793 1993 1863 superlectum

294 1883 628 1937 infirmitate
657 1883 798 1954 ejus.
835 1882 1175 1937 Universum
1208 1887 1449 1935 stratum
1484 1881 1608 1951 ejus
1660 1882 1897 1935 vcrsasti
1932 1881 1994 1935 in

296 1971 506 2024 doloris
569 1971 711 2041 ejus.
787 1971 1048 2037 Domine,
1127 1969 1332 2024 exaudi
1390 1969 1710 2023 orationem
1779 1985 1988 2023 meam.

295 2059 588 2113 Psalmus:
623 2059 884 2114 Miserere
917 2059 1052 2126 mei,
1089 2060 1255 2112 Deus.

774 2148 1031 2216 Sequitur
1051 2150 1242 2200 oratio.
1278 2147 1519 2202 Oremus.

367 2236 744 2306 Omnipotens
791 2241 848 2290 et
898 2235 1218 2290 misericors
1273 2237 1439 2300 Deus,
1501 2250 1834 2304 quaesumus
1877 2233 1989 2295 im-

296 2340 554 2378 mensam
606 2325 877 2394 pietatem
931 2329 1112 2389 tuam,
1171 2328 1235 2377 ut
1286 2324 1358 2377 ad
1415 2323 1718 2376 introitum
1775 2323 1836 2376 in
1890 2327 1989 2376 tuo

295 2414 529 2468 nomine
557 2413 900 2467 humilitatis
941 2419 1172 2479 nostrae,
1225 2412 1376 2466 hunc
1411 2411 1693 2465 famulum
1728 2416 1890 2465 tuum
1922 2412 1986 2465 N.

293 2503 353 2556 in
397 2503 502 2556 hoc
548 2502 871 2556 habitaculo
922 2502 1208 2571 jacentem
1239 2502 1472 2567 fessum,
1524 2499 1812 2553 salutifere
1865 2499 1993 2553 visi-

297 2594 415 2644 tare
447 2591 719 2661 digneris,
755 2591 902 2644 sicut
924 2589 1148 2644 visitare
1172 2591 1440 2661 dignatus
1465 2605 1548 2656 es,
1586 2588 1848 2655 Domine,
1879 2588 1990 2643 To-

295 2679 448 2733 biam
479 2685 534 2732 et
563 2678 782 2746 Saram,
815 2693 1041 2732 socrum
1073 2678 1245 2743 Petri,
1289 2693 1651 2748 puerumque
1707 2677 1992 2731 centurio-

295 2767 404 2833 nis,
435 2766 512 2820 ita
539 2767 593 2820 ei
637 2767 743 2821 iste
795 2766 1038 2838 pristina
1090 2767 1329 2821 sanitate
1372 2767 1583 2819 animas
1623 2765 1990 2836 corporisque

295 2863 542 2926 recepta,
575 2857 890 2927 gratiarum
921 2856 1026 2909 tibi
1078 2856 1138 2909 in
1169 2857 1413 2910 Ecclesia
1441 2861 1539 2909 tua
1576 2856 1785 2908 referat
1815 2853 1990 2907 actio-

296 2960 448 2998 nem.
482 2946 590 2998 Per
614 2945 944 2998 Dominum.

299 3035 443 3087 Tunc
469 3032 627 3086 detur
655 3037 704 3087 ei
735 3034 878 3087 locus
917 3038 1171 3088 secretior
1215 3033 1523 3104 conﬁtendi,
1565 3037 1613 3086 et
1641 3033 1785 3101 quod
1812 3033 1991 3086 macri-

366 3137 508 3174 mum
539 3126 637 3187 est,
684 3123 979 3189 interroget
1029 3137 1148 3175 eum
1201 3122 1265 3175 de
1307 3122 1419 3188 ﬁde
1470 3121 1756 3175 catholica.
1814 3122 1887 3174 Et
1915 3121 1992 3174 sic

367 3208 516 3262 dicat
547 3225 560 3262 :

369 3296 566 3351 Credis
601 3296 660 3349 in
711 3297 891 3350 Deum
930 3297 1182 3365 Patrem,
1227 3300 1284 3350 et
1323 3297 1550 3361 Filium,
1607 3301 1666 3350 et
1712 3295 1990 3366 Spiritum

297 3387 597 3438 sanctum?
633 3386 880 3454 Respon.
922 3385 1123 3442 Credo.
1161 3385 1356 3440 Credis
1388 3384 1539 3455 quod
1579 3384 1682 3438 iste
1713 3389 1826 3438 tres
1858 3401 1993 3454 per—

298 3488 452 3526 sonae
485 3487 632 3525 unus
663 3473 811 3526 Deus
840 3473 953 3526 sit?
993 3474 1240 3542 Respon.
1277 3472 1480 3526 Credo.
1515 3470 1709 3525 Credis
1745 3471 1899 3542 quod
1933 3471 1992 3525 in

295 3559 419 3630 ipsa
449 3559 555 3614 ista
576 3577 746 3616 carne
781 3577 896 3632 qua
929 3576 1081 3615 nunc
1111 3576 1190 3626 es,
1241 3575 1541 3630 resurgere
1590 3560 1768 3614 habes
1805 3560 1868 3614 in
1901 3559 1993 3614 die

291 3648 515 3718 judicii,
571 3655 628 3704 et
665 3649 922 3720 recipere
965 3650 1082 3704 sive
1132 3650 1352 3704 bonum
1397 3650 1516 3703 sive
1566 3650 1782 3703 malum
1837 3648 1992 3720 quod

294 3737 550 3808 gessisti?
595 3739 846 3809 Respon.
887 3738 1083 3793 Credo.
1130 3739 1223 3792 Vis
1263 3737 1553 3792 dimittere
1601 3737 1714 3790 illis
1765 3743 1994 3807 peccata

294 3843 394 3881 sua
427 3826 613 3897 quiin
661 3832 717 3880 te
767 3828 1184 3898 peccaverunt?
1231 3827 1478 3896 Respon.
1528 3826 1682 3880 Volo.
1739 3825 1830 3878 Vis
1855 3841 1994 3895 pec-

291 3921 416 3969 cata
464 3931 594 3986 quae
655 3915 837 3969 fecisti
891 3916 1197 3971 emendare
1255 3913 1301 3968 si
1360 3912 1686 3968 reviviscis?
1741 3914 1990 3984 Respon.

293 4005 452 4058 Volo.

292 4095 479 4148 Postea
531 4098 793 4162 ungatur.
840 4095 967 4147 Post
1035 4093 1439 4159 confessionem,
1489 4096 1539 4144 et
1577 4091 1747 4161 fidem
1805 4089 1995 4144 reddi-

577 4188 688 4236 tam
710 4187 761 4236 et
780 4183 1100 4248 unctionem,
1127 4180 1346 4235 dicatur
1367 4180 1707 4248 Antiphona.

294 4271 355 4323 In
381 4269 620 4324 veritate
645 4273 743 4324 tua
772 4267 977 4322 exaudi
1004 4284 1114 4334 me,
1146 4267 1403 4322 Domine.
1432 4268 1709 4321 Psalmus.

296 4358 554 4422 Domine,
589 4357 796 4411 eXaudi
825 4356 1144 4411 orationem
1172 4371 1378 4423 meam,
1405 4355 1638 4410 auribus
1668 4355 1914 4428 percipe.

367 4446 574 4501 Deinde
593 4445 764 4516 Kyrie
795 4445 1032 4524 eleison,
1059 4452 1110 4500 et
1133 4447 1298 4498 Pater
1326 4451 1518 4500 noster
1547 4461 1663 4500 cum
1696 4447 1781 4500 his

1015 4533 1287 4603 precibus.

368 4624 606 4693 Exurge,
659 4622 895 4677 Domine
941 4623 1110 4689 Deus,
1159 4622 1440 4678 exaltetur
1491 4639 1695 4678 manus
1743 4627 1862 4690 tua,
1921 4639 1994 4676 ne

295 4711 642 4765 obliviscaris
665 4727 1004 4782 pauperum.

507 4801 631 4855 Tibi
662 4801 816 4854 enim
842 4800 1145 4855 derelictus
1176 4803 1261 4853 est
1287 4815 1530 4870 pauper,

505 4889 778 4959 Orphano
801 4895 863 4942 tu
893 4889 1007 4941 eris
1039 4889 1284 4957 adjutor.

438 4978 794 5032 Desiderium
825 4991 1146 5047 pauperum
1174 4975 1775 5030 cxaudivitDominus.

2036 4223 2078 4278 D

507 5064 995 5134 Prasparationem
1017 5064 1206 5117 cordis
1241 5079 1442 5117 eorum
1463 5063 1683 5118 audivit
1703 5060 1858 5116 auris
1872 5066 1989 5119 tua.
2047 5098 2050 5102 -

438 5153 673 5207 Miriﬁca
705 5153 1128 5207 misericordias
1164 5158 1311 5218 tuas,

507 5241 613 5305 Qui
645 5242 828 5296 salvos
859 5241 997 5295 facis
1028 5246 1321 5313 sperantes
1351 5239 1410 5294 in
1441 5244 1517 5295 te.

436 5329 516 5383 Tu
549 5334 739 5383 autem
771 5329 828 5384 in
862 5333 1055 5383 sancto
1087 5327 1332 5397 habitas,

510 5417 654 5471 Laus
685 5418 875 5472 Israel.

296 5505 377 5560 Ad
403 5510 457 5559 te
491 5507 903 5573 clamaverunt,
936 5508 992 5560 et
1020 5504 1155 5560 salvi
1188 5503 1320 5558 facti
1349 5508 1507 5574 sunt,

2110 1705 2260 1771 stris,
2317 1710 2374 1759 et
2438 1706 2718 1759 famulum
2771 1711 2933 1759 tuum
2975 1706 3037 1759 N.
3074 1721 3137 1759 ex
3181 1705 3424 1760 adversa
3483 1708 3812 1760 valetudine

2106 1793 2362 1864 corporis
2392 1794 2748 1847 laborantem
2780 1794 3039 1864 placatus
3065 1791 3306 1865 respice,
3338 1799 3396 1848 et
3423 1795 3595 1848 visita
3636 1795 3694 1849 in
3725 1813 3812 1848 sa-

2106 1882 2277 1935 lutari
2313 1887 2430 1949 tuo,
2466 1899 2528 1936 ac
2575 1883 2818 1936 caelestis
2847 1882 3046 1952 gratiae
3088 1883 3138 1935 ei
3197 1888 3408 1953 praesta
3435 1883 3809 1938 medicinam.

2108 1972 2212 2024 Per
2241 1971 2550 2025 Christum.

2177 2061 2334 2113 Atia.
2365 2061 2532 2127 Deus,
2571 2059 2672 2130 qui
2710 2059 2963 2112 humano
3015 2058 3214 2129 generi
3271 2060 3472 2114 salutis
3527 2061 3804 2124 remedia,

2102 2153 2157 2200 et
2189 2147 2320 2200 vitae
2349 2153 2578 2201 aeterna:
2623 2163 2864 2200 munera
2905 2147 3217 2215 contulisti,
3266 2164 3545 2202 conserva
3593 2150 3808 2203 famulo

2101 2241 2201 2290 tuo
2225 2235 2307 2305 ξΝ.
2354 2242 2586 2290 tuarum
2631 2235 2782 2290 dona
2828 2236 3122 2302 virtutum,
3175 2241 3233 2290 et
3282 2239 3536 2292 concede
3591 2245 3652 2292 ut
3682 2255 3806 2292 me-

2102 2321 2289 2376 delam
2342 2327 2501 2375 tuam
2557 2337 2672 2375 non
2721 2323 2908 2376 solum
2963 2323 3020 2376 in
3061 2338 3321 2394 corpore,
3371 2325 3473 2379 sed
3519 2325 3692 2380 etiam
3747 2326 3810 2379 in

2102 2414 2294 2468 anima
2325 2411 2548 2465 sentiat.
2574 2414 2693 2466 Per.

2175 2503 2329 2556 Alia.
2361 2500 2645 2554 Virtutum
2687 2499 3003 2554 caelestium
3053 2501 3218 2567 Deus,
3274 2501 3374 2572 qui
3416 2502 3488 2556 ab
3537 2503 3811 2557 humanis

2103 2589 2438 2660 corporibus
2461 2605 2689 2642 omnem
2732 2591 3090 2660 languorem,
3133 2595 3188 2642 et
3230 2607 3463 2644 omnem
3495 2590 3812 2646 inﬁrmita-

2102 2684 2216 2734 tem
2247 2678 2522 2749 praecepti
2560 2677 2642 2731 tui
2672 2683 2951 2749 potestate
2991 2679 3251 2748 depellis,
3286 2679 3484 2733 adesto
3522 2681 3816 2750 propitius

2101 2767 2236 2823 huic
2273 2768 2499 2841 [famulo
2545 2772 2644 2821 tuo
2688 2769 2757 2821 N.
2800 2774 2859 2822 ut
2898 2768 3108 2838 fugatis
3137 2768 3592 2834 inﬁrmitatibus,
3638 2776 3692 2822 et
3736 2769 3816 2822 vi-

2103 2857 2260 2910 ribus
2330 2855 2594 2926 receptis,
2653 2871 2864 2909 nomen
2932 2859 3188 2908 sanctum
3256 2861 3424 2910 tuum
3488 2857 3811 2910 instaurata

2025 2936 2064 2991 C
2103 2945 2370 3016 protinus
2395 2945 2634 2998 sanitate
2666 2943 2985 2997 henedicat.
3020 2945 3124 2998 Per
3158 2944 3497 2998 Dominum.

2174 3033 2325 3087 Alia.
2384 3033 2624 3087 Domine
2672 3036 2886 3099 sancte,
2926 3032 3096 3085 Pater
3152 3031 3545 3103 omnipotens,
3592 3038 3808 3088 aeterne

2103 3122 2272 3188 Deus,
2335 3121 2435 3192 qui
2491 3120 2860 3190 fragilitatem
2925 3119 3274 3174 conditionis
3349 3127 3563 3175 nostra:
3616 3122 3808 3176 infusa

2100 3209 2325 3264 virtutis
2381 3214 2494 3263 tuae
2553 3207 2887 3280 dignatione
2961 3208 3290 3275 conﬁrmas,
3340 3213 3408 3263 ut
3457 3210 3804 3265 salutaribus

2100 3299 2369 3353 remediis
2397 3297 2622 3368 pietatis
2655 3303 2768 3351 tuae
2799 3313 3036 3366 corpora
3064 3303 3258 3351 nostra
3299 3301 3356 3351 et
3411 3299 3672 3352 membra
3703 3316 3802 3354 ve-

2100 3391 2388 3456 getentur,
2421 3402 2592 3456 super
2620 3386 2772 3440 hunc
2812 3385 3092 3439 famulum
3134 3389 3298 3439 tuum
3351 3386 3418 3439 N.
3454 3386 3803 3456 propitiatus

2099 3475 2355 3544 intende,
2409 3479 2474 3528 ut
2525 3474 2684 3528 omni
2723 3474 3060 3528 necessitate
3104 3489 3395 3544 corporeae
3445 3474 3804 3528 inﬁrmitatis

2100 3564 2348 3630 exclusa,
2382 3563 2565 3632 gratia
2596 3563 2655 3616 in
2697 3579 2764 3616 eo
2797 3561 3056 3632 pristinae
3107 3563 3367 3616 sanitatis
3417 3563 3671 3633 perfecta
3711 3578 3803 3616 re-

2101 3657 2356 3723 paretur.
2387 3652 2493 3705 Per
2527 3651 2856 3706 Dominum.

2173 3741 2323 3795 Alia.
2357 3740 2618 3806 Oremus,
2652 3741 2868 3804 fratres,
2907 3737 3215 3792 Dominum
3247 3743 3508 3793 nostrum
3535 3755 3641 3809 pro
3690 3739 3806 3793 fra-

2105 3833 2186 3882 tre
2215 3833 2409 3882 nostro
2437 3844 2608 3898 quem
2651 3827 2792 3883 dure
2841 3826 2911 3880 ad
2959 3843 3212 3896 praesens
3259 3827 3476 3881 malum
3511 3828 3809 3898 languoris

2101 3916 2326 3987 affligit,
2364 3920 2423 3968 ut
2457 3930 2590 3969 eum
2616 3913 2846 3968 Domini
2864 3915 3045 3984 pietas
3067 3915 3393 3969 ccelestibus
3415 3915 3691 3986 dignetur
3709 3933 3809 3970 cu-

2104 4021 2230 4059 rare
2263 4004 2558 4058 medicinis
2581 4021 2593 4057 :
2612 4009 2674 4057 ut
2691 4003 2785 4074 qui
2802 4003 2960 4057 dedit
2979 4003 3177 4068 vitam,
3195 4004 3291 4057 det
3307 4009 3365 4057 et
3386 4005 3655 4058 salutem.
3680 4005 3808 4058 Per.

2172 4095 2326 4148 Alia.
2388 4092 2627 4147 Domine
2677 4096 2891 4156 sancte,
2934 4093 3102 4145 Pater
3169 4092 3538 4163 omnipotens
3593 4099 3813 4146 aeterne

2109 4183 2257 4236 Deus
2284 4181 2382 4252 qui
2415 4197 2473 4234 es
2521 4181 2629 4247 via,
2659 4186 2716 4234 et
2757 4180 2986 4246 veritas,
3039 4184 3094 4232 et
3132 4181 3268 4248 vita,
3321 4182 3529 4234 exaudi
3578 4187 3638 4236 et
3677 4198 3814 4235 con-
3891 4249 3896 4253 _

2109 4287 2270 4325 serva
2315 4270 2597 4324 famulum
2642 4273 2805 4322 tuum
2852 4269 2916 4322 N.
2978 4284 3152 4340 quem
3202 4269 3504 4324 viviﬁcasti
3535 4275 3592 4323 et
3641 4272 3812 4324 rede-

2106 4359 2258 4414 misti
2311 4357 2496 4429 pretio
2542 4373 2752 4428 magno
2801 4356 2984 4411 sancti
3027 4357 3326 4428 sanguinis
3379 4358 3508 4412 Filii
3556 4359 3662 4412 tui.
3707 4359 3815 4412 Per

2106 4447 2396 4501 eumdem.

2106 4537 2167 4592 Si
2193 4539 2440 4604 inﬁrmus
2486 4537 2545 4588 in
2593 4535 2970 4605 desperatione
3008 4537 3198 4602 fuerit,
3239 4537 3538 4590 reconcilia
3587 4552 3706 4589 eum
3747 4553 3806 4588 ea

2174 4627 2383 4679 ratione
2439 4624 2522 4678 his
2595 4624 2940 4692 sequentibus
3016 4625 3374 4685 orationibus,
3464 4630 3528 4678 ut
3590 4625 3806 4693 quando

2173 4711 2523 4771 convaluerit,
2578 4709 2866 4764 secundum
2910 4727 3174 4769 canonum
3227 4717 3276 4765 et
3327 4717 3647 4766 sanctorum
3697 4713 3806 4765 Pa-

2175 4803 2318 4852 trum
2347 4803 2577 4864 statuta,
2612 4804 2661 4853 et
2687 4800 3008 4866 qualitatem
3033 4799 3216 4853 delicti
3234 4803 3518 4868 pceniteat.

2175 4887 2563 4940 Reconciliatio
2596 4888 2818 4955 inﬁrmi.
2865 4888 3096 4954 Praesta,
3144 4903 3502 4957 quaesumus,
3542 4890 3803 4952 Domine,

2107 4974 2238 5028 huic
2266 4974 2481 5028 famulo
2515 4980 2615 5029 tuo
2647 4976 2711 5028 N.
2751 4974 2989 5045 dignum
3034 4975 3387 5045 paenitentia:
3437 4977 3717 5042 fructum,
3746 4981 3808 5029 ut

2107 5063 2365 5116 Ecclesiae
2413 5067 2529 5117 tute
2579 5068 2809 5129 sanctae,
2869 5079 2903 5116 a
2954 5065 3118 5134 cujus
3171 5063 3506 5133 integritate
3555 5066 3809 5120 deviarat

2105 5150 2409 5220 peccando,
2446 5151 2830 5206 admissorum
2874 5153 3102 5206 veniam
3131 5153 3569 5223 consequeudo,
3603 5154 3808 5208 redda-

2104 5243 2198 5292 tur
2227 5237 2518 5292 innoxius.
2555 5241 2680 5294 Per.

2173 5326 2328 5380 Alia.
2397 5327 2772 5399 Omnipotens
2857 5327 3204 5398 sempiterna
3278 5328 3452 5397 Deus,
3509 5330 3808 5384 conﬁtenti

2103 5414 2238 5470 huic
2269 5409 2485 5470 famulo
2517 5421 2617 5471 tuo
2650 5417 2714 5471 N.
2749 5432 2853 5488 pro
2901 5422 3000 5471 tua
3049 5417 3260 5488 pietate
3316 5423 3553 5488 peccata
3584 5420 3810 5474 dimitte

2105 5507 2168 5557 ut
2209 5519 2321 5558 non
2354 5504 2486 5574 plus
2515 5504 2568 5558 ei
2622 5513 2822 5560 noceat
2849 5505 3206 5560 conscientiae.
3238 5511 3432 5559 reatus
3471 5506 3546 5560 ad
3577 5523 3806 5576 poenam
