4010 6192
92 300 199 350 937

904 297 1373 355 DECRETORUM
1420 303 1605 358 LIBRI
1646 307 1755 361 XX.
1794 332 1861 343 -
1904 302 2109 357 LIBER
2150 304 2460 366 DECIMUS
2499 312 2823 372 OCTAVUS.

3512 329 3614 380 938

87 438 271 490 quam
327 420 709 492 indulgentia
766 428 880 478 tua
938 422 1117 492 pietas
1175 422 1359 491 prosit
1426 425 1497 479 ad
1558 428 1806 482 veniam.
1842 431 1885 481 A
1927 424 2070 478 tium
2113 426 2217 479 tibi
2250 446 2419 499 parce
2467 437 2727 504 peccatis,
2770 443 2830 491 ut
2875 456 3044 509 quem
3077 442 3436 496 conscientia
3491 462 3613 499 rea-

90 511 224 563 Per.

166 599 323 651 Alia.
364 598 600 665 Exaudi,
639 600 899 666 Domine,
935 616 1132 669 preces
1163 612 1404 663 nostras,
1441 606 1499 656 et
1532 605 1809 659 conﬁten-

1922 518 2011 565 tus
2058 523 2304 580 accusat,
2356 520 2713 592 indulgentia
2760 531 2874 579 tua
2913 528 3293 581 miserationis
3345 531 3611 586 absolvat.

1923 603 2028 654 Per
2060 602 2371 662 Dominum
2405 617 2664 666 nostrum
2693 614 2881 667 Iesum
2910 614 3218 669 Christum.

762 848 1057 921 INDEX
1116 849 1808 926 CAPITULORUM
1868 852 2121 925 LIBRI
2183 855 2518 933 DECIMI
2578 861 2949 934 OCTAVI.

95 1002 229 1054 CAP.
270 1004 318 1055 1.
365 1001 531 1065 Quod
563 1002 769 1056 ultima
827 1004 1126 1058 conversio
1174 1009 1365 1059 mente
1414 1007 1608 1076 potius
1666 1008 1813 1063 asti-

170 1089 386 1142 manda
417 1088 491 1142 sit
513 1105 687 1159 quam
721 1094 1000 1159 tempore.

94 1181 150 1229 2.
185 1177 355 1241 Quod
407 1178 601 1230 omnis
652 1177 836 1232 ﬁdelis
870 1178 928 1231 in
985 1178 1204 1233 ultimis
1252 1180 1469 1249 positus
1522 1182 1648 1237 oleo
1678 1200 1813 1237 san—

170 1265 422 1319 ctiﬁcato
453 1265 661 1336 inungi
693 1266 919 1320 debeat.

97 1358 151 1408 3.
186 1355 269 1407 De
302 1354 418 1408 illis
451 1354 553 1424 qui
585 1358 816 1425 propter
846 1354 1113 1409 timorem
1136 1356 1359 1423 mortis,
1394 1357 1453 1410 in
1494 1359 1619 1428 ipsa
1650 1358 1810 1411 inﬁr-

168 1442 376 1495 mitate
409 1442 759 1495 conﬁtentur
787 1448 1017 1512 peccata
1047 1460 1165 1497 sua.

96 1534 151 1584 4.
187 1532 270 1585 De
302 1531 417 1584 illis
467 1531 569 1601 qui
615 1531 677 1583 in
734 1532 1085 1586 necessitatis
1118 1539 1379 1603 tempore
1427 1539 1485 1587 et
1532 1535 1811 1604 paeniten-

168 1620 315 1673 tiam
341 1625 398 1673 et
426 1619 953 1673 reconciliationem
986 1620 1335 1677 desiderant.

102 1712 151 1761 5.
199 1709 282 1760 De
315 1708 520 1761 eadem
549 1723 631 1760 re.

101 1799 152 1850 6.
188 1798 269 1850 De
300 1796 415 1849 illis
446 1795 545 1866 qui
580 1795 651 1849 ad
685 1794 899 1849 exitum
925 1795 1182 1861 veniunt,
1211 1800 1276 1849 ut
1308 1796 1512 1849 ultimo
1544 1801 1602 1849 et
1627 1813 1815 1850 neces-

173 1884 331 1938 sario
362 1884 570 1937 viatico
605 1883 839 1936 minime
864 1883 1181 1953 priventur.

102 1980 147 2026 7.
184 1972 355 2037 Quod
389 1971 731 2042 poenitentia
762 1972 942 2040 possit
971 1972 1201 2025 abolere
1256 1978 1507 2041 peccata,
1545 1972 1718 2026 etiam
1767 1973 1813 2025 si

176 2063 241 2114 in
268 2060 477 2113 ultimo
503 2060 636 2113 vita
668 2059 866 2129 spiritu
897 2060 1193 2128 poeniteat.
1309 2117 1313 2120 ,

104 2154 155 2205 8.
197 2151 279 2204 De
330 2148 504 2218 lapsis
559 2148 620 2201 in
653 2147 870 2200 ultimis
899 2148 1119 2218 positis,
1167 2153 1231 2202 ut
1284 2148 1489 2202 viatico
1542 2164 1811 2215 munere,

176 2240 227 2292 si
253 2236 605 2309 rogaverint,
639 2235 720 2289 eis
750 2236 951 2290 debeat
982 2236 1292 2290 subveniri.

103 2333 155 2382 9.
196 2330 277 2382 De
308 2326 423 2380 illis
454 2324 702 2378 inﬁrmis
750 2324 849 2394 qui
899 2325 1035 2378 dum
1090 2324 1486 2394 paenitentiam
1520 2323 1812 2393 petierint,

175 2421 238 2470 et
269 2420 583 2485 antequam
642 2413 901 2466 sacerdos
948 2414 1157 2481 veniat,
1209 2412 1460 2467 ofﬁcium
1495 2412 1610 2466 oris
1640 2413 1818 2467 amit—

178 2509 336 2559 tunt.

106 2597 194 2649 10.
237 2594 317 2645 De
349 2591 550 2644 eadem
582 2605 667 2643 re.

107 2686 195 2735 11.
236 2682 317 2734 De
351 2679 551 2733 eadem
583 2694 665 2732 re.

108 2774 197 2823 12.
236 2771 317 2823 De
350 2768 463 2821 illis
502 2766 605 2837 qui
637 2765 697 2818 in
725 2766 924 2819 ultima
955 2766 1298 2835 agritudine
1324 2766 1726 2835 panituerint,
1760 2771 1819 2819 et

179 2872 319 2910 mox
351 2854 699 2909 reconciliati
730 2854 959 2908 fuerint.

111 2948 194 2999 13.
231 2946 312 2998 De
343 2944 454 2997 illis
509 2943 610 3014 qui
656 2942 716 2995 in
747 2943 1001 3012 periculo
1047 2948 1179 2997 sunt
1230 2942 1546 3009 constituti,
1598 2946 1663 2998 ut
1692 2944 1813 3013 epi-

182 3049 385 3102 scopo,
419 3038 524 3086 etc.

116 3123 199 3176 14.
237 3123 316 3175 De
342 3119 586 3173 inﬁrmis
617 3118 677 3171 in
708 3119 961 3188 periculo
991 3119 1194 3173 mortis
1224 3119 1569 3173 constitutis.

116 3214 199 3264 15.
232 3219 312 3267 De
344 3209 594 3279 quodam
618 3206 719 3277 qui
751 3206 1031 3261 Christum
1074 3212 1398 3277 negaverat,
1433 3207 1725 3277 quomodo
1755 3207 1817 3261 in

182 3296 477 3361 extremis,
506 3301 611 3349 etc.
632 3304 635 3309 '

114 3391 202 3443 16.
239 3388 312 3441 Ut
337 3384 659 3456 presbyteri
685 3383 753 3437 de
794 3384 1027 3439 occultis
1075 3385 1322 3454 peccatis
1346 3384 1509 3455 jussu
1563 3384 1817 3454 episcopi

184 3474 533 3546 panitentes
564 3471 951 3526 reconcilient.

115 3569 204 3618 17.
238 3565 320 3617 De
360 3561 692 3633 poenitente,
744 3559 794 3613 si
840 3561 901 3613 in
932 3560 1056 3630 ipsa
1084 3560 1426 3630 paenitentia
1458 3560 1527 3614 de
1581 3576 1818 3631 corpore

186 3651 411 3718 exierit,
448 3655 503 3704 et
531 3648 889 3703 reconciliari
911 3649 1213 3703 desiderat.

114 3745 207 3796 18.
273 3740 345 3793 Ut
399 3738 601 3809 quinta
647 3736 789 3790 feria
847 3742 975 3791 ante
1028 3737 1242 3790 Pascha
1286 3735 1695 3806 pauitantibus
1748 3737 1822 3790 sit

188 3828 603 3883 remittendum
639 3842 652 3879 :
713 3830 843 3879 ante
898 3830 1113 3893 autem,
1146 3826 1195 3879 si
1253 3825 1325 3879 ad
1357 3823 1818 3894 desperationem

189 3916 546 3972 inﬁrmitatis
575 3914 928 3969 devenerint.

118 4011 212 4062 19.
249 4009 325 4058 De
353 4005 465 4058 illis
494 4003 595 4074 qui
628 4002 689 4056 in
732 4002 980 4057 Ecclesia
1017 4002 1238 4057 remitti
1264 4006 1497 4073 peccata
1535 4017 1653 4055 non
1701 4017 1821 4055 cre-

198 4094 473 4149 diderint.

113 4187 205 4239 20.
240 4181 406 4246 Quod
444 4178 689 4235 inﬁrmis
739 4178 898 4233 omni
950 4179 1095 4233 hora
1144 4179 1336 4233 cibum
1369 4193 1596 4232 sumere
1637 4177 1822 4231 liceat.

108 4277 204 4328 21.
247 4276 327 4326 De
357 4271 468 4324 illis
514 4268 910 4324 sacerdotibus
960 4269 1061 4340 qui
1112 4268 1491 4323 morientibus
1540 4265 1822 4338 paniten-
1856 4308 1901 4363 Β

189 4362 337 4415 tiam
368 4357 796 4428 denegaverint.

109 4454 205 4505 22.
251 4448 418 4512 Quod
446 4445 589 4500 nulli
619 4446 824 4499 ultima
845 4443 1190 4515 poenitentia
1221 4444 1295 4497 sit
1324 4443 1681 4514 deneganda.

110 4543 206 4595 23.
247 4539 328 4592 De
354 4534 768 4606 pauitantibus
809 4533 908 4604 qui
939 4533 999 4586 in
1041 4532 1381 4587 inﬁrmitate
1414 4530 1825 4586 Eucharistiam

188 4624 541 4694 acceperint.

110 4719 206 4771 24.
244 4715 327 4768 De
358 4710 776 4783 panitentibus
808 4709 995 4763 subito
1029 4708 1289 4763 mortuis.

593 4798 799 4854 Indicis
826 4799 1192 4868 capitulorum
1210 4800 1359 4867 ﬁnis.

116 4929 259 4984 CAP.
294 4938 523 4979 paruum.
560 4951 631 4963 —
661 4921 820 4987 Quod
864 4922 1060 4975 ultima
1106 4922 1377 4975 conversio
1430 4923 1604 4974 mente
1643 4922 1831 4989 potius

518 4993 845 5047 aestimanda
873 4996 947 5046 sit
986 5007 1152 5061 quam
1182 4997 1435 5060 tempore.

198 5105 317 5170 (Εω
361 5102 503 5155 decr.
537 5100 754 5154 Caelest.
780 5115 964 5169 papa,
1018 5100 1196 5167 capite
1239 5098 1355 5168 20.)
1390 5097 1533 5151 Vera
1578 5113 1714 5167 ergo
1764 5097 1835 5151 ad

119 5193 322 5247 Deum
349 5188 643 5242 conversio
675 5187 735 5239 in
766 5187 982 5240 ultimis
1014 5185 1354 5256 positorum,
1402 5190 1594 5240 mente
1641 5184 1836 5255 potius

120 5286 218 5336 est
262 5278 597 5332 astimanda
642 5291 817 5346 quam
858 5280 1140 5346 tempore,
1187 5274 1473 5344 Propheta
1503 5275 1610 5327 hoc
1646 5273 1838 5328 taliter

119 5372 427 5425 asserente
456 5382 469 5420 :
502 5386 531 5419 «
563 5366 704 5421 Cum
736 5381 1044 5420 conversus
1075 5361 1450 5433 ingemueris,
1484 5367 1623 5415 tunc
1651 5361 1838 5415 salvus

118 5458 274 5514 eris.
312 5478 332 5505 ι
369 5456 509 5510 Cum
532 5471 669 5525 ergo
703 5453 978 5508 Dominus
1006 5451 1080 5505 sit
1109 5450 1293 5504 cordis
1311 5448 1620 5519 inspector,
1641 5450 1838 5519 quovis

117 5554 401 5615 tempore
431 5560 550 5598 non
589 5548 679 5598 est
722 5540 1061 5611 deneganda
1108 5537 1449 5610 pauitantia
1499 5538 1836 5607 postulanti,

499 5652 774 5717 PATROL.
828 5649 999 5714 CXL.

1923 1024 2051 1062 cum
2082 1008 2168 1062 illi
2196 1026 2255 1063 se
2286 1013 2503 1084 obliget
2525 1016 2727 1085 judici,
2786 1017 2876 1069 cui
2908 1017 3128 1070 occulta
3156 1019 3353 1071 omnia
3384 1021 3611 1074 noverit

1925 1097 2183 1152 revelari.

1921 1186 2048 1239 CAP.
2086 1186 2155 1238 II.
2211 1218 2278 1226 —
2309 1188 2460 1253 Quod
2505 1192 2676 1243 omnis
2704 1190 2880 1258 ﬁdelis
2906 1193 2964 1244 in
2995 1193 3205 1247 ultimis
3226 1196 3440 1262 positus
3478 1210 3610 1248 san-

2348 1263 2581 1327 ctiﬁcata
2610 1262 2719 1313 oleo
2748 1263 2943 1328 inungi
2980 1263 3186 1317 debeat.

1995 1345 2106 1411 (Ea:
2134 1344 2278 1399 decr.
2316 1347 2511 1400 Calisti
2534 1346 2731 1416 papae.)
2768 1349 2970 1401 Beatus
3002 1350 3153 1402 enim
3202 1351 3441 1405 .Iacobus
3475 1369 3618 1422 apo-

1922 1432 2104 1485 stolus
2133 1432 2193 1485 in
2237 1433 2483 1501 Epistola
2514 1449 2616 1488 sua
2642 1435 2868 1504 scripsit
2900 1452 2911 1488 :
2951 1457 2971 1485 ι
3023 1438 3353 1492 lnﬁrmatur
3393 1441 3521 1509 quis
3560 1440 3618 1492 in

1922 1518 2099 1583 vobis,
2140 1519 2371 1573 inducat
2417 1522 2778 1591 presbyteros
2819 1525 3097 1590 Ecclesia,
3132 1532 3189 1578 et
3238 1534 3403 1579 orent
3451 1544 3621 1597 super

1923 1623 2078 1671 eum,
2120 1613 2440 1677 unguentes
2487 1625 2621 1662 eum
2670 1610 2793 1663 oleo
2857 1611 2918 1664 in
2969 1613 3206 1666 nomine
3263 1615 3514 1682 Domini,
3564 1620 3622 1667 et

1926 1694 2108 1748 oratio
2139 1695 2271 1749 ﬁdei
2310 1696 2549 1750 salvabit
2576 1697 2891 1751 inﬁrmum.
2929 1721 2951 1747 ι
2990 1701 3106 1753 Hoc
3163 1707 3217 1754 et
3270 1703 3507 1770 apostoli
3561 1704 3623 1755 iu

1925 1783 2232 1852 Evangelio
2287 1784 2483 1838 fecisse
2531 1785 2822 1854 leguntur,
2871 1792 2928 1841 et
2974 1803 3127 1841 nunc
3178 1789 3436 1842 Ecclesia
3487 1807 3624 1843 con-

1926 1872 2167 1925 suetudo
2192 1876 2347 1927 tenet
2376 1878 2441 1927 ut
2490 1873 2708 1927 inﬁrmi
2759 1875 2887 1929 oleo
2945 1881 3272 1931 consecrato
3330 1884 3624 1948 ungantur

1926 1976 1961 2013 a
1992 1959 2353 2030 presbyteris,
2385 1964 2440 2014 et
2486 1962 2746 2016 oratione
2790 1964 3099 2019 comitante
3156 1972 3449 2019 sanentur.
3496 1969 3621 2022 Non

1927 2049 2115 2101 solum
2161 2049 2513 2119 presbyteris
2568 2051 2649 2102 uti
2698 2052 2830 2104 licet
2868 2051 2977 2105 hoc
3030 2069 3186 2107 sacro
3239 2054 3366 2107 oleo
3398 2054 3457 2108 in
3503 2056 3623 2109 suis

1926 2134 2403 2190 inﬁrmitatibus:
2446 2137 2564 2205 sed,
2595 2142 2660 2190 ut
2718 2139 3081 2193 Innocentius
3129 2157 3277 2211 papa
3330 2142 3619 2212 describit,

1927 2224 2099 2277 etiam
2128 2224 2396 2278 omnibus
2441 2225 2776 2280 Christianis
2827 2228 2912 2280 uti
2962 2228 3094 2281 licet
3123 2230 3327 2282 eodem
3376 2231 3527 2297 oleo,
3560 2232 3621 2284 in

1927 2328 2029 2365 sua
2066 2316 2165 2366 aut
2220 2329 2456 2367 suorum
2494 2314 2830 2369 necessitate
2861 2317 3153 2387 ungendo.
3214 2317 3375 2381 Quod
3426 2324 3623 2374 tamen

1928 2402 2122 2453 oleum
2154 2416 2271 2455 non
2300 2401 2409 2454 nisi
2439 2402 2510 2455 ab
2555 2402 2836 2473 episcopis
2867 2404 2996 2457 licet
3026 2404 3246 2458 conﬁci.
3282 2407 3426 2459 Nam
3466 2409 3623 2477 quod

1927 2488 2028 2556 ait,
2052 2489 2179 2542 oleo
2209 2487 2271 2541 in
2292 2489 2526 2543 nomine
2550 2490 2799 2557 Domini,
2832 2491 3121 2562 signiﬁcat
3143 2494 3268 2547 oleo
3300 2493 3359 2547 in
3384 2495 3623 2550 nomine

1927 2576 2155 2630 Domini
2187 2583 2514 2633 consecrato
2552 2595 2566 2631 :
2602 2580 2688 2633 vel
2736 2586 2886 2634 certe
2946 2582 3080 2651 quia
3112 2581 3304 2649 etiam,
3350 2598 3481 2636 cum
3514 2600 3624 2637 un-

1927 2670 2068 2735 gant
2098 2664 2415 2733 inﬁrmum,
2450 2682 2659 2720 nomen
2706 2668 2932 2722 Domini
2961 2685 3134 2739 super
3172 2686 3303 2723 eum
3352 2671 3624 2727 invocare

1929 2754 2157 2809 debent.
2190 2754 2258 2807 Et
2288 2755 2333 2807 si
2381 2755 2441 2809 in
2494 2757 2738 2826 peccatis
2769 2757 2863 2824 sit,
2922 2758 3284 2812 dimittentur
3331 2759 3403 2813 ei.
3462 2761 3626 2816 Multi

1928 2845 2166 2912 propter
2211 2848 2443 2912 peccata
2488 2843 2550 2897 in
2596 2845 2849 2899 animam
2902 2845 3064 2914 facta,
3132 2847 3466 2902 inﬁrmitate
3526 2856 3627 2904 aut

1929 2931 2104 2983 etiam
2153 2935 2339 2984 morte
2382 2932 2714 3001 plectuntur
2758 2934 3033 3003 corporis.
3097 2936 3255 2991 Unde
3313 2938 3625 3007 Apostolus

1850 3030 1891 3084 ο
1930 3018 2260 3083 Corinthiis,
2313 3020 2450 3090 quia
2498 3036 2703 3091 corpus
2760 3022 2989 3076 Domini
3036 3024 3271 3094 indigne
3326 3030 3624 3096 percipere

1928 3111 2092 3159 erant
2118 3107 2289 3173 soliti,
2324 3108 2403 3161 ait
2433 3126 2446 3162 :
2481 3128 2508 3159 α
2540 3110 2671 3163 Ideo
2691 3110 2843 3164 inter
2872 3127 2969 3164 vos
2999 3113 3166 3165 multi
3195 3112 3412 3167 inﬁrmi
3438 3120 3494 3167 et
3521 3115 3627 3170 im-

1926 3193 2183 3261 becilles,
2212 3200 2263 3249 et
2295 3195 2589 3251 dormiunt
2622 3199 2806 3251 multi.
2840 3220 2860 3247 ›
2905 3199 2963 3254 Si
2996 3216 3131 3270 ergo
3163 3200 3378 3255 inﬁrmi
3411 3203 3471 3256 in
3491 3219 3625 3273 pec-

1928 3282 2068 3336 catis
2096 3283 2228 3348 sint,
2278 3290 2335 3338 et
2382 3286 2504 3340 hac
2548 3287 2893 3357 presbyteris
2922 3288 3184 3342 Ecclesia
3230 3290 3473 3345 confessi
3500 3292 3624 3346 fue-

1928 3371 2064 3439 rint,
2136 3388 2199 3424 ac
2272 3374 2526 3442 perfecto
2584 3376 2751 3429 corde
2839 3392 2906 3428 ea
2996 3370 3401 3449 derelinquere
3454 3386 3626 3453 atque

1929 3458 2237 3513 emendare
2291 3462 2623 3533 sategerint,
2678 3463 3042 3519 dimittantur
3071 3466 3169 3518 eis.
3225 3469 3420 3538 Neque
3469 3471 3625 3525 enim

1930 3547 2051 3601 sine
2079 3548 2437 3603 confessione
2483 3551 2898 3605 emendationis
2929 3558 3149 3623 queunt
3179 3554 3412 3610 dimitti.
3468 3559 3625 3613 Unde

1928 3640 2081 3689 recte
2112 3635 2482 3707 subjungitur
2513 3655 2525 3691 :
2566 3660 2586 3687 ι
2618 3637 2985 3693 Conﬁtemini
3016 3641 3354 3697 alterutrum
3395 3651 3623 3714 peccata

1928 3729 2137 3789 vestra,
2180 3728 2235 3776 et
2266 3729 2424 3779 orate
2455 3741 2559 3796 pro
2590 3726 2833 3781 invicem
2867 3734 2930 3781 ut
2963 3728 3279 3799 salvemini,
3309 3752 3337 3784 ιο

1931 3812 2058 3867 CAP.
2101 3811 2193 3865 III.
2227 3841 2296 3893 -_—
2313 3816 2404 3893 pe
2424 3815 2535 3893 illis
2566 3816 2663 3880 qui
2690 3821 2910 3893 propter
2931 3818 3169 3871 timorem
3191 3823 3379 3875 mortis
3412 3824 3471 3875 in
3500 3825 3624 3893 ipsa

2235 3884 2560 3953 inﬁmitate
2589 3887 2907 3953 conﬁtentur
2934 3894 3159 3955 peccata
3196 3904 3318 3945 sua.

2003 3972 2117 4038 (Ea:
2162 3974 2384 4026 concilio
2428 3974 2787 4041 Nannenten.,
2842 3977 3017 4044 capite
3074 3976 3150 4045 2.)
3206 3978 3473 4035 Inﬁrmus
3525 3984 3626 4053 qui

1933 4058 2269 4114 necessitate
2315 4061 2519 4115 mortis
2569 4068 2810 4131 urgente
2870 4064 3177 4118 conﬁtetur
3223 4075 3455 4137 peccata
3503 4088 3625 4139 sua,

1932 4148 2038 4201 sub
2068 4163 2136 4199 ea
2155 4148 2485 4203 conditione
2516 4165 2549 4202 a
2595 4150 2889 4205 sacerdote
2920 4154 3326 4210 reconcilietur
3355 4162 3436 4225 ut,
3474 4160 3522 4213 si
3574 4160 3627 4215 ei

1940 4234 2219 4289 Dominus
2266 4236 2444 4291 vitam
2474 4238 2790 4302 donaverit,
2823 4240 3244 4312 sanitatemque
3291 4245 3626 4315 reddiderit,

1941 4323 2259 4377 secundum
2290 4326 2625 4394 qualitatem
2657 4327 2869 4393 delicti,
2899 4333 2957 4382 et
2987 4330 3302 4386 secundum
3341 4349 3630 4391 canonum

1940 4415 2152 4466 statuta
2182 4416 2239 4466 et
2267 4413 2750 4482 panitentialium
2782 4417 3160 4486 probatorum
3192 4421 3487 4491 poeniteat.

1940 4501 2068 4554 CAP.
2138 4499 2245 4581 IV.‘
2287 4530 2361 4581 -τ
2400 4503 2473 4555 De
2503 4502 2613 4581 illis
2678 4506 2877 4581 quiin
2912 4506 3253 4581 necessitatis
3304 4515 3537 4581 tempore
3584 4520 3635 4569 et

2075 4574 2470 4639 panitentiam,
2505 4580 2554 4627 et
2584 4576 3077 4631 reconciliationem
3107 4574 3438 4637 desiderant.

2009 4660 2119 4726 (Ea:
2149 4658 2292 4713 decr.
2342 4660 2537 4715 Leonis
2571 4677 2752 4731 papa,
2809 4667 2988 4733 capite
3036 4667 3115 4735 9.)
3169 4667 3269 4721 His
3300 4676 3493 4725 autem
3534 4672 3636 4743 qui

1940 4746 2001 4800 in
2030 4751 2287 4817 tempore
2339 4749 2689 4803 necessitatis
2738 4756 2793 4805 et
2840 4752 2900 4805 in
2928 4754 3218 4823 periculis,
3262 4765 3503 4828 urgente
3553 4762 3637 4815 in-

1942 4835 2173 4903 stantia,
2227 4836 2560 4906 prasidium
2609 4838 2967 4907 poenitentia
3026 4846 3083 4894 et
3123 4859 3257 4899 mox
3311 4849 3638 4903 reconcilia—

1943 4923 2119 4977 tionis
2176 4923 2511 4993 implorant,
2560 4941 2665 4978 nec
2725 4926 3035 4981 satisfactio
3091 4928 3483 4989 interdicenda
3529 4941 3635 5003 est,

1945 5027 2051 5065 nec
2127 5012 2517 5066 reconciliatio
2584 5013 2966 5085 deneganda:
3017 5017 3153 5087 quia
3227 5021 3637 5078 misericordia

1946 5098 2175 5153 Domini
2192 5117 2295 5154 nec
2318 5116 2612 5154 mensuras
2654 5119 2957 5173 possumus
2978 5121 3212 5174 ponere,
3243 5123 3348 5161 nec
3375 5116 3641 5182 tempora

1948 5187 2235 5242 deﬁnire:
2294 5189 2445 5259 apud
2501 5206 2672 5260 quem
2720 5193 2906 5245 nullas
2949 5194 3165 5262 patitur
3205 5197 3399 5251 venire
3452 5217 3641 5257 moras

1946 5276 2258 5344 conversio,
2300 5276 2520 5331 dicente
2553 5278 2796 5332 Domino
2848 5296 2951 5349 per
2996 5282 3338 5352 prophetam
3372 5303 3385 5340 :
3421 5307 3449 5338 α
3500 5290 3641 5346 Cum

1948 5380 2250 5418 conversus
2280 5365 2647 5434 ingemueris,
2682 5372 2815 5421 tunc
2863 5369 3046 5422 salvus
3095 5370 3224 5424 eris.
3258 5390 3287 5423 ι)
3338 5374 3406 5427 Et
3455 5377 3593 5431 alibi
3626 5396 3638 5432 :

1951 5475 1978 5502 ‹‹
1996 5453 2093 5506 Dic
2109 5453 2440 5523 iniquitates
2454 5459 2579 5509 tuas
2592 5455 2767 5525 prior,
2787 5461 2850 5509 ut
2856 5457 3201 5526 justiﬁceris.
3220 5479 3246 5511 »
3265 5461 3404 5516 Item
3421 5478 3433 5516 :
3451 5485 3476 5513 α
3499 5463 3645 5527 Quia

1953 5539 2107 5609 apud
2158 5539 2469 5594 Dominum
2517 5542 2909 5597 misericordia
2957 5549 3059 5611 est,
3119 5550 3175 5599 et
3222 5549 3453 5617 copiosa
3492 5553 3644 5619 apud

3253 5661 3335 5717 30
