3972 6192
468 274 570 326 939

1541 265 1948 322 BUBCHARDI
1988 263 2517 320 WORMACIENSIS
2555 261 2888 319 EPISCOPI.
3789 269 3858 319 940

465 410 598 450 eum
628 393 969 463 redemptio.
1003 393 1066 446 In
1090 390 1488 461 dispensandis
1518 389 1710 460 itaque
1733 389 1830 443 Dei
1857 389 2022 444 donis
2044 403 2158 441 non
2192 389 2236 442 A
2280 390 2401 442 CAP.
2424 387 2568 440 VIII.
2599 416 2667 425 —
2693 388 2765 463 De
2792 385 2965 453 lapsis
2985 386 3055 463 in
3073 382 3276 463 ultimis
3299 384 3581 463 positistut
3595 386 3760 463 uiatico
3776 402 3861 440 mu-

467 484 740 538 debemus
769 499 888 536 esse
923 481 1204 548 difﬁciles,
1238 495 1341 533 nec
1372 495 1429 532 se
1483 477 1870 532 accusantium
1917 476 2164 548 gemitus

466 574 862 643 lacrymasque
918 570 1230 642 negligere,
1287 585 1416 622 cum
1465 567 1652 636 ipsam
1704 566 2022 637 paenitendi
2078 565 2166 618 af-

471 661 786 716 ﬂictionem
835 677 900 714 ex
949 659 1045 714 Dei
1073 659 1370 712 credamus
1399 655 1775 726 inspiratione
1819 669 2162 708 concessam.

472 749 696 804 dicente
734 750 1008 819 Apostolo
1045 761 1057 802 :
1100 769 1118 794 α
1153 748 1232 800 Ne
1259 746 1406 799 forte
1428 745 1524 799 det
1552 744 1666 798 illis
1699 745 1846 798 Deus
1878 741 2164 813 poeniten-

474 838 613 892 tiam
644 842 709 892 ut
733 836 1073 906 resipiscant
1101 851 1134 888 a
1173 834 1386 888 diaboli
1416 833 1657 903 laqueis,
1717 849 1749 886 a
1797 847 1910 904 quo
1959 829 2168 901 captivi

476 931 747 980 tenentur
777 925 846 979 ad
870 924 1050 994 ipsius
1087 924 1463 976 voluntatem.
1505 943 1526 970 ι

962 1048 1090 1102 CAP.
1124 1049 1180 1100 V.
1212 1076 1278 1086 -—-
1302 1049 1376 1100 De
1392 1045 1576 1099 eadem
1606 1061 1682 1098 re.

552 1165 672 1234 (Em
689 1162 832 1216 decr.
862 1163 1171 1216 Innocentii
1198 1176 1370 1229 papae,
1402 1161 1577 1228 capite
1605 1162 1716 1229 22.)
1735 1160 1804 1212 Et
1833 1158 1940 1212 hoc
1962 1157 2170 1228 quaesi-

479 1257 602 1306 tum
643 1257 749 1317 est,
783 1251 934 1320 quod
969 1250 1036 1303 de
1087 1251 1176 1302 his
1215 1250 1516 1302 observare
1557 1253 1836 1318 oporteat,
1872 1247 1989 1318 qui,
2043 1249 2175 1316 post

482 1340 832 1410 baptismum
864 1338 1024 1392 omni
1051 1344 1308 1407 tempore
1335 1336 1764 1390 incontinentiae
1788 1335 2174 1405 voluptatibus

481 1429 678 1494 dediti,
707 1427 766 1480 in
799 1432 1050 1480 extremo
1082 1425 1195 1479 ﬁne
1231 1425 1360 1478 vitae
1391 1441 1508 1478 suae
1556 1423 1953 1494 paenitentiam
2003 1422 2173 1476 simul

484 1522 539 1570 et
563 1515 1086 1569 reconciliationem
1118 1512 1540 1566 communionis
1574 1517 1905 1580 exposcunt.
1961 1512 2039 1565 De
2089 1511 2176 1564 his

483 1605 802 1659 observatio
864 1603 1025 1672 prior
1097 1601 1315 1666 durior,
1393 1601 1678 1670 posterior
1762 1599 2176 1653 interveniente

2483 473 2628 522 nere,
2667 460 2716 510 si
2742 457 3078 522 rogaterint,
3113 457 3187 507 eis
3229 454 3410 507 debeat
3439 455 3704 507 subveniri.

2345 547 2449 615 (Ea:
2480 547 2638 614 epist.
2667 544 2868 599 Siricii
2892 541 3096 612 papa.)
3141 541 3463 611 Quicunque
3508 542 3693 595 carnali
3743 544 3864 614 fragi-

2277 634 2436 688 litate
2479 634 2828 697 ceciderunt,
2907 631 3109 684 viatico
3154 646 3404 696 munere,
3467 646 3585 682 cum
3629 632 3688 684 ad
3741 633 3863 686 Deum

2275 724 2551 794 coeperint
2578 720 2877 792 proﬁcisci,
2928 720 2974 772 si
3007 719 3339 790 rogaverint,
3385 734 3481 789 per
3530 720 3866 774 communionis

2277 812 2522 882 gratiam
2555 811 2815 864 volumus
2855 807 3166 862 subveniri.

2278 919 2407 973 CAP.
2441 919 2530 972 IX.
2563 947 2633 957 —
2658 920 2732 971 De
2759 917 2870 970 illis
2909 914 3146 984 inﬁmis
3167 916 3278 982 qui.
3301 913 3426 966 dum
3461 916 3782 982 paenitentiam
3806 933 3864 985 pe-

2350 992 2556 1055 tierint,
2602 994 2652 1041 et
2694 993 2985 1055 antequam
3025 985 3272 1040 sacerdos
3327 987 3521 1050 veniat,
3561 987 3769 1062 efﬁciam
3793 992 3863 1040 oris

2348 1063 2630 1114 amittunt.

2353 1148 2463 1215 (Ea:
2496 1149 2654 1216 epist.
2683 1147 2868 1200 Leonis
2891 1144 3098 1214 papa.)
3130 1145 3216 1196 Ita
3245 1159 3381 1211 ergo
3420 1142 3605 1196 talium
3629 1144 3864 1197 necessitati

2281 1234 2672 1290 auxiliandum
2718 1239 2823 1299 est,
2873 1238 2934 1286 ut
2966 1248 3070 1286 nec
3101 1231 3245 1285 actio
3283 1231 3394 1284 illis
3435 1231 3759 1300 paenitentiae,
3802 1248 3863 1284 nec

2281 1321 2701 1376 communionis
2731 1321 2916 1392 gratia
2943 1321 3277 1390 denegetur,
3301 1318 3346 1372 si
3376 1334 3515 1384 eam,
3545 1318 3693 1372 etiam
3719 1320 3860 1372 amisso

2281 1411 2434 1464 vocis
2464 1410 2670 1473 ofﬁcio,
2705 1426 2806 1480 per
2844 1408 3054 1463 indicia
3070 1407 3282 1478 integri
3311 1423 3502 1460 sensus
3530 1423 3747 1477 quaerere
3763 1423 3864 1460 com-

2283 1498 2616 1569 probentur.
2675 1497 2836 1561 Quod
2893 1497 2941 1549 si
3003 1497 3082 1550 ita
3129 1496 3320 1566 aliqua
3385 1494 3678 1564 egritudine
3722 1495 3866 1548 fuerint

2286 1587 2597 1657 aggravati,
2681 1591 2766 1652 ut,
2830 1585 2984 1656 quod
3057 1585 3227 1655 paulo
3301 1588 3428 1638 ante
3475 1584 3755 1653 poscebant,
3798 1585 3867 1635 sub

485 1690 877 1745 misericordia
908 1689 1234 1742 inclinatior
1284 1693 1386 1741 est.
1438 1689 1576 1742 Nam
1627 1687 1978 1741 consuetudo
2021 1686 2120 1757 prie

2297 1675 2594 1745 praesentia
2617 1673 2939 1744 signiﬁcare
2961 1689 3078 1726 non
3107 1673 3351 1736 valeant,
3374 1671 3671 1724 testimonia
3689 1670 3868 1724 ﬁdelium

485 1779 671 1833 tenuit
700 1783 760 1832 ut
779 1778 1185 1831 concederetur
1214 1776 1295 1830 eis
1325 1776 1681 1846 poenitentia,
1713 1775 1812 1830 sed
1848 1775 2178 1830 communio

487 1869 815 1936 negaretur.
850 1867 992 1918 Nam
1021 1881 1151 1918 cum
1189 1864 1300 1918 illis
1338 1864 1694 1933 temporibus
1731 1865 1945 1918 crebras
1984 1880 2178 1934 perse-

489 1955 744 2007 cutiones
774 1957 982 2021 essent,
1032 1969 1102 2006 ne
1153 1952 1576 2006 communionis
1623 1967 1895 2006 concessa
1940 1952 2180 2006 facilitas

487 2041 752 2096 homines
782 2041 851 2094 de
872 2041 1334 2094 reconciliatione
1384 2057 1613 2094 securos
1652 2056 1767 2094 non
1799 2045 2093 2095 revocaret
2149 2058 2182 2094 a

489 2131 675 2201 lapsu,
709 2129 912 2184 merito
939 2132 1149 2198 negata
1175 2129 1505 2182 communio
1538 2133 1642 2196 est,
1703 2145 1964 2184 concessa
1997 2128 2182 2200 paeni-

489 2219 698 2284 tentia;
741 2233 812 2271 ne
858 2221 1045 2271 totum
1097 2217 1328 2287 penitus
1379 2223 1732 2288 negaretur:
1787 2225 1842 2273 et
1891 2217 2181 2272 duriorem

489 2308 877 2362 remissiorem
959 2306 1092 2360 fecit
1136 2307 1414 2376 temporis
1482 2306 1644 2360 ratio.
1714 2306 1822 2361 Sed
1879 2311 2183 2377 postquam

493 2396 768 2450 Dominus
798 2399 992 2449 noster
1045 2411 1243 2464 pacem
1278 2380 1535 2449 Ecclesiis
1578 2395 1694 2448 suis
1739 2395 2006 2462 reddidit,
2064 2395 2184 2464 jam

491 2490 710 2539 terrore
740 2484 999 2554 depulso,
1033 2484 1500 2538 communionem
1529 2483 1654 2537 dari
1677 2483 2020 2537 abeuntibus
2059 2483 2184 2552 pla-

495 2573 628 2640 cuit,
663 2577 720 2626 et
751 2577 987 2643 propter
1017 2573 1489 2637 misericordiam,
1531 2572 1691 2643 quasi
1733 2572 2005 2626 viaticum
2045 2588 2185 2641 pro-

494 2661 746 2728 fecturis,
779 2666 834 2715 et
868 2677 939 2715 ne
973 2661 1271 2714 Novatiani
1306 2661 1577 2725 haeretici,
1635 2661 1899 2731 negantis
1932 2661 2178 2722 veniam,

493 2750 858 2821 asperitatem
880 2753 937 2803 et
965 2749 1237 2802 duritiam
1259 2749 1531 2818 subsequi
1547 2749 1860 2802 videamur.
1880 2748 2187 2802 Tribuetur

493 2853 629 2908 ergo
659 2853 790 2892 cum
820 2837 1159 2908 paenitentia
1190 2842 1443 2891 extrema
1476 2837 1828 2903 communio,
1885 2841 1948 2890 ut
2002 2835 2185 2890 homi-

2287 1764 2776 1818 circumstantium
2808 1763 2921 1816 illis
2952 1762 3223 1832 prodesse
3262 1761 3468 1814 debent
3497 1776 3508 1812 :
3542 1761 3689 1812 simul
3735 1766 3866 1812 tamen

2290 1858 2347 1907 et
2375 1851 2751 1923 poenitentiae,
2785 1856 2842 1905 et
2868 1848 3346 1905 reconciliationis
3385 1846 3691 1902 beneﬁcium
3733 1863 3868 1900 conse-

2290 1946 2560 2012 quantur.

2753 2028 2876 2082 CAP.
2908 2029 2968 2081 Χ.
3019 2058 3086 2065 -
3121 2029 3193 2081 De
3222 2025 3406 2081 eadem
3440 2042 3512 2079 re.

2362 2119 2481 2184 (Ea:
2535 2118 2759 2172 concilio
2816 2117 3101 2184 Carthag.,
3151 2117 3331 2184 capite
3376 2114 3483 2185 81.)
3539 2115 3584 2167 Is
3630 2113 3709 2183 qui
3742 2111 3870 2180 pani-

2292 2207 2526 2259 tentiam
2574 2205 2631 2258 in
2693 2203 3025 2258 infirmitate
3055 2203 3218 2273 petit,
3271 2203 3316 2256 si
3347 2218 3494 2269 casu,
3537 2202 3654 2256 dum
3691 2200 3744 2253 ad
3781 2213 3871 2252 eum

2293 2294 2551 2350 sacerdos
2614 2293 2884 2346 invitatus
2935 2292 3109 2356 venit,
3166 2307 3471 2362 oppressus
3523 2290 3578 2343 in
3630 2287 3872 2342 inﬁrmitate

2293 2383 2664 2450 obmutuerit,
2700 2382 2834 2436 dent
2865 2379 3264 2434 testimonium
3295 2380 3395 2450 qui
3416 2395 3539 2433 eum
3563 2378 3814 2438 audierunt,
3836 2379 3877 2426 et

2294 2472 2532 2542 accipiat
2565 2470 2984 2540 pmnitentiam,
3019 2474 3094 2536 et,
3123 2469 3170 2522 si
3212 2468 3478 2522 continuo
3521 2467 3731 2520 creditur
3753 2463 3874 2517 mori-

2293 2566 2477 2626 turus,
2545 2558 2944 2612 reconcilietur
2992 2573 3097 2627 per
3151 2573 3359 2611 manus
3417 2555 3796 2626 impositiouem,
3839 2555 3876 2602 et

2295 2647 2632 2702 infundatur
2688 2646 2773 2700 ori
2853 2648 2975 2716 ejus
3053 2645 3427 2699 Eucharistia.
3479 2645 3532 2699 Si
3574 2639 3874 2714 supervixerit,

2295 2737 2676 2790 admoneatur
2712 2751 2745 2788 a
2800 2733 3140 2804 supradictis
3183 2734 3425 2788 testibus
3453 2732 3686 2803 petitioni
3717 2745 3803 2782 sua
3825 2743 3880 2778 sa.

2295 2825 2602 2890 tisfactum,
2664 2828 2722 2877 et
2779 2838 2838 2876 se
2889 2822 3183 2876 subditum
3240 2823 3459 2876 statutis
3502 2818 3794 2892 paenitentia:
3824 2816 3878 2868 le-

493 2903 594 2979 nes
642 2903 975 2995 hujusinodi
1020 2924 1106 2977 vel
1167 2923 1228 2976 in
1287 2924 1570 2993 supremis
1625 2924 1764 2988 suis,
1819 2923 2185 2993 permittente
2218 2917 2259 2971 C
2295 2914 2482 2986 gibus,
2545 2911 2804 2982 quandiu
2871 2910 3132 2964 sacerdos
3181 2909 3286 2980 qui
3359 2907 3708 2980 paenitentiam
3753 2903 3878 2964 dedit,

494 3014 784 3069 Salvatore
817 3017 1031 3080 nostro,
1065 3029 1100 3065 a
1123 3017 1404 3082 perpetuo
1435 3011 1604 3065 exitio
1626 3011 2007 3065 vindicentur.

494 3154 625 3209 Car.
659 3154 750 3207 VI.
774 3183 842 3192 ——
874 3155 946 3206 De
975 3153 1088 3205 illis
1137 3155 1234 3219 qui
1273 3151 1347 3204 ad
1375 3154 1582 3205 exitum
1608 3153 1848 3216 veniunt,
1900 3156 1960 3205 ut
1998 3153 2191 3206 ultimo

742 3228 792 3281 et
833 3224 1130 3276 necessario
1155 3224 1351 3275 viatico
1375 3224 1597 3275 minime
1629 3224 1937 3290 priventur.

569 3337 682 3406 (Ea:
723 3336 944 3390 concilio
989 3336 1224 3402 Niceno,
1255 3336 1430 3403 capite
1462 3334 1568 3404 l3.)
1619 3336 1694 3388 De
1722 3334 1811 3388 bis
1842 3335 1942 3405 qui
1970 3335 2039 3390 ad
2081 3337 2191 3390 exi-

494 3429 615 3478 tum
679 3424 918 3478 veniunt
963 3423 1137 3476 etiam
1186 3439 1336 3476 nunc
1373 3423 1461 3476 lex
1513 3423 1750 3493 antiqua
1795 3423 2190 3494 regularisque

495 3513 832 3579 servabitur,
874 3512 955 3566 ita
981 3517 1045 3565 ut
1073 3511 1120 3564 si
1159 3512 1286 3582 quis
1306 3511 1601 3582 egreditur
1630 3528 1659 3564 e
1690 3527 1951 3581 corpore,
1983 3513 2187 3567 ultimo

497 3608 554 3656 et
582 3599 901 3656 necessario
932 3599 1137 3653 viatico
1169 3599 1406 3652 minime
1435 3600 1708 3669 privetur.
1766 3600 1925 3663 Quod
1970 3600 2017 3653 si
2069 3601 2191 3656 des-

495 3697 730 3762 peratus
759 3694 816 3744 et
857 3694 1196 3744 consecutus
1235 3689 1725 3756 communionem,
1768 3689 2188 3762 oblationisque

494 3780 781 3852 particeps
830 3779 1028 3844 factus,
1080 3777 1290 3832 iterum
1338 3777 1734 3832 convaluerit:
1787 3779 1857 3831 sit
1894 3777 2045 3833 inter
2091 3795 2189 3833 eos

493 3869 593 3940 qui
659 3866 1129 3922 communionem
1187 3866 1464 3920 orationis
1519 3867 1916 3920 tantummodo
1993 3883 2189 3922 conse-

494 3961 768 4028 quuntur.
802 3955 1152 4010 Generaliter
1206 3959 1400 4009 autem
1440 3954 1601 4008 omni
1647 3953 1883 4008 cuilibet
1934 3953 1996 4008 in
2031 3955 2188 4009 exitu

494 4045 698 4115 posito,
734 4049 791 4098 et
820 4042 1077 4112 poscenti
1115 4042 1222 4096 sibi
1250 4042 1676 4096 communionis
1713 4041 1956 4112 gratiam
1985 4043 2184 4110 tribui,

493 4133 796 4204 episcopus
827 4130 1202 4201 probabiliter
1230 4146 1300 4184 ex
1323 4129 1611 4184 oblatione
1635 4132 1770 4185 dare
1801 4131 2048 4186 debebit.

496 4239 622 4294 CAP.
661 4239 773 4292 VII.
830 4266 918 4306 —-‘,
934 4236 1090 4300 Quod
1125 4238 1440 4304 pmnitentia
1468 4238 1638 4302 possit
1683 4237 1892 4290 abolere
1941 4242 2182 4306 peccata,

735 4309 952 4362 etiamsi
975 4310 1034 4360 in
1062 4307 1252 4360 ultimo
1279 4309 1406 4360 vitae
1432 4309 1633 4375 spiritu
1657 4310 1942 4376 pce-niteat.

567 4412 678 4481 (Ea:
706 4413 927 4466 concilio
965 4410 1231 4478 Mogunt.,
1258 4412 1434 4480 capite
1462 4410 1539 4482 2.)
1589 4411 1986 4467 Poenitentiam
2015 4430 2184 4483 posse

494 4497 722 4552 abolere
769 4503 1000 4568 peccata
1052 4497 1444 4552 indubitanter
1495 4499 1799 4566 credimus,
1861 4500 2086 4554 etiamsi
2125 4501 2185 4556 in

492 4587 697 4641 ultimo
728 4587 857 4641 vitae
889 4586 1095 4657 spiritu
1117 4586 1396 4640 admissor
1421 4587 1714 4657 poeniteat,
1744 4593 1801 4642 et
1824 4589 1915 4642 vel
1955 4589 2185 4659 publica

490 4675 900 4730 lamentatione
956 4679 1185 4746 peccata
1233 4675 1548 4746 prodantur
1588 4691 1601 4729 :
1660 4676 1795 4746 quia
1826 4677 2182 4746 propositum

489 4762 606 4828 Dei,
649 4761 802 4832 quod
832 4761 1081 4814 decrevit
1102 4761 1317 4814 salvere
1349 4761 1502 4832 quod
1532 4760 1800 4830 perierat,
1838 4767 1950 4816 stat
1969 4762 2180 4817 immo-

486 4849 621 4904 bile.
657 4851 721 4903 Et
753 4848 900 4917 ideo,
951 4848 1087 4918 quia
1132 4848 1393 4901 voluntas
1443 4849 1564 4918 ejus
1603 4864 1718 4902 non
1749 4854 2024 4918 mutatur,
2066 4851 2181 4906 sive

487 4937 887 4993 emendatione
926 4937 1074 5002 vitae,
1136 4936 1180 4989 si
1235 4941 1463 5005 tempus
1502 4937 1847 5005 conceditur,
1891 4937 2006 4992 sive
2036 4955 2178 5010 sup-

483 5026 616 5096 plici
646 5025 1023 5089 confessione,
1068 5023 1116 5076 si
1147 5024 1419 5077 continuo
1475 5023 1590 5078 vita
1641 5025 1955 5093 exceditur,
2013 5027 2180 5083 venia

481 5118 848 5184 peccatorum
869 5111 1114 5166 ﬁdeliter
1151 5115 1534 5180 praesumetur
1556 5111 1626 5165 ab
1651 5111 1748 5165 illo
1781 5112 1880 5183 qui
1913 5129 2028 5168 non
2056 5116 2179 5169 vult

481 5208 726 5255 mortem
760 5200 1091 5270 peccatoris,
1123 5199 1220 5253 sed
1282 5205 1344 5251 ut
1380 5204 1743 5254 convertatur
1771 5216 1803 5254 a
1854 5201 2175 5271 perditione

477 5289 833 5357 paenitendo,
865 5293 922 5342 et
951 5289 1201 5341 salvetur
1230 5286 1599 5342 miseratione
1629 5288 1882 5356 Domini,
1909 5294 1972 5344 ut
1999 5290 2172 5346 vivat.

474 5375 530 5430 Si
562 5377 691 5447 quis
729 5376 896 5430 aliter
950 5376 1019 5430 de
1043 5375 1358 5446 justissima
1388 5376 1597 5446 pietate
1656 5376 1756 5431 Dei
1814 5378 2004 5444 sentit,
2053 5395 2173 5433 non

473 5462 852 5530 Christianus,
889 5463 985 5518 sed
1017 5463 1364 5518 Novatianus
1393 5467 1496 5517 est.

2299 3000 2642 3074 probaverit.

2745 3087 2876 3141 Car.
2908 3086 3002 3140 XI.
3026 3116 3096 3126 —
3126 3085 3209 3139 De
3247 3086 3428 3140 eadem
3462 3102 3533 3140 re.

2370 3181 2482 3247 (Ea:
2511 3176 2653 3230 decr.
2695 3176 2918 3230 Eusebii
2941 3190 3120 3245 papa,
3154 3178 3336 3244 capite
3371 3176 3473 3245 t0.)
3501 3173 3557 3230 Si
3603 3173 3708 3244 quis
3750 3167 3883 3241 pani-

2296 3267 2538 3321 tentiam
2571 3270 2789 3336 petens,
2835 3264 2972 3318 dum
3003 3265 3269 3318 sacerdos
3311 3263 3538 3329 venerit,
3566 3260 3711 3316 fuerit
3751 3253 3882 3310 ofﬁcio

2240 3403 2246 3409 .
2296 3358 2510 3426 linguae
2535 3354 2814 3424 privatus,
2851 3354 3225 3407 constitutum
3263 3359 3347 3408 est
3394 3358 3470 3422 ut,
3516 3353 3558 3406 si
3584 3351 3753 3405 idonea
3772 3343 3883 3399 testi-

2299 3441 2494 3494 monia
2550 3441 2815 3495 habuerit
2869 3442 3024 3513 quod
3078 3442 3200 3513 ipse
3264 3442 3636 3514 paenitentiam
3683 3435 3881 3509 petiisset.

2297 3533 2354 3582 et
2396 3529 2519 3599 ipse
2563 3546 2668 3599 per
2695 3536 2886 3584 motus
2947 3530 3171 3600 aliquos
3223 3548 3341 3586 suae
3397 3527 3673 3584 voluntatis
3717 3519 3881 3592 aliquod

2297 3617 2528 3687 signum
2572 3619 2757 3672 facere
2787 3623 2993 3688 potest,
3033 3619 3301 3674 sacerdos
3339 3619 3562 3690 impleat
3586 3613 3760 3676 omnia,
3785 3609 3885 3662 sicut

2295 3722 2470 3776 supra
2522 3707 2672 3760 circa
2710 3712 3083 3778 mgrotantem
3118 3707 3491 3779 paenitentem
3541 3704 3772 3774 scriptum
3812 3699 3881 3754 est,

2293 3793 2350 3847 id
2381 3798 2482 3859 est,
2518 3795 2810 3850 orationes
2835 3796 3003 3862 dicat,
3040 3801 3096 3850 et
3125 3796 3458 3868 ungatfeum
3499 3799 3672 3848 sancto
3695 3789 3808 3848 oleo,
3848 3787 3883 3834 et

2300 3882 2708 3936 Eucharistiam
2739 3883 2791 3937 ei
2823 3885 3019 3950 donet,
3065 3888 3140 3951 et,
3175 3891 3478 3956 postquam
3515 3879 3712 3947 obierit,
3743 3878 3791 3928 nt
3817 3886 3881 3925 ce-

2293 3969 2432 4023 teris
2462 3970 2724 4026 ﬁdelibus
2753 3971 2804 4026 ei
2836 3972 3258 4028 snbministret.

2294 4075 2424 4131 CAP.
2455 4076 2569 4131 XII.
2595 4107 2666 4118 —
2687 4079 2765 4132 De
2793 4079 2910 4134 illis
2931 4081 3028 4147 qui
3057 4081 3116 4132 in
3144 4080 3344 4134 ultima
3371 4077 3668 4147 egritudine
3699 4071 3880 4143 paenitue-

2623 4151 2758 4216 rint,
2801 4154 2851 4203 et
2881 4165 3007 4204 mea:
3042 4153 3380 4206 reconciliati
3420 4151 3630 4217 fuerint.

2366 4235 2485 4306 (Ea:
2514 4236 2678 4292 dictis
2706 4242 2972 4305 August.)
2994 4239 3138 4294 Sane
3169 4239 3434 4310 quisquis
3453 4236 3651 4308 positus
3675 4233 3724 4285 in
3744 4226 3878 4282 ultima

2293 4321 2627 4378 necessitate
2675 4326 3030 4395 aegritudinis
3060 4344 3176 4381 suae
3221 4327 3529 4398 accceperit
3558 4317 3879 4396 paenitentiam.

2294 4416 2350 4465 et
2381 4428 2514 4466 mox
2554 4414 2953 4469 reconciliatus
2983 4415 3177 4484 fuerit,
3227 4423 3285 4471 et
3313 4415 3589 4470 transierit
3614 4413 3673 4466 de
3693 4415 3879 4475 corpore,

2293 4499 2476 4554 fateor
2524 4502 2703 4570 vobis,
2762 4519 2880 4556 non
2906 4504 2991 4557 illi
3019 4520 3300 4574 negamus
3348 4505 3500 4576 qugd
3525 4501 3666 4574 petit,
3714 4493 3789 4549 sed
3812 4502 3881 4543 nec

2290 4604 2578 4658 praesumo
2619 4590 2807 4644 dicere
2854 4591 2991 4662 quia
3020 4593 3164 4647 bene
3221 4593 3359 4647 hinc
3401 4591 3608 4646 exierit.
3637 4585 3685 4641 Si
3717 4589 3882 4637 securus

2291 4675 2424 4729 hinc
2455 4676 2672 4744 exierit,
2713 4693 2819 4748 ego
2868 4678 3056 4742 nescio
3091 4695 3105 4734 :
3153 4679 3547 4750 paenitentiam
3598 4676 3709 4731 dare
3734 4678 3879 4740 possu-

2290 4779 2437 4832 mus,
2471 4765 2836 4820 securitatem
2875 4772 3065 4822 autem
3098 4768 3234 4824 dare
3284 4784 3402 4823 non
3449 4777 3731 4838 possumus.
3771 4755 3881 4809 Nun-

2291 4851 2432 4922 quid
2459 4853 2586 4907 dico
2623 4853 3033 4910 damnabitur?
3079 4855 3186 4911 Sed
3219 4872 3324 4911 nec
3373 4856 3494 4911 dico
3523 4853 3644 4925 quia
3682 4838 3882 4902 liberabi-

2286 4944 2398 4994 tur.
2436 4941 2530 4994 Vis
2554 4946 2608 4995 te
2636 4959 2666 4995 a
2697 4943 2873 4997 dubio
2917 4943 3188 5000 liberari?
3234 4945 3328 4999 Vis
3359 4943 3506 5016 quod
3559 4941 3792 4995 incertum
3826 4929 3883 5016 φεῖ

2289 5029 2567 5083 evadere?
2605 5032 2722 5100 Age
2762 5032 3156 5100 penitentiam
3197 5033 3333 5087 dum
3380 5015 3549 5087 sanus
3595 5044 3664 5082 es.
3703 5021 3749 5078 Si
3773 5015 3880 5072 enim

2286 5117 2408 5187 agis
2440 5133 2629 5171 veram
2661 5118 3055 5189 paenitentiam
3089 5121 3224 5176 dum
3258 5137 3430 5176 sanus
3455 5136 3531 5187 es,
3579 5122 3630 5171 et
3670 5101 3880 5196 invener'it

2285 5209 2342 5258 te
2397 5205 2738 5260 novissimus
2781 5208 2921 5275 dies,
2980 5210 3161 5264 curris
3217 5215 3279 5263 ut
3328 5202 3700 5263 reconcilieris.
3744 5195 3786 5251 Si
3826 5195 3876 5242 εκ

2285 5291 2429 5362 agis,
2481 5309 2714 5347 securus
2761 5311 2839 5349 es.
2903 5296 3035 5350 Ideo
3089 5297 3213 5351 dico
3267 5297 3374 5351 tibi
3415 5295 3546 5367 quia
3595 5299 3787 5345 securas
3823 5291 3871 5338 θεν

2285 5381 2421 5452 quia
2473 5381 2640 5452 egisti
2695 5382 3092 5453 paenitentiam
3151 5402 3217 5440 eo
3263 5391 3516 5456 tempore
3573 5395 3671 5453 quo
3708 5376 3874 5456 peccare

2281 5470 2537 5538 potuisti.
2591 5469 2646 5524 Si
2703 5476 2896 5527 autem
2953 5473 3037 5528 vis
3091 5490 3258 5546 agere
3310 5454 3678 5544 pcenitentiam
3711 5454 3876 5532 quando
