4010 6192
136 263 246 313 941

943 271 1420 330 DECRETORUM
1463 280 1649 337 LIBRI
1686 285 1793 339 XX.
1826 315 1895 325 -
1936 288 2146 345 LIBER
2187 292 2490 351 DECIMUS
2527 300 2856 362 OCTAVUS.

3571 331 3674 382 942

123 385 263 451 jam
294 401 529 455 peccare
561 404 679 441 non
734 396 921 461 potes,
970 401 1206 463 peccata
1258 400 1313 451 te
1353 398 1715 475 dimiserunt,
1748 425 1864 463 non
1894 413 1939 464 A
1980 414 2371 483 reconcilient,
2405 423 2479 488 et,
2515 422 2659 479 sicut
2687 445 2858 505 supra
2886 437 3291 509 pramisimus,
3323 445 3679 505 inﬁrmantes

130 478 198 509 in
235 480 461 509 nnnnnto
2008 502 2021 509 -
2113 504 2123 509 -

130 478 199 526 tu
234 480 485 544 peccata.

128 579 273 634 CAP.
302 582 436 664 XIII.
470 614 538 623 —
568 587 642 638 De
661 586 907 670 illis-qui
932 590 989 641 in
1006 593 1249 670 periculo
1291 599 1414 649 sunt
1439 602 1739 669 constituti,
1774 609 1853 670 ut,

324 657 568 725 episcopo
614 659 874 721 consulto,
915 657 1206 732 presbyter
1236 678 1320 718 eos
1350 674 1675 726 reconciliet.

208 758 327 825 (Ea:
371 762 589 816 concilio
637 765 929 834 Carthag.,
977 769 1159 835 capite
1188 769 1269 839 4.)
1312 774 1577 829 Aurelius
1635 779 1850 848 episco-

127 859 251 912 pus
278 846 443 903 dixit:
482 871 510 898 «
542 850 599 905 Si
631 852 939 923 quisquam
970 855 1027 907 in
1063 857 1319 926 periculo
1362 862 1535 918 fuerit
1575 846 1852 920 constitu-

130 937 257 1001 tus,
327 942 384 990 et
448 941 804 995 reconciliari
860 942 1070 996 divinis
1145 946 1419 1003 altaribus
1487 953 1738 1022 petierit,
1804 956 1853 1009 si

134 1021 445 1092 episcopus
536 1027 741 1082 absens
823 1030 1016 1098 fuerit,
1078 1032 1247 1089 debet
1297 1021 1506 1110 utique
1554 1043 1853 1113 presbyter

134 1113 441 1166 consulere
471 1115 827 1186 episcopum,
870 1125 928 1173 et
956 1121 1036 1173 sic
1065 1123 1487 1191 periclitantem
1541 1132 1665 1201 ejus
1694 1147 1850 1201 pra-

134 1205 311 1268 cepto
366 1204 753 1259 reconciliare.
804 1228 832 1255 ››
889 1207 1071 1272 Quam
1128 1227 1251 1267 rem
1303 1216 1577 1270 debemus
1633 1220 1849 1273 salubri

134 1287 380 1342 consilio
410 1290 703 1347 roborare.

134 1392 266 1447 CAP.
305 1395 432 1448 XIV.
460 1425 528 1437 -—
550 1400 629 1451 De
656 1401 891 1467 inﬁrmis
922 1404 981 1455 in
1014 1407 1255 1471 periculo
1294 1413 1485 1465 mortis
1510 1414 1842 1468 constitutis.

206 1500 324 1569 (Ea:
359 1504 723 1558 Panitentiali
756 1507 1061 1576 Theodori.)
1090 1512 1175 1566 Ab
1214 1514 1460 1570 inﬁrmis
1503 1518 1565 1571 in
1592 1518 1848 1588 periculo

132 1588 343 1642 mortis
384 1590 597 1659 positis,
632 1609 736 1663 per
789 1596 1152 1666 presbyteros
1210 1619 1355 1673 pura
1385 1605 1732 1676 inquirenda
1761 1613 1849 1661 est

128 1677 416 1732 confessio
472 1685 854 1749 peccatorum,
895 1701 1011 1738 non
1061 1691 1257 1745 tamen
1318 1692 1435 1746 illis
1492 1683 1920 1765 imponendaB

131 1765 426 1834 quantitas
490 1768 864 1838 panitentia,
940 1774 1036 1827 sed
1109 1776 1542 1848 innotescenda,
1605 1786 1662 1836 et
1715 1798 1847 1837 cum

128 1853 452 1908 amicorum
529 1856 881 1913 orationibus
957 1866 1013 1915 et
1072 1865 1579 1939 eleemosynarum
1638 1871 1846 1925 studiis

127 1942 361 2010 pondus
391 1944 742 2012 paenitentia
787 1949 1232 2008 sublevandam:
1278 1962 1336 2009 et
1366 1957 1413 2010 si
1445 1958 1594 2012 forte
1626 1958 1845 2028 migra-

128 2028 341 2095 verint,
392 2046 461 2083 ne
506 2032 740 2102 obligati
796 2052 861 2089 ex
907 2040 1322 2096 communione
1383 2044 1582 2111 alieni,
1624 2046 1714 2098 vel
1776 2063 1842 2101 ex

126 2117 414 2170 consortio
470 2120 644 2173 venia
680 2121 839 2176 ﬁant.
901 2127 947 2178 A
979 2141 1095 2195 quo
1144 2129 1401 2198 periculo
1462 2132 1510 2185 si
1563 2132 1842 2188 divinitus

126 2211 363 2274 ereptus
395 2210 763 2276 convaluerit,
790 2212 1145 2282 panitentia
1179 2219 1417 2273 modum
1476 2237 1509 2273 a
1563 2238 1668 2275 suo
1702 2238 1836 2276 con-

127 2294 341 2348 fessore
373 2294 698 2366 impositum
750 2301 1061 2371 diligenter
1121 2304 1404 2361 observet.
1441 2310 1511 2362 Et
1542 2309 1697 2376 ideo,
1750 2328 1835 2366 se-

124 2382 383 2435 cundum
446 2386 776 2441 canonicam
848 2391 1270 2459 auctoritatem,
1342 2411 1413 2449 ne
1486 2396 1603 2450 illis
1657 2398 1838 2467 janua

121 2470 356 2540 pietatis
385 2472 569 2527 clausa
596 2476 873 2542 videatur,
912 2479 1273 2535 orationibus
1314 2488 1369 2536 et
1416 2487 1835 2541 consolationi-

120 2560 226 2613 bus
260 2561 648 2617 ecclesiasticis
697 2582 855 2620 sacra
909 2584 1041 2621 cum
1102 2570 1379 2627 unctione
1422 2574 1535 2628 olei
1568 2576 1830 2643 animati,

116 2648 434 2703 secundum
492 2656 699 2706 statuta
730 2659 1059 2711 sanctorum
1097 2658 1355 2727 Patrum,
1414 2665 1831 2719 communione

116 2737 311 2791 viatici
338 2738 684 2795 reﬁciantur.

185 2855 313 2908 CAP.
340 2854 446 2907 XV.
478 2883 555 2938 -‘
577 2858 648 2938 De
674 2857 1044 2938 quodamqui
1074 2863 1358 2938 Christum
1386 2874 1717 2938 negaverat,

330 2926 585 2993 quomodo
614 2931 669 2981 in
692 2926 964 2983 extremis
987 2934 1185 2988 viatico
1208 2926 1478 2991 liberatus
1504 2944 1607 2994 est.

188 3031 500 3099 (Dionysius
530 3035 589 3086 in
616 3036 907 3090 ecclesiast.
940 3038 1189 3092 Historia
1232 3041 1415 3111 dicit.)
1471 3043 1543 3097 In
1577 3046 1824 3100 Historia

119 3119 495 3173 ecclesiastica
566 3121 891 3193 Dionysius,
959 3128 1276 3182 rescribens
1336 3132 1404 3184 ad
1476 3132 1819 3202 Fabianum,

118 3204 337 3259 inducit
366 3209 672 3277 quamdam
698 3210 1020 3276 historiam,
1069 3214 1263 3270 dicens
1288 3218 1615 3289 :quemdam
1647 3223 1820 3279 fuisse

115 3296 270 3365 apud
324 3296 743 3365 Alexandriam,
805 3316 990 3354 unum
1060 3318 1128 3356 ex
1178 3305 1266 3358 his
1318 3307 1420 3377 qui
1467 3308 1615 3379 lapsi
1655 3316 1816 3379 sunt;

116 3384 387 3438 eumdem
436 3401 585 3455 sape
629 3387 999 3457 deprecatum
1029 3406 1150 3446 esse
1184 3397 1245 3447 ut
1273 3396 1680 3467 susciperetur,
1714 3408 1820 3455 nec

114 3476 311 3526 tamen
332 3472 688 3543 impetrasse.
722 3476 1074 3547 Oppressum
1136 3480 1344 3537 deinde
1392 3484 1549 3538 hunc
1576 3489 1817 3557 agritu-

111 3560 273 3625 dine,
327 3561 404 3615 ita
453 3566 516 3616 ut
568 3568 684 3618 tres
741 3564 865 3619 dies
914 3566 1034 3621 sine
1092 3585 1227 3623 voce
1284 3587 1517 3641 prorsus
1567 3574 1814 3645 jaceret:

106 3649 415 3718 paululum
442 3666 572 3705 vero
628 3657 832 3723 quarta
860 3654 953 3709 die
1011 3657 1409 3727 respirantem,
1465 3677 1692 3717 vocasse
1744 3665 1816 3718 ad

108 3752 168 3789 se
188 3736 429 3791 filiolam
459 3754 644 3806 suam,
685 3744 744 3795 et
776 3742 983 3796 dixisse
1044 3744 1251 3800 fertur:
1314 3766 1342 3799 ‹‹
1371 3748 1693 3821 {Quousque
1723 3768 1815 3805 me

108 3824 430 3880 detinetis?
486 3827 688 3891 Quaso
745 3846 846 3884 vos
903 3830 1016 3886 cito
1071 3833 1282 3905 aliquis
1345 3838 1814 3909 presbyterorum

108 3912 330 3975 veniat,
362 3918 423 3967 ut
450 3915 665 3985 possim
695 3917 927 3973 dimitti.
967 3940 989 3969 ι
1018 3921 1083 3974 Et
1113 3938 1243 3976 cum
1270 3923 1377 3978 hoc
1409 3925 1662 3995 dixisset,
1689 3945 1813 3983 rur-

106 4016 242 4053 sum
278 4000 400 4055 sine
450 4018 585 4057 voce
616 4007 953 4074 permansit.
1015 4009 1170 4063 Abiit
1197 4012 1307 4065 cito
1360 4028 1531 4067 cursu
1559 4016 1631 4070 ad
1688 4034 1814 4088 pre-

104 4088 408 4157 sbyterum
448 4107 609 4162 puer,
668 4094 852 4148 noctis
897 4100 1172 4167 tempore.
1233 4101 1638 4158 Inﬁrmabatur
1675 4122 1812 4176 pre—

105 4177 326 4246 sbyter,
360 4179 552 4233 venire
592 4197 709 4235 non
740 4183 956 4253 potuit:
1008 4191 1226 4255 tamen,
1282 4188 1417 4259 quia
1462 4198 1809 4263 praceptum

103 4265 305 4317 fuerat
332 4270 397 4318 ut
424 4266 596 4336 lapsis
637 4268 698 4322 in
732 4270 886 4324 exitu
934 4287 1103 4326 nemo
1162 4275 1644 4331 reconciliationis
1666 4280 1812 4333 sola-

102 4351 184 4404 tia
215 4351 545 4423 denegaret.
586 4361 642 4410 et
690 4359 938 4413 maxime
970 4360 1059 4414 bis
1110 4378 1253 4432 quos
1306 4364 1466 4434 prius
1494 4365 1553 4419 id
1583 4382 1811 4437 rogasse

102 4445 355 4509 constat,
417 4459 619 4513 parum
680 4446 1053 4503 Eucharistia
1126 4467 1303 4521 puero
1362 4454 1535 4509 dedit.
1600 4455 1811 4524 Regre-

103 4528 307 4582 diente
333 4530 515 4585 adhuc
547 4550 753 4604 puero,
781 4540 1091 4607 antequam
1126 4539 1524 4610 ingrederetur
1552 4540 1806 4612 domum,

100 4632 344 4671 rursum
367 4618 672 4692 Serapion:
700 4644 728 4673 «
750 4624 989 4693 Redisti,
1032 4627 1240 4699 inquit,
1261 4629 1345 4683 fili
1361 4629 1388 4683 7
1413 4631 1565 4685 Licet
1584 4632 1811 4703 presby-

99 4710 193 4760 ter
256 4708 442 4762 venire
471 4726 587 4764 non
616 4712 826 4782 potuit,
864 4718 1058 4769 tamen
1082 4715 1261 4787 imple
1293 4718 1448 4789 quod
1490 4720 1592 4775 tibi
1624 4721 1809 4791 impe-

96 4800 301 4848 ratum
348 4800 449 4864 est,
492 4804 558 4853 ut
615 4801 831 4869 possim
862 4803 1144 4859 recedere.
1182 4826 1211 4855 »
1243 4806 1497 4878 Cumque
1528 4809 1810 4879 acciperet

94 4884 543 4952 Eucharistiam,
612 4888 769 4943 velut
838 4892 1056 4946 catenis
1116 4894 1459 4963 quibusdam
1535 4897 1805 4951 vinculis-

92 4987 217 5042 que
279 4971 573 5045 disruptis,
634 4976 912 5033 latiorem
967 4981 1088 5049 jam
1119 4981 1386 5051 spiritum
1423 4984 1691 5039 reddidit.
1731 4986 1807 5040 Ex

90 5076 218 5131 quo
245 5066 466 5116 constat
494 5063 665 5134 hujus
710 5065 849 5120 boni
880 5068 1091 5123 auxilio
1124 5071 1350 5125 nullum
1403 5072 1611 5127 debere
1650 5074 1808 5129 frau-

98 5148 256 5203 dari.

89 5246 233 5301 Car.
268 5245 407 5299 XVI.
460 5250 960 5327 —_Utp_resbyt_eri
988 5253 1053 5306 de
1114 5255 1333 5309 occultis
1374 5259 1610 5323 peccatis
1641 5258 1803 5327 jussu

458 5322 698 5389 episcopi
729 5325 1044 5391 panitentes
1087 5322 1447 5380 reconcilient.

167 5422 289 5491 (Ea:
319 5422 463 5479 decr.
514 5427 760 5482 Evarist.
790 5444 971 5498 papa,
1021 5432 1196 5499 capite
1244 5432 1319 5500 4.)
1391 5433 1459 5486 Ut
1488 5434 1806 5505 presbyteri

84 5507 160 5562 de
225 5507 463 5561 occultis
532 5512 778 5580 peccatis
833 5513 1090 5583 jussione
1156 5513 1412 5585 episcopi
1463 5517 1804 5586 panitentes

1970 502 2267 558 absolvant
2295 511 2352 559 et
2382 516 2827 572 communicent.

2006 608 2133 661 CAP.
2167 610 2431 704 ΧΧΙΙΖΑΪ
2458 617 2549 704 ADe
2573 624 2876 704 panitente,
2914 631 2977 704 si
2995 631 3051 704 in
3075 634 3197 700 ipsa
3223 640 3544 704 paenitentia
3573 645 3642 698 de

2208 697 2426 751 corpore
2445 691 2656 754 exierit,
2682 700 2734 747 et
2749 691 3109 755 reconciliari.
3137 691 3431 763 desiderat.

2038 768 2147 838 (Ea:
2196 775 2419 826 concilio
2470 777 2759 846 Arausico,
2799 790 2975 855 capite
3026 793 3104 861 3.)
3140 793 3247 856 Qui
3296 800 3574 856 recedunt
3603 804 3676 859 de

1964 871 2203 926 corpore
2232 861 2599 933 poenitenles,
2646 872 2862 939 placuit
2907 876 3032 931 sine
3064 884 3522 943 reconciliatoria
3549 907 3676 946 ma-

1963 958 2072 997 nus
2119 946 2488 1017 impositione
2529 954 2610 1009 eis
2636 964 3086 1032 communicare,
3114 971 3271 1039 quod
3298 973 3358 1027 in
3388 978 3674 1035 moriente

1961 1034 2185 1089 suffecit
2214 1040 2623 1111 consolatione,
2658 1052 2975 1107 secundum
3002 1055 3370 1115 deﬁnitiones
3410 1065 3670 1138 Patrum,

1962 1122 2059 1190 qui
2088 1122 2421 1193 hujusmodi
2450 1136 2919 1194 communionem
2949 1152 3366 1215 congruentem
3398 1151 3674 1211 viaticum

1961 1209 2370 1267 nominarunt:
2430 1224 2512 1285 ut,
2564 1220 2609 1273 si
2662 1228 3104 1298 supervixerint,
3155 1240 3307 1290 stent
3358 1237 3420 1293 in
3464 1243 3670 1300 ordine

1960 1297 2391 1371 panitentium,
2454 1310 2532 1371 ut,
2602 1313 2846 1367 ostensis
2902 1322 3233 1375 necessariis
3308 1327 3671 1395 panitentia

1960 1383 2261 1457 fructibus,
2296 1390 2615 1461 legitimam
2671 1406 3139 1463 communionem
3162 1427 3294 1467 cum
3343 1420 3671 1476 reconcilia-

1960 1472 2108 1527 toria
2140 1492 2345 1532 manus
2375 1481 2744 1551 impositione
2766 1492 3109 1563 percipiant.

1962 1576 2103 1674 Cane;
2478 1594 2673 1657 quinta
2698 1596 2852 1674 feria
2872 1604 3006 1674 ante
3034 1603 3244 1657 Pascha
3282 1612 3668 1674 panitcntibus

2030 1652 2131 1746 site
2152 1652 2559 1746 remittendum,
2609 1652 2737 1746 ante
2784 1652 2995 1735 autem,
3034 1652 3207 1728 siadd
3242 1652 3669 1746 ἀὲερενξῑέέδλνεῖῆ

2031 1720 2376 1789 inﬁrmitatis
2398 1720 2724 1787 devenerint.

2182 1828 2340 1893 epist.
2401 1831 2700 1919 Innocentii
2742 1852 2919 1907 papae,
2972 1846 3151 1912 capite
3208 1850 3283 1915 7.)
3344 1851 3422 1904 De
3477 1856 3664 1922 poeni-

1954 1909 2208 1965 tentibus
2254 1921 2447 1972 autem
2495 1921 2616 1991 qui,
2656 1918 2774 1978 Sive
2805 1943 2871 1980 ex
2917 1931 3276 1998 gravioribus
3316 1942 3663 2012 commissis,

1952 1997 2068 2051 sive
2118 2015 2187 2053 ex
2216 2001 2528 2060 levioribus
2578 2012 2977 2080 panitentiam
3033 2028 3259 2089 gerunt,
3295 2027 3341 2079 si
3374 2030 3533 2083 nulla
3562 2032 3659 2085 in-

1951 2089 2197 2143 tervenit
2234 2092 2539 2162 agritudo,
2601 2099 2643 2149 V
2694 2099 2837 2155 feria
2900 2110 3031 2158 ante
3061 2109 3273 2164 Pascha
3336 2116 3416 2168 eis
3461 2119 3661 2173 remit-

1949 2175 2208 2239 tendum,
2260 2179 2537 2237 Romana
2570 2186 2829 2243 Ecclesia
2881 2198 3238 2253 consuetudo
3284 2202 3655 2262 demonstrat.

1947 2261 2253 2331 Caterum,
2289 2267 2359 2322 de
2408 2273 2667 2339 pondere
2710 2278 3047 2336 astimando
3086 2285 3426 2346 delictorum
3477 2310 3659 2349 sacer-

1946 2350 2095 2404 dotis
2161 2359 2250 2407 est
2299 2356 2583 2426 judicare,
2658 2369 2722 2418 ut
2778 2370 3037 2424 attendat
3098 2374 3168 2428 ad
3231 2379 3651 2437 confessionem

1942 2438 2299 2511 panitentis,
2341 2450 2400 2499 et
2438 2449 2507 2502 ad
2559 2449 2730 2506 ﬂetus
2768 2460 2937 2527 atque
2968 2459 3247 2531 lacrymas
3286 2470 3645 2540 corrigentis,

1942 2542 2007 2580 ac
2027 2532 2149 2581 tum
2174 2530 2380 2599 jubere
2420 2536 2658 2605 dimitti,
2713 2557 2844 2597 cum
2898 2530 3103 2603 viderit
3131 2530 3470 2624 congruamv
3484 2560 3648 2613 satis-

1940 2615 2268 2671 factionem.
2330 2620 2480 2676 Sane
2536 2626 2583 2678 si
2634 2628 2761 2698 quis
2808 2631 2867 2685 in
2923 2636 3325 2704 agritudinem
3358 2645 3645 2714 inciderit,

1939 2708 2114 2773 atque
2158 2720 2341 2775 usque
2367 2710 2437 2763 ad
2469 2711 2930 2783 desperationem
2961 2724 3271 2793 devenerit,
3319 2731 3373 2785 ei
3400 2708 3647 2789 est'ante

1936 2794 2163 2861 tempus
2195 2795 2429 2850 Pascha
2485 2800 2881 2875 relaxandum,
2916 2827 2986 2866 ne
3018 2812 3087 2867 de
3118 2815 3222 2870 hoc
3273 2822 3480 2874 saculo
3517 2822 3644 2877 abs-

1936 2895 2047 2949 que
2073 2884 2481 2941 communione
2509 2889 2784 2949 discedat.

1856 2962 1896 3017 Ο
1935 2983 2063 3039 CAP.
2095 2986 2221 3040 XIX.
2253 3017 2321 3029 -—-
2366 2991 2449 3046 De
2477 2995 2591 3049 illis
2644 3001 2742 3065 qui
2776 3004 3123 3081 in.Ecclesia
3178 3013 3383 3065 remitti
3421 3022 3645 3081 peccata

2539 3081 2644 3121 non
2684 3071 3034 3129 crediderint.

2004 3143 2112 3213 (Em
2142 3145 2306 3202 dictis
2360 3154 2633 3227 August.)
2691 3157 2798 3222 Qui
2830 3177 2984 3229 vero,
3038 3165 3099 3218 in
3138 3167 3387 3223 Ecclesia
3419 3174 3637 3228 remitti

1930 3238 2163 3299 peccata
2199 3251 2315 3289 non
2344 3241 2606 3311 credens,
2667 3252 2983 3309 contemnit
3014 3252 3194 3308 divini
3250 3262 3507 3315 muneris
3530 3263 3638 3317 lar-

1931 3319 2190 3388 gitatem,
2222 3330 2277 3379 et
2305 3326 2367 3381 in
2415 3328 2521 3384 hac
2567 3333 2949 3392 obstinatione
3010 3345 3223 3398 mentis
3278 3346 3431 3402 diem
3489 3351 3639 3406 clau-

1928 3408 2014 3462 dit
2065 3417 2411 3485 extremum,
2468 3435 2600 3473 reus
2654 3428 2737 3477 est
2791 3426 2890 3480 illo
2939 3428 3339 3497 [irremissibili
3407 3445 3639 3507 peccato

1929 3497 1987 3550 in
2016 3496 2292 3567 Spiritum
2348 3510 2631 3576 sanctum,
2677 3511 2734 3563 in
2789 3529 2904 3582 quo
2942 3496 3221 3574 Christus
3271 3496 3501 3592 peccata
3550 3530 3630 3583 di-

1928 3583 2122 3639 mittit.

1926 3689 2056 3744 CAP.
2087 3691 2188 3745 XX.
2253 3722 2323 3735 --
2352 3698 2507 3766 Quod
2534 3700 2772 3827 inﬁrmis
2824 3711 2984 3829 tomni
3029 3710 3164 3765 hora
3201 3714 3376 3770 cibum
3427 3733 3635 3775 sumere

2709 3790 2820 3828 icea
2851 3816 2864 3829 .

2709 3790 2845 3829 tceat
2851 3816 2864 3829 .

1997 3850 2115 3915 (Ea:
2144 3853 2367 3908 concilio
2380 3856 2648 3925 Mogunt.,
2680 3864 2857 3931 capite
2885 3867 3001 3937 23.)
3026 3869 3275 3926 Inﬁrmis
3301 3872 3433 3929 licet
3464 3879 3625 3933 omni

1924 3936 2067 3992 hora
2097 3938 2289 3994 cibum
2346 3948 2664 4017 potumque
2721 3936 2989 4019 sumere,
3026 3958 3481 4033 quotiescunque
3526 3966 3625 4021 de-

1922 4025 2195 4081 siderant.

1923 4132 2050 4189 CAP.
2106 4134 2233 4188 XXI.
2298 4165 2368 4176 —
2416 4140 2647 4220 Dehillis
2700 4145 3069 4220 sacerdotibus
3123 4156 3220 4220 qui
3273 4160 3625 4216 morientibus

2357 4212 2734 4276 panitentiam
2775 4212 3180 4285 denegaverin-t.

1999 4292 2115 4387 (Ea:
2154 4292 2298 4387 decr.
2353 4297 2497 4351 Julii
2554 4302 2757 4372 papa.)
2809 4303 2865 4358 Si
2918 4307 3047 4376 quis
3091 4312 3390 4384 presbyter
3437 4319 3623 4387 pani-

1926 4378 2164 4432 tentiam
2202 4381 2571 4453 abnegaverit
2623 4390 3025 4463 morientibus,
3075 4378 3206 4453 reus
3261 4403 3368 4457 erit
3396 4407 3622 4463 anima-

1925 4481 2077 4532 rum,
2118 4467 2254 4537 quia
2286 4470 2558 4528 Dominus
2606 4476 2775 4533 dicit:
2815 4501 2838 4529 ι
2890 4481 3243 4559 Quacunque
3271 4490 3363 4545 die
3392 4510 3625 4552 conver-

1924 4571 2021 4609 sus
2044 4555 2219 4610 fuerit
2236 4566 2519 4628 peccator,
2552 4564 2667 4619 vita
2683 4568 2852 4635 vivet,
2877 4577 3072 4627 etnon
3097 4577 3392 4635 morietur.
3433 4606 3454 4633 ι
3483 4586 3623 4641 Vera

1923 4643 2078 4697 enim
2112 4649 2407 4703 conversio
2464 4652 2524 4706 in
2552 4655 2759 4709 ultimo
2791 4663 3049 4728 tempore
3081 4670 3268 4734 potest
3294 4684 3446 4724 esse:
3486 4674 3622 4742 quia

1928 4733 2198 4789 Dominus
2232 4752 2349 4790 non
2405 4740 2591 4795 solum
2632 4746 2929 4814 temporis,
2982 4733 3305 4808 sedcordis
3332 4755 3622 4828 inspector

1922 4825 2033 4875 est:
2067 4822 2213 4878 sicut
2263 4827 2408 4880 latro
2466 4829 2635 4883 unius
2685 4835 2966 4888 momenti
2996 4840 3209 4893 meruit
3255 4857 3376 4898 esse
3428 4846 3489 4901 in
3516 4865 3619 4919 pa-

1921 4909 2109 4965 radiso
2138 4912 2197 4965 in
2224 4914 2366 4968 hora
2385 4916 2609 4983 ultima,
2644 4920 3023 4978 confessione.

1993 5015 2120 5070 CAP.
2172 5019 2325 5074 XXII.
2361 5051 2431 5061 —-
2492 5022 2645 5103 Quod
2694 5027 2840 5081 nulli
2870 5030 3085 5103 _ultima
3112 5037 3432 5103 paenitentia
3472 5043 3550 5095 sit

2604 5096 2939 5164 deneganda.

1992 5176 2101 5240 (Ea:
2155 5176 2299 5265 decr.
2350 5177 2556 5234 Caelest.
2606 5197 2784 5253 papa,
2848 5190 3026 5257 capite
3084 5192 3195 5259 l5.)
3260 5195 3618 5265 Agnovimus

1919 5260 2076 5314 enim
2125 5263 2520 5332 pauitentiam
2580 5271 2961 5327 morientibus
3010 5260 3466 5347 denegari,'nec
3498 5285 3618 5339 illo-

1919 5364 2048 5401 rum
2080 5348 2378 5406 desideriis
2407 5356 2607 5424 annui,
2638 5358 2739 5427 qui
2770 5360 2958 5414 obitus
2984 5363 3073 5416 sui
3098 5368 3380 5437 tempore,
3405 5372 3614 5426 anima

1917 5452 2034 5489 sua
2089 5438 2330 5507 cupiunt
2387 5444 2642 5498 remedio
2692 5446 2999 5504 subveniri.
3042 5453 3369 5524 Horremus,
3409 5461 3611 5526 fateor,

1917 5526 2089 5577 tanta
2116 5524 2427 5595 impietatis
2450 5530 2696 5602 aliquem
2731 5535 2990 5604 reperiri,
3038 5544 3099 5593 ut
3128 5542 3197 5597 de
3228 5545 3327 5598 Dei
3386 5524 3614 5617 pietatis
