4010 6192
390 355 491 410 943

1464 345 1741 402 BURCHA
1755 345 1869 399 RDI
1914 340 2442 400 WORMACIENSIS
2480 338 2813 395 EPISCOPI.

3804 336 3903 387 944

388 478 668 548 desperet,
731 473 891 545 quasi
935 488 1048 526 non
1108 470 1286 541 possit
1333 468 1406 522 ad
1454 483 1511 520 se
1572 467 1772 537 quovis
1818 472 2154 537 temporeA
2192 463 2355 517 illum
2414 464 2583 516 unius
2645 465 2800 517 horre
2856 460 3188 530 pcenitentia
3249 475 3371 514 non
3419 460 3686 529 juvisset.
3762 459 3903 512 Cum

389 562 755 620 concurrenti
784 575 1134 625 succurrere,
1169 562 1224 612 et
1277 556 1697 626 periclitantem
1756 556 1862 609 sub
1912 571 2087 609 onere

387 660 753 725 peccatorum
791 650 1084 705 hominem
1112 646 1386 716 pondere,
1438 661 1553 715 quo
1585 660 1643 697 se
1693 644 1787 698 ille
1818 644 2086 714 expedire

390 743 692 807 desiderat,
738 740 998 792 liberare.
1060 736 1226 801 Quid,
1285 735 1390 787 hoc
1422 749 1585 803 rogo,
1617 732 1771 786 aliud
1805 738 1891 786 est
1912 747 2086 802 quam

389 829 661 885 morienti
733 831 978 880 mortem
1055 822 1284 888 addere,
1364 822 1601 891 ejusque
1668 820 1920 873 animam
1988 834 2090 871 sua

389 919 739 982 crudelitate,
768 930 839 969 ne
893 913 1151 966 absoluta
1191 927 1310 963 esse
1358 910 1557 979 possit,
1611 908 1907 962 occidere?
1947 909 2087 961 Cum

390 1008 557 1070 Deus,
612 1003 679 1056 ad
736 998 1188 1055 subveniendum
1238 996 1653 1067 paratissimus,
1724 996 1967 1048 invitans
2017 994 2089 1047 ad

387 1090 807 1164 paenitentiam,
841 1089 919 1141 sic
947 1088 1266 1156 proclamat
1298 1084 1608 1153 peccatori:
1674 1106 1695 1131 ι
1733 1084 1796 1136 In
1828 1098 2083 1152 quacun-

388 1197 499 1252 que
548 1180 639 1234 die
699 1192 1003 1232 conversus
1063 1174 1251 1239 fuerit,
1302 1179 1536 1243 peccata
1594 1173 1717 1241 ejus
1764 1187 1881 1224 non
1918 1186 2088 1240 repu-

386 1270 665 1323 tabuntur
708 1266 776 1319 ei.
808 1286 830 1313 ι
870 1266 932 1318 Et
972 1264 1212 1317 iterum:
1240 1282 1266 1311 «
1302 1262 1439 1315 Nolo
1475 1266 1722 1313 mortem
1755 1259 2086 1328 peccatoris,

387 1358 483 1411 sed
513 1361 737 1410 tantum
782 1359 845 1407 ut
891 1355 1273 1417 convertatur,
1309 1354 1365 1403 et
1395 1350 1564 1401 vivat.
1595 1370 1614 1395 ιι
1670 1348 1922 1402 Salutem
1954 1362 2089 1416 ergo

388 1444 610 1499 homini
658 1442 861 1496 adimit
917 1439 1177 1510 quisquis
1240 1438 1442 1491 mortis
1486 1442 1747 1506 tempore
1802 1436 2088 1506 pceniten-

384 1534 525 1589 tiam
562 1529 878 1600 denegarit,
913 1536 969 1581 et
998 1526 1314 1595 desperarit
1362 1526 1429 1578 de
1462 1526 1765 1578 clementia
1815 1525 1947 1591 Dei;
1989 1524 2090 1594 qui

386 1636 518 1674 eum
578 1619 644 1671 ad
696 1615 1150 1669 subveniendum
1202 1613 1487 1675 morienti,
1524 1613 1808 1680 sufﬁcere,
1851 1613 1938 1665 vel
1965 1630 2089 1666 moe

389 1712 601 1770 mento,
662 1722 823 1775 posse
900 1719 1015 1756 non
1084 1701 1344 1754 credidit.
1416 1700 1760 1753 Perdidisset
1828 1700 1973 1752 latro
2026 1701 2089 1752 in

2198 558 2344 605 esset
2373 552 2431 604 in
2452 566 2638 621 poena,
2681 549 2969 621 paenituit,
3000 554 3056 603 et
3107 565 3207 619 per
3238 548 3409 601 unius
3449 548 3741 601 sermonis
3768 563 3902 617 pro-

2196 640 2521 704 fessionem,
2579 639 2968 693 habitaculum
3042 637 3278 707 paridisi
3339 638 3453 690 Deo
3522 635 3903 706 promittente

2198 727 2539 797 promeruit.

2304 856 2431 910 CAP.
2460 855 2634 909 XXIII.
2669 884 2739 892 —
2770 856 2844 907 De
2868 852 3246 922 paenitentibus
3264 855 3361 919 qui
3389 854 3445 904 in
3466 852 3802 919 inﬁmitate

2658 926 3058 979 Eucharistiam
3102 926 3427 991 acceperint.

2269 1032 2387 1101 (Em
2441 1032 2661 1084 concilio
2702 1032 2996 1098 Carthag.,
3028 1032 3203 1098 capite
3234 1031 3347 1094 78.)
3388 1028 3745 1082 Pasnitentes
3803 1028 3901 1097 qui

2197 1119 2256 1172 in
2289 1119 2621 1195 infirmitate
2662 1119 2929 1172 viaticum
2962 1118 3327 1172 Eucharistiaa
3386 1116 3735 1186 acceperint,
3794 1132 3902 1169 non

2199 1224 2256 1260 se
2287 1209 2522 1261 credant
2548 1208 2833 1261 absolutos
2886 1208 3003 1261 sine
3055 1223 3260 1260 manus
3292 1206 3694 1275 impositione,
3731 1205 3781 1258 si
3813 1222 3901 1257 su-

2198 1297 2566 1365 pervixerint.

2342 1420 2469 1474 CAP.
2493 1420 2665 1473 XXIV.
2690 1448 2760 1459 —
2790 1421 2863 1473 De
2886 1418 3269 1488 paenitentibus
3293 1418 3474 1471 subito
3504 1420 3761 1471 mortuis.

2274 1527 2387 1593 (Ea:
2449 1525 2676 1594 eodem.)
2736 1526 2942 1579 Eorum
3010 1524 3110 1593 qui
3160 1523 3506 1593 pmnitentia
3557 1528 3794 1592 accepta
3846 1524 3901 1575 in

2199 1614 2353 1666 bono
2381 1613 2507 1666 vita!
2536 1629 2703 1665 cursu
2736 1613 2859 1666 sine
2890 1614 3297 1667 communione
3332 1612 3691 1674 moriuntur,
3750 1611 3896 1664 obla-

2198 1702 2417 1755 tionem
2448 1701 2856 1771 recipiendam,
2918 1707 3201 1755 eteorum
3250 1700 3473 1765 funera,
3537 1717 3601 1752 ac
3642 1699 3904 1768 deinceps

388 1810 554 1849 cruce
603 1792 905 1864 praemium
964 1791 1032 1843 ad
1106 1788 1309 1843 Christi
1367 1788 1656 1843 dexteram
1712 1787 1981 1858 pendens,
2043 1789 2089 1841 si
2121 1790 2159 1841 B
2201 1790 2538 1843 memoriam
2563 1791 2941 1843 ecclesiastico
2972 1789 3172 1843 effectu
3205 1788 3693 1859 prosequendam.

1659 1898 1832 1937 FINIS
1879 1897 2055 1937 LIBRI
2104 1898 2325 1939 DECIMI
2372 1898 2629 1939 OCTAVI.

1101 2081 1396 2153 INDEX
1454 2081 2142 2154 CAPITULORUM
2202 2082 2456 2155 LIBRI
2524 2081 2855 2155 DECIMI
2925 2080 3187 2153 NONI.

389 2224 584 2278 Cael.
626 2224 745 2285 Quo
796 2226 1058 2289 tempore
1107 2218 1429 2287 presbyteri
1482 2218 1762 2287 plebium,
1815 2218 2091 2271 canonica

462 2310 818 2375 auctoritate,
873 2306 1261 2361 discordantes
1309 2306 1376 2358 ad
1419 2321 1639 2375 pacem,
1668 2311 1723 2358 et
1748 2306 2087 2375 delinquen-

461 2406 543 2453 tes
574 2398 643 2451 ad
675 2396 1074 2467 pmnitentiam
1105 2394 1453 2463 compellere
1478 2394 1745 2447 debeant.

390 2490 443 2540 2.
485 2484 782 2549 Quomodo
857 2482 1180 2535 sacerdotes
1234 2482 1461 2551 plebem
1538 2481 1647 2534 sibi
1723 2480 2089 2534 commissam

460 2581 721 2642 tempore
778 2570 1150 2642 paenitudinis
1208 2570 1520 2623 admonere
1564 2574 1620 2622 et
1673 2569 1959 2622 instruxere
1990 2569 2088 2622 de-
2135 2642 2144 2652 ἢ

462 2663 651 2716 beant.

394 2756 445 2806 3.
502 2750 693 2805 Oratio
772 2747 1081 2802 sacerdotis
1129 2746 1369 2800 dicenda
1426 2746 1492 2799 ad
1547 2746 1943 2815 paenitentiam
2003 2762 2092 2798 ve-

463 2838 775 2892 nientibus.

394 2931 445 2982 4.
505 2929 583 2982 De
613 2925 987 2990 confessione,
1024 2929 1079 2977 et
1116 2923 1476 2993 pmnitentia,
1520 2928 1577 2976 et
1602 2922 2085 2988 reconciliatione,

466 3020 522 3070 et
553 3013 999 3084 interrogatione
1031 3012 1261 3065 illorum
1296 3011 1393 3081 qui
1446 3017 1673 3082 peccata
1702 3028 1804 3064 sua
1830 3010 2089 3065 conﬁteri

466 3103 806 3163 desiderant,
874 3106 927 3153 et
976 3100 1117 3153 ordo
1152 3101 1217 3153 ad
1269 3100 1666 3170 paenitentiam
1701 3101 1782 3152 eis
1811 3099 2085 3154 dandam.

398 3196 448 3245 5.
482 3188 965 3259 Interrogationes
1018 3187 1227 3258 quibus
1256 3188 1544 3241 confessor
1568 3188 1936 3240 confitentem
1992 3188 2091 3241 de-

464 3280 559 3332 bet
575 3280 948 3345 interrogare.

399 3373 450 3424 6.
482 3368 559 3421 De
607 3364 998 3420 admonitione
1055 3366 1180 3416 octo
1242 3363 1649 3433 principalium
1705 3362 1993 3429 vitiorum,
2040 3368 2096 3417 et

469 3471 666 3509 eorum
699 3454 1013 3523 speciebus.

399 3550 450 3600 7.
482 3545 625 3598 Item
681 3542 750 3595 de
800 3540 1099 3593 virtutibus
1144 3538 1355 3609 quibus
1406 3539 1607 3593 eadem
1648 3539 1784 3592 vitia
1832 3538 2091 3610 superari

466 3632 701 3701 possint,
736 3634 791 3682 et
820 3630 887 3682 de
918 3628 1281 3681 conclusione
1315 3627 1688 3696 poenitentia.

397 3724 449 3776 8.
480 3720 717 3775 Salubre
742 3717 1065 3770 antidotum
1098 3716 1415 3769 animabus.

398 3812 450 3864 9.
501 3809 579 3863 De
632 3805 964 3877 paenitentia
1011 3804 1163 3857 illius
1210 3804 1345 3857 anni
1395 3798 1495 3873 qui
1553 3804 1611 3856 in
1674 3818 1818 3873 pane
1864 3806 1918 3855 et
1950 3818 2097 3873 aqua

465 3895 811 3966 jejunandus
840 3897 945 3958 est,
978 3892 1134 3962 quali
1167 3892 1367 3945 ordine
1409 3891 1696 3944 observari
1726 3891 1949 3945 debeat.

402 3987 485 4040 10.
522 3987 598 4039 De
629 3982 875 4037 secundo
920 3996 1071 4033 anno
1102 3980 1202 4050 qui
1232 3985 1359 4050 post
1404 3979 1565 4033 illum
1601 3979 1949 4050 jejunandus
1986 3983 2095 4049 est,

467 4080 522 4126 et
550 4072 759 4142 quibus
783 4068 1195 4139 paenitentibus
1224 4068 1444 4122 dandus
1471 4069 1568 4122 sit.

402 4166 485 4215 11.
516 4163 591 4215 De
622 4160 735 4212 illis
777 4158 876 4226 qui
910 4157 1174 4226 jejunare
1210 4172 1327 4209 non
1375 4161 1637 4225 possunt,
1673 4161 1731 4211 et
1778 4156 2090 4226 adimplere

470 4248 624 4319 quod
655 4247 716 4299 in
746 4244 1127 4298 Poenitentiali
1156 4245 1431 4314 scriptum
1462 4249 1566 4298 est.

2204 2221 2293 2272 2t.
2354 2220 2494 2271 Item
2548 2218 2870 2286 redemptio
2915 2217 3067 2270 illius
3113 2216 3255 2270 anni
3302 2232 3475 2288 quem
3538 2217 3598 2270 in
3655 2234 3802 2288 pane
3854 2222 3903 2269 et

2276 2322 2425 2376 aqua
2452 2306 2730 2375 pmnitere
2762 2305 2991 2358 debent.

2203 2396 2290 2447 22.
2322 2395 2397 2447 De
2428 2394 2541 2447 illis
2573 2393 2946 2464 quijejunare
2976 2409 3088 2446 non
3127 2398 3388 2463 possunt,
3425 2398 3481 2445 et
3510 2393 3726 2447 habent
3759 2392 3902 2445 unde

2276 2484 2559 2537 redimere
2586 2482 2829 2552 possint.

2202 2574 2295 2626 23.
2341 2572 2418 2625 De
2442 2571 2553 2623 illis
2590 2570 2687 2639 .ιυί
2720 2586 2835 2623 non
2866 2574 3102 2640 possunt
3133 2568 3451 2639 adimplere
3494 2570 3651 2640 quod
3702 2570 3762 2622 in
3796 2572 3905 2623 Pos-

2273 2660 2560 2713 nitentiali
2592 2659 2871 2729 scriptum
2892 2664 2994 2713 est.

2202 2748 2288 2799 24.
2327 2749 2405 2801 De
2434 2747 2547 2801 illis
2577 2748 2676 2817 qui
2710 2748 2975 2817 jejunare
3007 2762 3121 2800 non
3149 2752 3408 2816 possunt,
3438 2752 3495 2799 et
3541 2763 3658 2801 non
3700 2747 3907 2801 habent

2273 2836 2425 2889 unde
2453 2836 2735 2889 redimere
2766 2836 3003 2905 possint.

2200 2927 2286 2977 25.
2320 2926 2399 2977 De
2424 2924 2815 2993 redemptione
2846 2928 3063 2994 septem
3083 2939 3386 2979 annorum.

2200 3014 2287 3067 26.
2323 3013 2396 3068 Ut
2424 3013 2481 3066 in
2533 3013 2718 3083 capite
2765 3012 3229 3083 Quadragesimae
3261 3029 3464 3066 omnes
3519 3014 3752 3083 publice
3784 3030 3903 3084 pe-

2273 3101 2520 3156 nitentes
2550 3101 2606 3154 in
2639 3102 2925 3155 civitatem
2978 3100 3228 3166 veniant,
3267 3106 3325 3154 et
3365 3107 3500 3155 ante
3545 3101 3700 3156 fores
3738 3103 3908 3156 eccle-

2274 3191 2374 3243 sias
2406 3190 2573 3244 nudis
2632 3189 2894 3259 pedibus,
2941 3194 2998 3243 et
3025 3189 3208 3243 cilicio
3252 3189 3462 3255 induti,
3517 3191 3787 3259 episcopo
3809 3204 3908 3241 suo

2273 3296 2332 3332 se
2362 3284 2791 3348 reprmsentent.

2203 3370 2289 3419 27.
2344 3368 2414 3420 Ut
2482 3367 2843 3436 pmnitentes,
2905 3365 3134 3436 quando
3210 3364 3616 3436 pcenitentiam
3683 3370 3904 3436 petunt,

2273 3454 2706 3524 impositionem
2736 3470 3012 3508 manuum
3035 3459 3481 3525 consequantur.

2202 3543 2291 3596 28.
2326 3541 2447 3605 Qua
2474 3544 2809 3596 auctoritate
2859 3542 3066 3597 modus
3092 3542 3447 3612 poenitentia;
3501 3548 3742 3611 peccata
3780 3557 3906 3595 con-

2274 3630 2571 3684 ﬁtentibus
2602 3631 2827 3700 imponi
2858 3631 3081 3685 debeat.

2202 3720 2291 3772 29.
2337 3719 2499 3782 Quod
2557 3719 2853 3773 diversitas
2910 3719 3207 3790 culparum
3292 3717 3693 3772 diversitatem
3746 3718 3907 3772 faciat

2271 3807 2765 3877 posuitentiarum.

2204 3898 2291 3950 30.
2323 3896 2483 3960 Quod
2504 3897 2668 3950 multi
2698 3900 2831 3950 sunt
2852 3895 3066 3950 fructus
3087 3894 3465 3966 paenitentiae.

2204 3985 2291 4038 31.
2322 3986 2435 4038 Cur
2472 4001 2719 4039 canones
2778 4001 2895 4038 non
2939 3984 3184 4055 perfecte
3243 3984 3555 4054 praeﬁgant
3609 3999 3721 4054 pro
3770 4000 3900 4037 uno-

2274 4086 2503 4141 quoque
2525 4070 2764 4124 crimine
2791 4073 3018 4140 tempus
3049 4074 3104 4123 et
3149 4085 3480 4123 mensuram
3529 4070 3896 4139 poenitentiae.

2203 4158 2290 4211 32.
2328 4159 2401 4211 De
2448 4158 2562 4212 illis
2594 4158 2692 4229 qui
2739 4158 3135 4229 paenitentiam
3190 4157 3302 4212 sibi
3348 4156 3677 4228 iujunctam
3734 4158 3897 4211 adim-

2273 4245 2429 4314 plere
2460 4244 2750 4301 festinant.

406 4340 486 4391 t2.
521 4338 596 4391 De
657 4332 1049 4403 redemptione
1106 4332 1261 4387 illius
1313 4332 1451 4386 anni
1501 4347 1673 4403 quem
1719 4332 1777 4385 in
1834 4348 1982 4403 pane
2038 4336 2164 4394 etD
2202 4334 2289 4388 33.
2324 4334 2392 4387 Ut
2421 4334 2873 4404 quotiescunque
2912 4333 3116 4404 aliquis
3169 4332 3242 4387 ad
3287 4332 3707 4403 paenitentiam
3736 4349 3897 4388 acces-

470 4440 619 4493 aqua
641 4420 902 4491 jejunare
934 4419 1159 4474 debent.

404 4516 487 4567 13.
521 4511 647 4565 Alio
669 4509 858 4563 modo.

404 4602 486 4655 14.
518 4601 661 4655 Item
684 4598 794 4651 alio
817 4597 1008 4651 modo.

401 4693 485 4744 15.
521 4690 661 4742 Item
694 4687 805 4740 alio
835 4685 1029 4739 modo.

400 4781 485 4831 16.
515 4778 655 4831 Item
686 4775 795 4828 alio
829 4773 1019 4826 modo.

399 4870 480 4921 17.
512 4866 653 4919 Item
684 4863 796 4916 alio
827 4862 1022 4915 modo.

400 4957 483 5009 18.
522 4955 597 5007 De
655 4950 1055 5019 redemptione
1111 4947 1283 5001 unius
1362 4948 1736 5003 hebdomadas
1800 4964 1975 5019 quam
2029 4948 2088 5001 in

465 5058 614 5111 pane
632 5043 852 5110 etaqua
872 5038 1138 5108 jejunare
1181 5037 1411 5090 debent.

400 5131 479 5183 19.
506 5129 582 5181 De
626 5125 1021 5196 redemptione
1068 5124 1240 5178 unius
1288 5125 1502 5179 mensis
1549 5140 1722 5195 quem
1766 5124 1827 5178 in
1858 5140 2006 5195 pane
2036 5128 2093 5178 et

466 5232 615 5286 aqua
630 5214 707 5285 jej
719 5229 895 5267 unare
924 5211 1154 5266 debent.

394 5304 482 5357 20.
536 5304 610 5356 De
662 5302 775 5354 illis
806 5300 906 5371 qui
948 5298 1214 5370 jejunare
1269 5314 1386 5352 non
1445 5304 1710 5368 possunt,
1755 5304 1813 5353 et
1840 5300 2092 5369 psalmos

465 5390 758 5457 nesciunt;
794 5389 1084 5460 quomodo
1106 5387 1503 5458 pcenitentiam
1525 5388 1696 5441 unius
1720 5389 1881 5455 anni,
1915 5404 2092 5460 quem

464 5478 524 5531 in
567 5494 715 5548 pane
767 5483 824 5531 et
886 5493 1036 5547 aqua
1058 5476 1325 5547 jejunare
1373 5476 1600 5543 debent,
1636 5477 1917 5531 redimere
1958 5493 2089 5547 pos-

466 5567 598 5620 sint.

2270 4422 2427 4487 serit,
2468 4423 2787 4477 sacerdotes
2812 4421 3046 4493 jejuniis
3094 4426 3151 4476 et
3206 4422 3576 4476 orationibus
3639 4440 3772 4477 cum
3825 4422 3895 4475 eis

2269 4510 2693 4565 communicare
2711 4510 2975 4565 debeant.

2200 4598 2285 4651 34.
2309 4598 2471 4661 Quod
2488 4599 2787 4669 contingat
2817 4598 3112 4653 hominem
3146 4598 3440 4653 interdum
3499 4600 3687 4655 animi
3724 4604 3890 4664 motu,

2272 4686 2565 4740 interdum
2588 4687 2775 4740 carnis
2805 4687 3111 4757 fragilitate
3143 4703 3399 4757 peccare.

2200 4776 2286 4828 35.
2333 4776 2400 4829 Ut
2452 4776 2790 4845 pmnitentia
2846 4777 3059 4846 absque
3112 4792 3373 4845 personae
3436 4776 3770 4848 acceptione
3824 4775 3895 4827 in—

2264 4862 2565 4931 jungatur.

2197 4952 2285 5004 36.
2322 4951 2399 5004 De
2431 4951 2657 5005 incestis
2686 4944 2917 5006 occulte‘
2936 4952 3275 5007 commissis.

2196 5038 2285 5092 37.
2324 5039 2392 5093 Ut
2420 5038 2571 5093 inter
2598 5042 2941 5110 pcenitentes
2972 5040 3201 5111 publice
3232 5045 3287 5094 et
3330 5040 3613 5095 absconse
3642 5040 3897 5095 discretio

2270 5128 2546 5182 servanda
2566 5130 2656 5183 sit.

2198 5215 2285 5268 38.
2321 5215 2399 5268 De
2428 5215 2547 5270 illis
2568 5216 2667 5286 qui
2696 5218 2997 5288 negligunt
3016 5216 3448 5286 paenitentiam.

2200 5304 2286 5356 39.
2316 5303 2384 5357 Ut
2426 5305 2800 5373 pcenitentem
2845 5322 2913 5359 ex
2972 5305 3142 5359 corde
3207 5319 3422 5374 magna
3493 5305 3891 5360 exhilaratione

2270 5392 2589 5446 sacerdotes
2614 5394 2901 5465 suscipere
2932 5393 3199 5448 debeant.

2198 5480 2286 5533 4-0.
2321 5479 2391 5533 Ut
2414 5482 2730 5536 secundum
2780 5482 3159 5537 differentiam
3200 5487 3592 5552 peccatorum,
3643 5482 3888 5553 episcopi

2272 5568 2526 5635 arbitrio,
2556 5570 2911 5639 poenitentia:
2952 5576 3215 5641 tempora
3243 5571 3655 5626 decernantur.
