4010 6192
118 254 235 305 9ιὸ

951 254 1421 311 DECRETORUM
1464 254 1675 311 LIBRI
1718 255 1828 310 XX.
1872 285 1939 295 -—-
1976 256 2179 310 LIBER
2226 253 2531 311 DECIMUS
2567 254 2823 314 NONUS.
3560 268 3662 320 946

116 379 210 431 41.
248 378 329 431 De
356 376 445 430 his
477 376 726 447 quijam
766 394 998 447 peccare
1036 383 1414 441 cessaverunt,
1475 383 1533 432 et
1585 377 1861 449 perfecte
1890 380 1930 432 A
1972 382 2061 432 70.
2121 379 2191 433 Ut
2236 378 2530 449 presbyter
2579 379 2957 449 pauitantem
3008 397 3125 435 non
3157 384 3506 453 reconciliet,
3553 388 3664 442 nisi

195 465 618 536 pauitnerunt,
670 471 735 519 ut
764 467 1087 521 communio
1142 468 1220 521 eis
1251 467 1308 520 in
1336 467 1454 537 ipsa
1494 466 1859 536 paniteutia

196 554 571 608 concedatur.

112 646 216 698 42.
252 645 333 698 De
362 642 561 713 lapsis,
594 643 885 712 quomodo
916 660 1013 697 eos
1042 644 1289 697 fraterno
1312 642 1515 697 affectu
1545 643 1855 711 corripere

2038 467 2337 537 episcopus
2369 483 2504 520 suus
2523 467 2743 538 jubaat.

1967 560 2053 610 71.
2094 556 2161 609 Ut
2211 556 2402 608 nullus
2458 571 2523 609 ex
2571 556 2949 610 ecclesiastico
3006 557 3206 612 ordine
3291 576 3395 629 per
3460 578 3663 617 manus

2034 644 2462 713 impositiouam
2491 646 2811 699 remedium
2854 646 3095 715 accipiat
3142 649 3482 716 pauitendi.

199 738 260 786 et
292 732 575 786 consolari
607 731 871 797 debeant,
916 736 978 785 ut
1026 748 1137 785 non
1190 732 1447 785 incidant
1474 732 1535 784 in
1602 731 1854 785 insidias
1962 734 2051 786 72.
2087 734 2155 786 Ut
2185 732 2453 812 ordinati.
2490 732 2548 786 in
2594 733 2951 803 gravioribus
2997 736 3243 804 peccatis
3299 737 3660 806 deprehensi,

198 820 440 885 diaboli,
476 824 535 873 et
566 820 890 889 desperent.

112 910 217 964 43.
255 910 333 963 De
365 908 540 977 lapsis
590 908 650 962 in
696 906 995 962 ordinibus
1036 908 1227 975 sacris,
1268 909 1315 961 si
1346 908 1668 963 restaurari
1710 924 1850 978 pos-

200 996 337 1050 sint.

119 1088 215 1140 44.
242 1085 409 1149 Quod
441 1085 640 1138 anima
670 1083 867 1138 multis
897 1084 1164 1152 gentibus
1196 1084 1449 1138 nobilior
1470 1084 1541 1137 sit
1558 1084 1845 1149 deﬂenda,

200 1180 257 1228 at
288 1173 488 1228 multis
540 1173 774 1227 urbibus
828 1173 1159 1243 preciosior,
1213 1189 1445 1244 quoque
1478 1190 1598 1228 non
1646 1174 1718 1227 sit
1747 1175 1843 1229 de-

199 1262 557 1333 sperandum
590 1262 659 1315 de
693 1261 876 1315 venia.

2035 836 2147 873 non
2205 836 2406 873 manus
2460 820 2891 891 impositiouem
2939 828 2999 875 ut
3059 822 3186 876 laici
3241 825 3493 893 accipere
3573 826 3666 879 de-

2031 909 2223 974 beant,

1957 1000 2045 1051 73.
2084 999 2160 1050 De
2188 996 2407 1050 clericis
2462 999 2563 1067 qui
2602 998 2884 1068 corporali
2940 998 3146 1053 delicto
3217 1001 3583 1073 delinquunt,
3616 1004 3666 1057 si

2027 1086 2355 1145 restaurari,
2368 1086 2606 1155 possint.

1955 1177 2043 1227 74.
2084 1176 2159 1228 De
2185 1175 2271 1227 bis
2300 1175 2399 1245 qui
2432 1174 2633 1227 altario
2666 1174 2765 1229 Dei
2795 1175 3146 1245 deserviunt,
3170 1177 3217 1230 si
3248 1176 3433 1232 subito
3473 1178 3663 1232 flenda

2026 1262 2210 1315 carnis
2240 1262 2549 1332 fragilitate
2583 1263 2921 1317 corruerint.

118 1354 215 1408 45.
255 1351 420 1415 Quod
470 1351 665 1404 nullus
698 1366 730 1402 a
766 1349 1155 1405 consolatione
1204 1350 1486 1405 vulnerati
1544 1351 1738 1405 fratris
1783 1369 1844 1407 se
1951 1352 2036 1404 75.
2066 1349 2225 1412 Quod
2283 1350 2577 1420 conjugati
2630 1351 2689 1404 in
2742 1351 3186 1422 quadragesima
3215 1354 3500 1407 abstinere
3558 1355 3665 1409 de-

197 1440 543 1494 subtrahere
573 1439 793 1493 debeat.

122 1530 216 1583 46.
254 1530 335 1583 De
365 1528 569 1581 eadem
600 1542 681 1581 re.

122 1620 212 1673 47.
246 1619 330 1673 De
364 1616 567 1670 eadem
597 1631 678 1670 re.

120 1708 211 1762 48.
252 1708 333 1760 Da
364 1705 569 1758 eadem
603 1720 681 1758 re.

122 1798 212 1851 49.
271 1797 403 1847 Post
456 1792 853 1863 paniteutiam
898 1792 1190 1846 nemiuem
1240 1794 1309 1847 ad
1367 1794 1701 1849 clericatum
1748 1795 1841 1850 ad-

201 1883 583 1938 mittendum.

122 1975 213 2027 50.
252 1971 537 2028 Gravibus
593 1969 931 2023 criminibus
988 1967 1295 2039 implicitos
1353 1969 1422 2022 ad
1484 1971 1702 2024 clerum
1745 1971 1839 2025 ad-

193 2060 430 2126 missos,
491 2058 712 2126 magnis
767 2057 919 2111 vitiis
996 2058 1285 2111 involutos
1357 2059 1564 2113 clerico
1648 2059 1837 2114 ofﬁcio

194 2164 317 2203 non
344 2152 551 2214 motos,
580 2146 858 2215 comperit
883 2144 1154 2200 Gelasins.
1674 2134 1677 2137 ⁷

121 2241 211 2292 51.
253 2238 332 2290 De
364 2235 476 2288 illis
508 2235 605 2305 qui
634 2236 755 2289 loca
811 2239 1141 2288 sanctorum
1198 2234 1301 2287 sub
1358 2239 1637 2305 praetextu
1707 2236 1836 2290 reli-

192 2323 388 2394 giouis
418 2322 736 2375 inconsulta
764 2324 1095 2392 peragrant.

123 2415 214 2466 52.
250 2413 328 2466 De
360 2410 520 2464 omni
550 2415 863 2480 peccatore,
900 2409 1122 2481 quoties
1151 2409 1436 2476 ceciderit,
1484 2410 1635 2482 quod
1666 2411 1834 2465 toties

196 2514 503 2569 resurgere
537 2498 751 2553 debeat.

121 2593 213 2644 53.
254 2590 326 2643 Ut
377 2589 597 2657 justum
666 2589 737 2641 sit
798 2586 961 2641 omni
1018 2587 1242 2642 homini
1310 2588 1468 2659 quod
1522 2606 1581 2644 se
1631 2605 1832 2660 repre-

195 2677 434 2731 hendaL

119 2764 212 2819 54.
252 2763 324 2817 Ut
374 2761 566 2815 nullus
596 2761 831 2815 fratrem
874 2760 1237 2824 condemnet,
1293 2766 1603 2832 antequam
1684 2765 1831 2817 Deus

198 2852 369 2905 illum
397 2848 683 2919 dijudicet.

2023 1438 2196 1491 beant
2219 1439 2287 1490 ah
2320 1439 2611 1491 uxoribus.

1954 1528 2039 1580 76.
2069 1527 2145 1580 De
2200 1528 2312 1579 illis
2372 1526 2470 1597 qui
2536 1527 2594 1579 in
2654 1527 3107 1598 quadragesima
3159 1529 3356 1585 diebus
3430 1547 3664 1587 carnem

2024 1614 2368 1668 manducare
2419 1618 2798 1685 praesumunt.

1954 1706 2041 1757 77.
2077 1704 2156 1756 De
2178 1703 2352 1757 fratre
2377 1719 2493 1757 non
2542 1710 2813 1774 peccante
2843 1705 2914 1758 ad
2964 1709 3231 1768 mortem,
3294 1711 3350 1761 et
3378 1709 3447 1762 ad
3509 1724 3663 1763 mor-

2022 1792 2158 1842 tam.

1952 1878 2039 1931 78.
2072 1876 2235 1941 Quod
2285 1877 2517 1931 difficile
2558 1879 2632 1931 sit
2684 1879 2940 1949 graviter
2968 1881 3224 1951 peccanti
3284 1882 3389 1936 sub
3456 1883 3664 1953 gradu,

2020 1980 2252 2018 manere
2276 1965 2336 2017 in
2358 1966 2560 2034 gradu.

1950 2055 2039 2106 79.
2072 2052 2151 2106 De
2178 2052 2376 2105 eadem
2408 2068 2485 2106 re.

1948 2142 2036 2195 80.
2075 2141 2151 2194 De
2183 2140 2385 2194 eadem
2413 2156 2493 2196 re.

1947 2230 2034 2283 81.
2072 2230 2151 2283 De
2185 2230 2383 2283 eadem
2413 2246 2488 2283 re.

1946 2321 2035 2373 82.
2070 2319 2232 2383 Quod
2265 2324 2394 2389 post
2423 2325 2641 2389 septem
2695 2337 2877 2374 annos
2936 2319 3309 2391 pauitantem
3392 2323 3656 2377 sacerdo-

2016 2412 2133 2461 tem
2186 2424 2424 2461 censura
2456 2424 2743 2462 cauouum
2799 2410 2858 2462 iu
2905 2409 3211 2479 pristinum
3293 2416 3501 2465 statum
3563 2427 3656 2465 re—

2018 2513 2209 2550 meare
2242 2497 2557 2567 pracipiat.

1944 2584 2032 2638 83.
2071 2584 2148 2636 De
2182 2585 2380 2655 populi
2412 2586 2727 2640 necessario
2774 2587 2928 2658 quod
2983 2587 3232 2641 inultum
3282 2588 3459 2642 soleat
3505 2605 3655 2660 pra-

2015 2672 2207 2726 terire.

1940 2761 2027 2813 84.
2064 2761 2141 2813 De
2174 2760 2284 2814 illis
2315 2762 2415 2832 qui
2484 2763 2732 2817 scabiem
2774 2767 2871 2818 aut
2919 2764 3259 2818 vermiculos
3321 2772 3653 2833 comedunt,

2013 2848 2101 2901 vel
2126 2849 2353 2903 urinam
2379 2851 2603 2905 bibunt.

123 2944 215 2994 55.
256 2937 422 3002 Quod
465 2939 620 3007 justa
674 2936 1004 2992 obedientia
1042 2938 1215 3007 justis
1257 2937 1592 2991 muneribus
1637 2955 1827 2992 remu-
1863 2942 1904 2997 C
1942 2937 2028 2991 85.
2064 2937 2143 2990 De
2200 2937 2311 2990 illis
2370 2938 2468 3009 qui
2522 2939 2794 2992 animalia
2850 2956 2882 2992 a
2940 2939 3136 2994 bestiis
3197 2940 3504 2995 dilacerata
3567 2942 3653 2996 vel

200 3034 461 3081 neretur.

2012 3024 2231 3095 laqueis
2263 3028 2618 3097 strangulata
2642 3027 2974 3081 comedunt.

127 3120 211 3169 56.
249 3116 329 3170 De
356 3114 467 3167 illis
514 3114 611 3183 qui
644 3130 709 3167 ex
758 3113 1041 3166 industria
1084 3116 1340 3185 peccant,
1380 3118 1436 3167 et
1482 3115 1832 3185 promittunt
1939 3114 2029 3166 86.
2070 3114 2145 3167 De
2179 3115 2402 3184 apibus,
2440 3116 2487 3169 si
2520 3116 2817 3169 hominem
2851 3115 3178 3170 occiderint.

199 3203 315 3257 sibi
336 3202 647 3272 quamdam
689 3200 1093 3270 impunitatem
1134 3202 1425 3272 peccandi,
1455 3207 1688 3273 propter
1712 3204 1829 3256 lar-

199 3290 480 3362 gitionem
522 3290 1038 3358 elaemosyuarum.

128 3386 217 3434 57.
264 3381 343 3433 De
404 3378 490 3431 his
547 3377 646 3448 qui
727 3380 957 3447 peracta
1016 3377 1353 3445 pauitantia
1433 3378 1503 3431 ad
1589 3378 1833 3447 pristina

202 3468 448 3522 redeunt
473 3466 789 3519 volutabra.

127 3560 221 3613 58.
260 3557 336 3610 Da
388 3555 701 3624 pceniteute
754 3552 990 3617 femina,
1046 3552 1091 3605 si
1158 3552 1422 3607 defuncto
1481 3554 1623 3611 viro.

202 3645 423 3697 nubere
454 3641 910 3712 praesumpserit.

127 3737 221 3788 59.
254 3732 418 3795 Quod
451 3732 510 3783 in
542 3730 731 3783 danda
761 3728 1119 3800 pauitantia,
1152 3729 1311 3782 nulla
1352 3730 1423 3782 sit
1460 3744 1833 3798 personarum

205 3820 478 3890 acceptio.

128 3911 221 3965 60.
259 3911 333 3963 De
367 3908 478 3963 illis
504 3907 604 3978 qui
631 3909 861 3975 peccata
899 3922 1000 3960 sua
1030 3905 1153 3960 sine
1185 3906 1472 3977 condigna
1501 3906 1837 3976 pauitantia

204 3998 313 4051 sibi
338 3996 581 4051 relaxari
609 3995 903 4049 falluntur.

128 4090 223 4141 61.
260 4085 419 4150 Quod
500 4083 697 4138 tandiu
747 4083 999 4137 laborare
1062 4083 1306 4153 quisque
1360 4082 1584 4149 debeat,
1654 4083 1835 4137 donec

167 4174 453 4245 possideat
482 4171 791 4227 Christum.

128 4266 224 4317 62.
260 4262 329 4316 Ut
410 4261 601 4314 nullus
686 4260 982 4330 episcopus
1058 4276 1155 4312 seu
1228 4260 1526 4329 presbyter
1602 4259 1838 4313 alterius

199 4350 577 4421 pauitantem
606 4347 728 4401 sine
759 4348 964 4401 litteris
993 4347 1080 4400 sui
1108 4347 1362 4416 episcopi
1402 4346 1689 4416 suscipiat.

126 4443 201 4495 63
261 4440 331 4493 Ut
384 4439 755 4509 pauitantem
784 4437 1101 4491 secundum
1152 4452 1418 4501 canones,
1467 4436 1576 4489 nisi
1607 4441 1837 4506 peracta

204 4527 545 4598 pauitantia
575 4525 1001 4579 communicare
1034 4540 1148 4578 non
1177 4524 1441 4577 debeant.

125 4617 223 4671 64.
258 4616 417 4679 Quod
446 4631 551 4685 pro
583 4614 811 4668 ethuico
846 4619 903 4667 et
948 4613 1253 4682 publicano
1307 4612 1602 4666 habendus
1630 4611 1702 4665 sit
1738 4612 1838 4683 qui

206 4720 313 4773 pro
345 4709 576 4773 peccato
606 4702 909 4756 commisso
940 4704 1220 4771 pauitare
1255 4700 1521 4754 noluerit.

126 4795 223 4846 65.
254 4791 412 4854 Quod
445 4808 477 4844 a
504 4791 671 4844 licitis
718 4807 777 4843 se
814 4790 1101 4845 abstinere
1153 4789 1357 4843 debeat
1405 4788 1505 4859 qui
1556 4788 1752 4841 illicita
1777 4806 1835 4843 se

207 4878 559 4931 commisisse
591 4876 939 4931 meminerit.

127 4970 224 5020 66.
263 4966 328 5019 Ut
357 4966 548 5018 nullus
578 4970 706 5034 post
744 4964 1099 5036 p’anitentia
1137 4964 1423 5018 actionem
1469 4964 1539 5017 ad
1571 4963 1834 5017 militiam

209 5054 541 5106 saecularem
573 5053 757 5106 redire
781 5053 1002 5106 debeat.

131 5148 227 5197 67.
269 5143 348 5195 De
372 5141 482 5195 illis
508 5142 605 5211 qui
636 5141 834 5195 relicto
882 5139 1182 5210 religionis
1212 5140 1507 5211 proposito
1540 5140 1607 5193 ad
1659 5156 1833 5193 sacu-

210 5232 333 5284 lum
368 5230 622 5283 redeunt.

132 5322 228 5373 68.
264 5317 425 5381 Quod
482 5319 675 5372 nullus
732 5316 1030 5388 religiosus
1087 5320 1143 5369 et
1199 5321 1427 5370 sanctus
1460 5321 1648 5370 careat
1706 5333 1834 5385 pec-

210 5410 356 5459 cato.

1710 3554 1834 3607 aliis

132 5498 228 5549 69.
277 5494 345 5547 Ut
401 5494 743 5564 pauitantes
770 5510 803 5547 a
839 5492 1113 5547 conviviis
1165 5496 1221 5546 et
1280 5491 1629 5545 ornamentis
1670 5492 1839 5546 absti-

216 5595 355 5634 nere
378 5596 435 5633 se
465 5580 729 5635 debeant.

1940 3203 2026 3254 87.
2064 3202 2141 3254 Da
2198 3203 2383 3272 porcis
2438 3209 2493 3257 et
2551 3203 2813 3274 gallinis,
2869 3204 2915 3256 si
3000 3205 3341 3275 sanguinem
3405 3207 3654 3262 hominis

2012 3292 2385 3347 comederint.

1943 3380 2030 3432 88.
2067 3380 2146 3433 De
2176 3380 2288 3434 illis
2327 3381 2427 3451 qui
2470 3397 2699 3434 carnem
2732 3380 3095 3435 immundam
3137 3382 3221 3437 vel
3289 3382 3654 3436 morticiuam

2015 3468 2344 3521 comedunt.

1944 3556 2032 3607 89.
2069 3556 2145 3608 De
2176 3556 2289 3608 illis
2321 3556 2419 3625 qui
2451 3555 2644 3608 cibum
2676 3555 2977 3608 immunda
3008 3573 3183 3611 manu
3213 3563 3424 3611 tactum
3464 3575 3653 3612 come-

2018 3642 2244 3708 derunt,
2279 3643 2365 3695 val
2387 3642 2430 3695 si
2451 3642 2605 3695 cauis
2628 3646 2725 3694 aut
2754 3643 2989 3712 aliquod
3013 3644 3224 3698 animal
3287 3644 3652 3701 immundum

2017 3728 2208 3783 cibum
2237 3730 2505 3800 tetigerit.

1948 3819 2037 3870 90.
2071 3818 2150 3871 De
2182 3818 2294 3871 illis
2326 3818 2426 3888 qui
2476 3816 2755 3886 sanguine
2787 3819 2871 3870 vel
2938 3819 3127 3889 aliquo
3175 3820 3472 3875 immundo
3532 3824 3654 3892 pol-

2021 3905 2278 3961 luuntur.

1951 3994 2037 4045 91.
2076 3994 2154 4047 De
2186 3994 2301 4047 illis
2330 3993 2429 4064 qui
2462 3993 2801 4063 sanguinem
2835 3999 2931 4048 aut
2963 4012 3160 4050 semen
3193 3996 3461 4052 biberint.

1952 4083 2039 4134 92.
2076 4082 2153 4135 De
2182 4082 2431 4152 piscibus
2465 4081 2704 4135 mortuis
2725 4081 2787 4135 in
2819 4081 3060 4137 flumine
3093 4084 3360 4138 inventis.

1953 4171 2039 4223 93.
2077 4170 2153 4223 De
2184 4169 2422 4235 clericis,
2456 4168 2502 4222 si
2533 4186 2566 4222 a
2594 4169 2878 4223 damouio
2902 4178 3200 4225 vexantur.

1952 4258 2039 4310 94.
2081 4257 2159 4310 De
2188 4258 2301 4310 illis
2322 4256 2420 4328 qui
2457 4265 2761 4326 parentum
2796 4258 3077 4313 honorem
3106 4276 3224 4314 non
3252 4267 3496 4317 servant.

1950 4346 2037 4396 95.
2070 4344 2233 4408 Quod
2280 4345 2586 4415 paniteuti
2649 4347 2806 4399 nulla
2852 4349 3083 4418 negotia
3134 4364 3395 4404 exercere
3441 4367 3650 4406 conve-

2018 4432 2160 4488 niat.

1950 4522 2036 4574 96.
2069 4522 2138 4575 Ut
2198 4521 2521 4575 sacerdotes
2578 4522 2721 4577 nulli
2768 4524 3165 4594 paniteutiam
3224 4525 3532 4599 iujungant
3582 4544 3649 4582 ex

2018 4609 2209 4674 corda,
2234 4610 2333 4664 sed
2365 4626 2431 4663 ex
2462 4611 2811 4665 auctoritate.

1947 4701 2034 4752 97.
2062 4699 2132 4752 Ut
2164 4700 2560 4770 unusquisque
2606 4700 2904 4769 presbyter
2934 4706 3061 4755 octo
3108 4701 3449 4773 principalia
3516 4705 3650 4758 vitia

2017 4801 2120 4855 per
2148 4787 2409 4840 ordinem
2434 4787 2587 4840 sciat.

1950 4876 2037 4928 98.
2074 4876 2142 4928 Ut
2174 4868 2494 4928 sacerdotes
2525 4874 2830 4943 diligenter
2881 4876 3207 4931 examinant
3250 4878 3647 4936 conﬁtentium

2020 4970 2266 5030 peccata.

1947 5052 2033 5103 99.
2072 5052 2141 5104 Ut
2197 5048 2410 5119 singuli
2470 5048 2787 5119 presbyteri
2817 5051 3066 5120 capitula
3100 5054 3499 5107 auctoritativa
3545 5056 3645 5109 ha-

2017 5138 2189 5191 beant
2217 5138 2287 5190 ad
2319 5138 2768 5191 succurrendum
2816 5139 3246 5208 pauitantibus.

1953 5226 2071 5279 100.
2108 5226 2183 5278 De
2212 5224 2558 5293 presbyteris
2597 5226 2697 5295 qui
2731 5227 2925 5296 culpas
2974 5228 3332 5297 peccantium
3388 5231 3645 5299 reticent,

2019 5314 2102 5365 vel
2145 5313 2335 5365 minus
2387 5311 2559 5381 digne
2604 5314 2947 5382 pauitantes
2998 5316 3071 5370 ad
3125 5318 3645 5375 reconciliationem

2018 5400 2326 5453 adducunt.

1952 5491 2071 5543 101.
2131 5488 2207 5542 De
2250 5486 2363 5540 illis
2431 5486 2531 5556 qui
2588 5487 2980 5543 truncationes
3050 5492 3443 5548 membrorum
3500 5494 3647 5550 fece-

2022 5575 2157 5631 rint.
