4010 6192
347 254 450 308 947
1438 251 1839 309 BUBCHARDI
1878 253 2411 311 WORMACIENSIS
2452 252 2785 309 EPISCOPI.
3777 257 3881 310 948

351 379 472 432 102.
513 377 591 431 De
613 378 813 432 eadem
848 393 928 431 re.

354 470 471 524 103.
506 468 586 521 De
620 466 734 522 illis
774 467 872 538 qui
911 466 1180 521 ducatum
1212 468 1506 536 prmstant,
1540 469 1598 519 et
1625 466 2049 537 depraedatores

420 574 595 631 super
624 555 975 612 Christianos
1004 553 1241 607 ducunt.

356 649 476 702 104.
512 649 589 702 De
620 645 732 700 illis
764 643 864 714 qui
901 658 1003 713 per
1028 655 1285 695 amorem
1315 639 1552 694 veneﬁci
1580 640 1747 696 ﬁunt.

356 737 475 790 105.
510 737 589 790 De
629 733 741 788 illis
779 732 882 802 qui
919 727 1220 793 haereticis,
1272 727 1590 781 nescientes
1642 729 1730 783 vel
1790 728 2053 795 scientes,

424 839 483 877 se
509 823 571 876 in
602 820 894 891 aliquibus
923 816 1408 871 commiscuerint.

355 912 475 965 106.
510 912 586 965 De
612 910 725 963 illis
757 908 857 979 qui
908 904 1215 958 comedunt
1246 905 1334 958 vel
1384 904 1591 959 bibunt
1616 906 1687 960 ab
1746 905 2059 960 immundis

421 999 769 1053 animalibus
799 1000 1015 1049 tactum
1045 994 1133 1047 vel
1163 994 1490 1047 intinctum.

354 1090 472 1141 107.
523 1087 685 1150 Quod
765 1084 1032 1138 diabolus
1088 1081 1345 1135 internas
1402 1082 1779 1151 cogitationes
1828 1084 2058 1138 amimas

431 1193 543 1230 non
571 1177 780 1241 videat,
812 1173 911 1227 sed
941 1189 1009 1226 ex
1042 1176 1204 1225 motu
1226 1171 1480 1242 corporis
1518 1172 1818 1243 intelligat.

354 1274 473 1328 108.
511 1270 587 1323 De
620 1266 818 1320 eadem
846 1278 926 1316 re.

351 1362 471 1416 109.
506 1360 580 1411 De
626 1353 737 1409 illis
764 1351 864 1423 qui
919 1348 1060 1404 alios
1090 1348 1150 1403 in
1180 1347 1349 1418 culpa
1415 1365 1518 1402 sua
1572 1348 1877 1403 defendere
1966 1350 2060 1403 ni--

418 1451 633 1502 tuntur.

354 1538 474 1591 110.
502 1536 579 1589 De
607 1530 810 1586 eadem
831 1543 913 1581 re.

355 1626 478 1678 111.
514 1622 584 1675 Ut
616 1615 955 1690 poenitentia
981 1612 1304 1683 conjugatis
1334 1629 1400 1667 ex
1422 1628 1704 1667 consensu
1732 1614 1916 1669 detur.

356 1712 474 1765 112.
504 1708 651 1772 Quot
716 1704 905 1759 modis
984 1702 1192 1755 anima».
1264 1702 1664 1756 defunctorum
1736 1701 1878 1757 solvi
1959 1704 2058 1758 de-

432 1797 624 1850 beant.

360 1886 478 1939 113.
516 1885 592 1937 De
616 1878 935 1935 nutriendis
974 1876 1237 1931 inﬁrmis.

362 1973 482 2029 114.
517 1970 674 2036 Quod
732 1984 852 2022 non
912 1970 1156 2021 noceant
1185 1964 1477 2036 praeterita
1509 2006 1522 2031 ,
1555 1964 1602 2019 si
1634 1981 1750 2019 non
1802 1966 2064 2036 placeant

432 2059 757 2132 praesentia.

364 2153 482 2205 115.
518 2150 597 2203 De
628 2147 739 2200 illis
770 2144 871 2216 qui
896 2143 1148 2214 hospites
1171 2143 1427 2214 recipere
1469 2143 1847 2213 neglexerint.

360 2241 481 2293 116.
516 2237 585 2291 Ut
613 2232 803 2287 clerici
844 2230 1136 2300 superﬂua
1164 2230 1515 2300 pauperibus
1543 2236 1807 2300 erogent.

361 2330 477 2381 117.
509 2327 585 2380 De
613 2323 712 2377 illo
744 2319 1225 2392 quilalicuﬁfratri
1254 2335 1423 2372 suum
1452 2319 1703 2390 imputat
1743 2324 2061 2390 peccatum,

429 2414 543 2468 nisi
570 2412 730 2483 prius
758 2425 1013 2463 seorsum
1042 2424 1174 2462 eum
1204 2408 1475 2479 arguerit.

368 2505 487 2556 118.
520 2502 596 2555 De
630 2500 742 2553 illis
770 2498 869 2568 qui
896 2498 995 2551 diu
1024 2497 1260 2550 reticent
1290 2502 1516 2567 peccata
1570 2512 1689 2549 sua.

365 2592 483 2644 119.
510 2590 588 2643 De
618 2588 730 2641 illis
762 2587 861 2657 qui
894 2586 1145 2656 aliquem
1178 2585 1237 2638 in
1276 2585 1362 2639 ira
1410 2584 1814 2656 percusserint.

370 2680 490 2732 120.
526 2677 604 2730 De
636 2675 749 2728 illis
776 2673 877 2746 qui
909 2673 979 2727 ad
1019 2673 1342 2727 feriendum
1375 2672 1671 2727 hominem
1694 2672 2063 2740 surrexerint,

431 2765 688 2819 volentes
710 2779 843 2817 eum
876 2761 1150 2825 occidere,
1172 2762 1267 2815 sed
1300 2778 1415 2815 non
1448 2766 1778 2831 potuerunt.

366 2856 485 2909 121.
529 2854 607 2907 De
637 2852 750 2905 illis
790 2849 889 2921 qui
919 2850 1253 2904 reticuerint
1297 2854 1596 2920 peccatum
1639 2849 1851 2918 fratris,
1913 2851 2063 2922 quod

447 2945 531 2995 est
569 2940 639 2994 ad
670 2944 935 2994 mortem.

375 3033 493 3085 122.
522 3029 687 3094 Quod
721 3044 838 3083 non
868 3027 1036 3081 liceat
1091 3027 1333 3081 diacono
1394 3028 1562 3082 alicui
1611 3028 1746 3082 dare
1792 3028 2071 3099 poeniten-

437 3119 601 3173 tiam.

372 3210 495 3263 123.
533 3208 601 3262 Ut
626 3204 1135 3277 paenitentia'qua:
1166 3203 1342 3259 dilata
1370 3209 1473 3271 est,
1505 3221 1636 3259 cum
1675 3204 1857 3275 petita
1904 3206 2075 3260 fuerit

441 3310 559 3349 non
592 3298 853 3364 negetur.

376 3384 496 3439 124.
527 3384 605 3438 De
634 3382 749 3437 illis
792 3380 892 3452 qui
950 3380 1277 3451 despiciunt
1310 3398 1404 3436 eos
1436 3382 1534 3452 qui
1580 3382 1828 3437 ﬁdeliter
1866 3399 2076 3453 agapas

443 3472 678 3527 faciunt.

376 3562 495 3616 125.
534 3561 613 3614 De
642 3558 754 3613 illis
777 3556 877 3630 qui
904 3557 1100 3612 dicunt
1126 3573 1184 3611 se
1214 3574 1331 3611 non
1361 3558 1571 3631 habere
1593 3564 1841 3630 peccata.

376 3651 496 3704 126.
534 3650 611 3702 De
642 3647 755 3702 illis
801 3647 900 3716 qui
928 3646 1124 3700 dicunt
1182 3651 1405 3700 sanctos
1462 3647 1520 3700 in
1577 3647 1833 3702 oratione
1890 3647 2079 3701 domi-

442 3737 591 3801 nica,
615 3735 837 3790 dimitte
868 3735 1033 3790 nobis
1062 3735 1254 3789 debita
1300 3740 1514 3803 nostra,
1549 3751 1666 3789 non
1717 3752 1823 3806 pro
1871 3752 1929 3789 se
1980 3736 2079 3791 sed

441 3841 547 3896 pro
576 3825 704 3879 aliis
742 3824 950 3879 dicere.

378 3918 499 3969 127.
538 3914 614 3967 De
652 3911 765 3966 illis
788 3911 889 3982 qui
910 3911 1190 3982 episcopis
1221 3910 1336 3964 suis
1379 3911 1522 3964 clam
1578 3927 1677 3964 sua
1736 3910 2081 3965 conﬁtentur

445 4006 694 4072 peccata,
724 4005 778 4053 et
810 4004 1003 4069 postea
1031 4015 1241 4069 negare
1267 3998 1573 4053 voluerint.

379 4092 499 4144 128.
536 4090 613 4143 De
651 4088 767 4142 illis
822 4086 1232 4157 paenitentibus
1262 4086 1361 4157 qui
1414 4091 1626 4141 attente
1676 4088 1829 4157 leges
1893 4088 2078 4159 poeni-

438 4178 633 4232 tentiae
661 4180 1064 4246 exsequentur.

381 4268 497 4321 129.
531 4267 610 4319 De
634 4264 745 4317 illis
775 4264 876 4334 qui
903 4280 962 4317 se
995 4264 1259 4335 afﬂigunt
1286 4264 1353 4317 de
1376 4262 1534 4317 obitu
1563 4264 1888 4317 charorum.

384 4357 501 4409 130.
537 4355 616 4407 De
646 4352 760 4406 illis
783 4353 882 4422 qui
913 4352 1017 4407 sibi
1038 4352 1177 4423 ipsis
1193 4351 1511 4405 voluntarie
1533 4359 1772 4406 mortem
1804 4352 2074 4408 inferunt.

384 4445 505 4496 131.
552 4443 629 4494 De
656 4441 855 4495 eadem
888 4458 969 4495 re.

386 4533 506 4584 132.
541 4531 617 4583 De
640 4529 753 4585 illis
783 4529 883 4600 qui
909 4545 1038 4584 cum
1068 4527 1400 4583 inﬁdelibus
1443 4527 1636 4582 cibum
1682 4544 1907 4582 sumere
1929 4543 2079 4598 prae-

453 4622 708 4672 sumunt.

388 4710 504 4762 133.
540 4707 619 4761 De
676 4706 790 4761 illis
842 4707 942 4777 qui
1008 4710 1347 4778 apostatant,
1382 4710 1435 4761 et
1465 4705 1538 4759 ad
1592 4705 1976 4759 idololatriam
2025 4722 2084 4759 se

455 4800 815 4849 convertunt.

2077 382 2126 433 Α
2167 380 2284 434 134.
2320 380 2397 433 De
2437 378 2638 432 eadem
2673 393 2754 432 re.

2170 470 2284 522 135.
2322 469 2400 522 De
2458 465 2573 520 illis
2631 465 2731 537 qui
2817 464 3141 520 Christiana
3200 464 3486 535 mancipia
3561 466 3891 534 captivave-

2236 557 2375 610 rint.

2170 647 2287 701 136.
2325 646 2402 699 De
2432 643 2544 697 illis
2575 643 2672 714 qui
2713 658 2904 696 aream
2939 642 3187 712 proximi
3230 642 3319 696 sui
3349 641 3744 696 incenderint.

2171 736 2288 788 137.
2326 734 2403 787 De
2460 732 2575 785 illis
2624 732 2724 801 qui
2784 731 3082 784 libidinose
3148 732 3579 785 attrectaverint
3630 730 3895 801 puellam

2236 825 2335 875 aut
2366 820 2685 874 mulierem.

2173 913 2289 964 138.
2327 910 2401 962 De
2430 908 2543 961 illis
2582 907 2681 979 qui
2725 907 2785 962 in
2828 906 3036 962 balneo
3075 922 3206 961 cum
3237 905 3582 960 mulieribus
3616 922 3678 959 se
3734 906 3893 960 lave-

2236 997 2375 1051 rint.

2172 1088 2291 1140 139.
2328 1086 2404 1139 De
2436 1083 2921 1138 administratione
2937 1082 3276 1136 xenodochii
3309 1086 3365 1135 et
3402 1081 3667 1135 decima.

2172 1174 2291 1228 140.
2320 1175 2389 1228 Ut
2412 1172 2643 1227 feminas
2672 1175 3040 1225 menstruatm
3072 1187 3191 1225 non
3220 1170 3483 1225 offerant.

2173 1263 2292 1318 141.
2323 1264 2401 1317 De
2429 1262 2542 1315 illis
2567 1260 2795 1315 feminis
2830 1276 2959 1331 quae
3012 1265 3144 1313 ante
3192 1260 3472 1313 mundum
3539 1260 3882 1329 sanguinem

2240 1352 2538 1406 ecclesiam
2567 1351 2801 1415 intrant,
2836 1355 2892 1404 et
2920 1365 3049 1421 quae
3081 1350 3385 1419 nupserint
3415 1349 3507 1403 his
3542 1350 3767 1403 diebus.

2174 1443 2291 1497 142.
2326 1441 2491 1506 Quod
2540 1438 2809 1494 monachi
2865 1438 3233 1493 saecularibus
3289 1437 3696 1509 paenitentiam
3748 1437 3883 1490 dare

2242 1546 2357 1584 non
2395 1529 2659 1583 debeant.

2176 1620 2294 1674 143.
2323 1619 2395 1672 Ut
2424 1617 2768 1687 poenitentes
2812 1620 2944 1669 ante
2994 1617 3285 1685 peractam
3332 1614 3745 1684 pmnitentiam
3774 1629 3889 1666 non

2244 1706 2702 1761 reconcilientur.

2176 1795 2291 1849 144.
2326 1795 2405 1848 De
2462 1793 2571 1846 illis
2630 1791 2729 1863 qui
2781 1791 2850 1845 ad
2905 1790 3322 1845 confessionem
3353 1790 3619 1855 veniunt,
3663 1805 3890 1843 necesse

2243 1887 2327 1936 est
2379 1886 2442 1935 ut
2486 1882 2739 1952 primum
2767 1880 2836 1934 de
2866 1880 3041 1935 livore
3070 1879 3300 1933 invidia:
3332 1884 3389 1933 et
3418 1878 3667 1932 avaritia
3705 1878 3885 1933 inter-

2241 1976 2541 2041 rogentur.

2177 2060 2295 2115 145.
2333 2061 2411 2114 De
2465 2059 2577 2112 illis
2643 2058 2741 2129 qui
2791 2056 2899 2111 soli
2947 2059 3065 2112 Deo
3122 2060 3353 2128 peccata
3402 2073 3508 2110 sua
3564 2055 3890 2110 conﬁtenda

2244 2164 2369 2201 esse
2399 2147 2711 2201 afﬁrmant.

2178 2236 2296 2291 146.
2330 2238 2406 2289 De
2436 2236 2549 2289 illis
2604 2234 2701 2307 qui
2728 2233 3014 2306 accipiunt
3063 2234 3484 2305 paenitentiam,
3520 2238 3581 2286 et
3612 2233 3746 2303 plus
3784 2233 3889 2286 de-

2246 2324 2497 2379 siderant
2550 2323 2827 2393 temporis
2878 2323 3175 2377 constituti
3229 2322 3643 2393 expletionem,
3714 2338 3889 2392 quam

2247 2413 2465 2484 peccati
2496 2412 2917 2467 remissionem.

2182 2501 2300 2558 147.
2359 2503 2520 2567 Quod
2573 2502 2883 2554 secundum
2949 2516 3235 2553 canonum
3294 2503 3354 2555 et
3400 2499 3889 2571 pcenitentialium

2247 2596 2480 2657 statuta,
2512 2590 2870 2661 poenitentia:
2900 2588 3103 2642 danda;
3124 2587 3257 2643 sint.

2180 2680 2302 2734 148.
2334 2680 2404 2733 Ut
2428 2680 2619 2732 nullus
2650 2678 2891 2748 injustas
2940 2692 3257 2743 mensuras,
3291 2681 3348 2729 et
3396 2675 3655 2745 pondera
3738 2675 3893 2744 inju-

2250 2772 2357 2835 sta,
2384 2771 2439 2820 et
2469 2784 2500 2820 a
2548 2767 2766 2820 civibus
2795 2782 2910 2819 non
2940 2766 3279 2832 collaudata,
3313 2765 3459 2818 lucri
3514 2780 3693 2818 causa
3760 2764 3895 2817 dare

2255 2859 2585 2924 praesumat.

2104 2926 2143 2981 ί)
2186 2945 2303 2999 149.
2340 2945 2416 2998 De
2438 2949 2620 2997 matre
2665 2958 2792 3014 quae
2826 2942 3108 2995 infantem
3140 2957 3309 2995 suum
3331 2942 3492 3011 juxta
3542 2940 3749 3011 ignem
3799 2957 3895 3011 po-

2252 3036 2465 3095 suerat,
2499 3036 2556 3085 et
2582 3048 2683 3085 sua
2713 3030 3067 3101 negligentia
3095 3034 3358 3083 mortuus
3385 3034 3490 3083 est.

2186 3123 2305 3175 150.
2340 3122 2416 3175 De
2444 3119 2742 3186 ordinatis,
2774 3119 2821 3172 si
2864 3123 2995 3172 ante
3034 3119 3117 3171 vel
3149 3122 3277 3187 post
3333 3117 3764 3172 ordinationem
3835 3119 3894 3171 in

2253 3208 2645 3263 criminalibus
2674 3207 2917 3279 peccatis
2956 3206 3301 3276 deprehensi
3325 3205 3565 3259 fuerint.

2187 3300 2306 3353 151.
2341 3300 2419 3352 De
2478 3295 2611 3350 viris
2668 3296 2942 3350 ordinatis
3020 3310 3269 3366 quorum
3347 3296 3573 3348 occulta
3663 3299 3892 3364 peccata

2256 3391 2406 3440 sunt.

2192 3478 2308 3530 152.
2333 3475 2411 3531 De
2432 3473 2547 3528 illis
2593 3472 2825 3528 feminis
2863 3489 2993 3544 quas
3052 3476 3475 3526 menstruosum
3538 3488 3713 3525 suum
3763 3487 3891 3525 san-

2255 3564 2510 3635 guinem,
2568 3566 2625 3616 et
2678 3577 2873 3615 semen
2948 3560 3034 3615 sui
3086 3560 3211 3629 viri,
3253 3565 3310 3614 et
3376 3564 3588 3614 testam
3639 3560 3893 3613 hominis

2258 3650 2700 3716 combusserint,
2735 3654 2792 3704 et
2840 3651 2960 3703 haec
3006 3650 3201 3703 omnia
3258 3648 3373 3702 viro
3424 3665 3531 3702 suo
3568 3648 3641 3703 ad
3701 3654 3897 3718 potan-

2259 3741 2392 3795 dum
2426 3738 2704 3794 dederint.

2193 3831 2311 3884 153.
2344 3830 2414 3883 Ut
2468 3828 2663 3881 nullus
2702 3826 2845 3880 alius
2907 3829 3221 3897 prmsumat
3299 3824 3712 3895 paenitentiam
3768 3826 3897 3879 dare

2255 3914 2341 3971 vel
2396 3915 2812 3969 confessionem
2870 3914 3088 3978 audire,
3138 3912 3247 3967 nisi
3274 3913 3581 3984 episcopus
3624 3919 3730 3967 aut
3773 3931 3886 3985 pre-

2260 4006 2467 4077 sbyter.

2192 4096 2310 4149 154.
2350 4094 2429 4147 De
2461 4092 2660 4147 eadem
2707 4108 2787 4147 re.

2107 4207 2149 4260 D
2194 4181 2310 4233 155.
2350 4178 2425 4231 De
2470 4177 2829 4247 temporibus
2884 4176 3088 4247 quibus
3146 4192 3207 4230 se
3263 4175 3569 4230 continere
3654 4177 3894 4233 debeant

2258 4264 2549 4336 conjugati
2577 4266 2649 4319 ab
2670 4265 2965 4319 uxoribus.

2192 4356 2310 4408 156.
2346 4355 2423 4407 De
2443 4353 2658 4406 femina
2687 4369 2813 4423 quae
2846 4357 3046 4422 sponte
3066 4351 3253 4405 ﬁlium
3284 4367 3452 4405 suum
3495 4353 3796 4408 occiderit.

2191 4446 2309 4497 157.
2352 4443 2430 4496 De
2475 4440 2586 4494 illis
2617 4441 2795 4512 quiin
2836 4440 3129 4494 Dominico
3154 4440 3247 4494 die
3281 4440 3610 4510 nupserint.

2192 4533 2311 4585 158.
2349 4532 2423 4585 De
2454 4529 2569 4583 illis
2602 4530 2703 4600 qui
2729 4529 2984 4583 confessa
3006 4529 3231 4583 iterant.

2195 4622 2313 4673 159.
2351 4619 2427 4672 De
2458 4618 2799 4688 poenitentia
2820 4618 3098 4683 ﬁdelium,
3126 4622 3191 4670 ut
3212 4616 3496 4670 confessio
3525 4616 3764 4670 illorum
3784 4633 3888 4670 non

2263 4706 2489 4777 publice
2512 4706 2634 4775 ﬁat,
2665 4706 2766 4760 sed
2788 4705 3073 4776 privatim.

2644 4794 2857 4849 Indicis
2887 4793 3247 4862 capitulorum
3282 4791 3437 4861 ﬁnis.
