4010 6192
92 271 194 325 949

923 266 1416 325 DECRETORUM
1461 270 1643 327 LIBRI
1685 271 1793 326 XX.
1842 300 1911 309 —
1952 271 2159 325 LIBER
2201 270 2512 328 DECIMUS
2550 274 2791 329 NONUS.

3525 284 3627 335 950

1436 575 2288 681 BURCHARDI

1221 776 1763 835 WORMACIENSIS
1804 780 2150 835 ECCLESIJE
2191 782 2498 837 EPISCOPI

276 922 1356 1126 DECRETORUM
1495 983 1968 1125 LIBER
2094 987 2784 1129 DECIMUS
2903 988 3437 1132 NONUS

1498 1233 1601 1298 DE
1651 1230 2209 1299 PCENITENTIA.

579 1609 1070 1665 ARGUMENTUM
1110 1610 1315 1666 LIBRI.

158 1701 333 1756 Liber
392 1699 483 1754 hic
546 1699 844 1754 Corrector
903 1704 1140 1753 vocatur
1210 1704 1266 1753 et
1330 1700 1599 1767 Medicus,
1662 1701 1798 1773 quia

92 1789 481 1843 correctiones
510 1803 815 1857 corporum
849 1792 906 1841 et
941 1788 1261 1842 animarum
1288 1790 1608 1844 medicinas
1629 1791 1798 1861 plene

92 1873 372 1937 continet,
406 1877 463 1925 et
494 1873 653 1925 docet
700 1886 1172 1941 unumquemque
1200 1872 1579 1941 sacerdotem,
1621 1872 1798 1927 etiam

92 1961 439 2030 simplicem,
500 1959 785 2024 quomodo
846 1958 1155 2028 unicuique
1187 1975 1521 2015 succurrere
1590 1962 1795 2027 valeat,

94 2048 363 2103 ordinato
402 2048 488 2101 vel
519 2047 637 2100 sine
669 2048 891 2113 ordine,
924 2048 1188 2117 pauperi,
1219 2048 1403 2116 diviti,
1447 2064 1652 2119 puero,
1692 2050 1797 2119 ju-

92 2136 246 2204 veni,
281 2136 426 2202 seni,
467 2136 774 2204 decrepito,
824 2152 985 2203 sano,
1043 2136 1291 2203 inﬁrmo,
1334 2138 1393 2190 in
1438 2139 1599 2192 omni
1628 2141 1797 2192 aetate

94 2232 144 2279 et
172 2226 239 2278 in
273 2230 520 2295 utroque
552 2240 706 2278 sexu.

94 2332 220 2387 CAP.
265 2347 492 2386 palmum.
522 2361 586 2371 —
621 2331 735 2395 Quo
779 2335 1015 2399 tempore
1055 2330 1367 2399 presbyteri
1407 2332 1670 2399 plebium.
1703 2349 1796 2387 ca-

160 2406 363 2457 nonica
393 2405 730 2467 auctoritate,
763 2401 1139 2456 discordantes
1165 2401 1239 2453 ad
1276 2416 1485 2469 pacem,
1516 2406 1568 2457 et
1621 2404 1796 2458 delin-

162 2479 389 2543 quentes
411 2473 486 2526 ad
506 2475 883 2542 pmnitentiam
907 2472 1219 2541 compellere
1249 2472 1499 2529 debeant.

161 2580 286 2649 (Ea:
330 2581 692 2633 Paenitentiali
718 2578 1001 2647 Romano.)
1037 2577 1401 2631 Hebdomada
1451 2580 1631 2649 priori
1663 2586 1798 2633 ante

92 2668 329 2722 initium
376 2667 855 2737 Quadragesimw,
916 2666 1238 2737 presbyteri
1286 2667 1545 2736 plebium
1582 2684 1794 2722 convo-

91 2764 221 2810 cent
254 2758 325 2809 ad
358 2772 415 2809 se
442 2758 739 2825 populum,
770 2761 825 2810 et
852 2755 1244 2809 discordantes
1274 2757 1550 2811 canonica
1600 2762 1794 2811 aucto-

94 2847 266 2899 ritate
316 2845 700 2913 reconcilient,
730 2851 788 2898 et
836 2846 1034 2899 omnia
1077 2845 1269 2913 jurgia
1310 2846 1531 2913 sedent,
1578 2851 1632 2901 et
1657 2852 1794 2900 tunc

96 2936 353 3004 primum
382 2934 783 2988 conﬁtentibus
800 2933 1196 3003 pcenitentiam
1220 2934 1387 2998 dent;
1412 2934 1491 2988 ita
1514 2939 1594 3001 ut,
1624 2940 1792 2989 ante—

98 3041 271 3095 quam
304 3029 473 3092 caput
496 3023 701 3093 jejunii
730 3024 941 3090 veniat,
987 3038 1187 3076 omnes
1216 3023 1457 3076 confessi
1505 3024 1789 3094 paeniten-

98 3113 236 3165 tiam
281 3116 569 3180 acceptam
600 3112 866 3176 habeant,
908 3116 970 3164 ut
999 3110 1231 3164 liberius
1285 3111 1475 3165 dicere
1524 3112 1789 3182 possint:

100 3200 334 3254 Dimitte
365 3200 528 3254 nobis
557 3200 747 3254 debita
776 3205 995 3265 nostra,
1046 3199 1191 3253 sicut
1228 3204 1285 3253 et
1310 3216 1413 3254 nos
1446 3200 1793 3255 dimittimus

96 3287 455 3341 debitoribus
480 3288 706 3340 nostris.

98 3396 225 3448 CAP.
296 3395 364 3448 Il.
422 3424 490 3435 —
551 3394 822 3459 Quomodo
893 3394 1191 3448 sacerdotes
1241 3395 1444 3462 plebem
1500 3397 1608 3449 sibi
1652 3411 1791 3449 com-

163 3468 391 3519 missam
427 3471 655 3536 tempore
698 3465 1056 3534 pomitudinis
1098 3465 1383 3520 admonere
1429 3470 1479 3518 et
1527 3469 1794 3520 instruere

167 3536 418 3590 debeant.

166 3644 288 3712 (Ea:
335 3642 492 3697 dictis
535 3642 817 3712 Augusti.)
870 3642 1190 3712 Presbyteri
1236 3642 1547 3695 admonere
1585 3642 1795 3696 debent

91 3732 329 3802 plebem
360 3730 464 3784 sibi
494 3730 824 3801 subjectam,
880 3734 944 3783 ut
995 3730 1183 3782 omnis
1226 3730 1327 3799 qui
1358 3745 1415 3783 se
1446 3730 1618 3783 sentit
1648 3746 1795 3783 mor-

92 3820 266 3873 tifero
299 3819 512 3889 peccati
550 3820 783 3873 vulnere
832 3818 1172 3885 sauciatum,
1220 3818 1365 3871 feria
1418 3824 1621 3889 quarta
1659 3824 1793 3873 ante

94 3906 613 3977 Quadragesimam
643 3922 772 3960 cum
805 3906 965 3959 omni
1021 3906 1385 3960 festinatione
1433 3912 1691 3960 recurrat
1721 3906 1793 3960 ad

92 3996 523 4050 viviﬁcatricem
594 4001 834 4049 matrem
885 3994 1213 4060 Ecclesiam,
1266 3994 1385 4062 ubi,
1445 3994 1601 4064 quod
1645 3996 1795 4048 male

90 4083 409 4151 commisit,
457 4100 585 4138 cum
638 4083 800 4137 omni
848 4083 1170 4136 humilitate
1217 4087 1272 4135 et
1302 4082 1638 4136 contritione
1670 4099 1792 4136 cor-

91 4174 184 4228 dis
241 4173 577 4243 simpliciter
624 4172 933 4239 confessus,
984 4171 1254 4241 suscipiat
1316 4171 1569 4225 remedia
1611 4171 1792 4242 poeni-
1825 4164 1866 4219 C

88 4262 293 4316 tentim
349 4261 660 4315 secundum
720 4261 955 4315 modum
1010 4259 1298 4314 canonicis
1358 4260 1794 4313 auctoritatibus

89 4351 424 4422 praeﬁxum.
456 4352 581 4404 Non
612 4350 800 4403 solum
836 4354 1025 4403 autem
1056 4349 1153 4403 ille
1177 4348 1275 4419 qui
1307 4349 1545 4401 mortale
1577 4347 1793 4418 aliquid

88 4438 411 4503 commisit,
443 4440 536 4493 sed
586 4439 757 4492 etiam
799 4440 986 4492 omnis
1023 4439 1195 4491 homo
1233 4436 1563 4507 quicunque
1614 4453 1671 4490 se
1702 4452 1791 4489 re-

87 4527 396 4599 cognoscit
443 4527 867 4581 immaculatam
928 4526 1135 4581 Christi
1192 4525 1465 4591 tunicam,
1514 4541 1687 4593 quam
1735 4524 1795 4578 in

90 4616 392 4687 baptismo
432 4616 670 4687 accepit,
719 4616 932 4685 peccati
979 4615 1200 4668 macula
1241 4612 1535 4683 polluisse,
1568 4613 1638 4666 ad
1670 4628 1795 4682 pro-

90 4707 293 4776 prium
336 4706 683 4758 sacerdotem
741 4704 974 4757 festinet
1019 4703 1233 4768 venire,
1275 4707 1330 4755 et
1366 4717 1497 4755 cum
1548 4702 1796 4771 puritate

85 4792 310 4846 mentis
340 4808 535 4845 omnes
588 4792 1088 4861 transgressiones,
1123 4790 1315 4843 omnia
1354 4794 1605 4859 peccata.
1662 4790 1797 4859 qui-

85 4883 204 4936 bus
241 4879 341 4932 Dei
381 4880 653 4933 otfensam
704 4896 761 4933 se
809 4880 1113 4933 incurrisse
1165 4877 1448 4942 meminit,
1501 4877 1798 4931 humiliter

84 4970 440 5023 conﬁteatur
472 4984 484 5020 :
519 4973 577 5021 et
607 4968 885 5039 quidquid
919 4968 973 5020 ei
1003 4983 1036 5019 a
1091 4967 1382 5019 sacerdote
1408 4966 1583 5019 fuerit
1606 4966 1796 5035 injun-

80 5065 271 5119 ctum,
306 5072 370 5110 ac
399 5056 443 5108 si
473 5057 542 5110 ab
575 5057 696 5119 ipso
749 5056 1160 5127 omnipotentis
1208 5055 1306 5108 Dei
1350 5070 1447 5108 ore
1487 5060 1633 5108 esset
1670 5071 1798 5124 pro-

86 5148 307 5211 latum,
374 5144 451 5198 ita
504 5145 811 5215 diligenter
877 5144 1156 5209 intendat,
1217 5150 1273 5197 et
1318 5144 1644 5197 cautissime
1691 5143 1792 5197 ob-

83 5241 307 5290 servet.

170 5322 441 5392 Episcopi
479 5323 567 5376 vel
601 5323 935 5393 presbyteri,
958 5320 1189 5392 quando
1224 5321 1481 5374 ﬁdelium
1516 5321 1800 5391 recipiunt

1828 1616 1875 1668 Α
1914 1612 2081 1677 lictis,
2131 1614 2229 1668 sed
2278 1614 2453 1669 etiam
2502 1632 2607 1685 pro
2671 1615 2863 1670 fratris
2911 1631 3064 1671 casu.
3114 1616 3209 1671 Ait
3265 1617 3415 1671 enim
3459 1619 3616 1688 Apo-

1911 1704 2088 1756 stolus
2117 1720 2130 1757 :
2158 1722 2185 1754 ‹‹
2218 1703 2354 1768 Quis
2376 1704 2726 1770 inﬁrmatur,
2760 1710 2815 1759 et
2836 1720 2941 1775 ego
2963 1721 3079 1758 non
3104 1705 3448 1760 inﬁrmor?»
3468 1708 3610 1761 Cum

1910 1806 2049 1862 ergo
2083 1793 2301 1846 venerit
2329 1793 2538 1863 aliquis
2586 1794 2653 1846 ad
2700 1794 3054 1847 sacerdotem
3082 1795 3343 1849 conﬁteri
3376 1802 3613 1867 peccata

1910 1896 2032 1946 sua,
2069 1882 2302 1935 mandet
2333 1881 2385 1934 ei
2420 1882 2681 1935 sacerdos
2713 1888 2775 1935 ut
2829 1888 3115 1953 exspectet
3160 1884 3447 1937 modicum
3501 1885 3604 1937 do-

1908 1986 2012 2023 nec
2060 1969 2237 2024 intret
2288 1970 2615 2038 Ecclesiam,
2689 1976 2786 2024 aut
2842 1970 2901 2023 in
2956 1972 3281 2026 cubiculum
3320 1989 3485 2026 suum
3535 1972 3611 2026 ad

1918 2058 2260 2113 orationem.
2296 2058 2354 2113 Si
2385 2063 2576 2111 autem
2610 2059 2765 2111 locus
2807 2075 2924 2112 non
2968 2064 3051 2113 est
3078 2065 3244 2129 aptus
3274 2063 3341 2114 ad
3374 2062 3504 2123 hoc,
3542 2060 3601 2113 in

1910 2146 2079 2201 corde
2108 2163 2209 2200 suo
2242 2147 2393 2201 dicat
2417 2147 2564 2200 hanc
2589 2147 2929 2201 orationem.

1910 2253 2039 2308 CAP.
2065 2254 2161 2308 Ill.
2196 2284 2263 2291 —
2297 2253 2485 2307 Oratio
2521 2252 2816 2307 sacerdotis
2864 2253 3097 2307 dicenda
3135 2254 3210 2307 ad
3233 2256 3612 2324 pamitentiam

2584 2324 2938 2378 venientibus.

1981 2430 2240 2497 Domine,
2276 2431 2425 2483 Deus
2454 2431 2837 2500 omnipotens,
2871 2432 3153 2502 propitius
3175 2436 3293 2485 esto
3313 2431 3456 2485 mihi
3475 2448 3610 2502 pec-

1907 2520 2106 2585 catori,
2160 2525 2224 2572 ut
2275 2520 2557 2589 condigne
2597 2520 2699 2573 tibi
2744 2520 2954 2590 possim
3010 2522 3221 2588 gratias
3272 2537 3461 2591 agere,
3507 2520 3609 2591 qui

1906 2624 1997 2662 me
2058 2609 2361 2678 indignum
2421 2615 2655 2679 propter
2702 2612 2856 2662 tuam
2927 2609 3377 2663 misericordiam
3438 2609 3607 2662 mini-

1904 2702 2086 2750 strum
2111 2697 2296 2750 fecisti
2324 2697 2495 2752 ofﬁcii
2544 2698 2927 2759 sacerdotalis,
2961 2702 3018 2752 et
3059 2714 3149 2751 me
3192 2698 3463 2768 exiguum
3498 2698 3606 2752 hu-

1906 2787 2221 2857 milemque
2268 2786 2637 2840 mediatorem
2684 2786 3028 2839 constituisti
3077 2787 3145 2840 ad
3194 2787 3497 2851 orandum,
3554 2790 3609 2840 et

1825 2888 1866 2942 Β
1906 2876 1974 2930 ad
2041 2874 2513 2927 intercedendum
2570 2875 2635 2928 ad
2706 2874 3012 2927 Dominum
3088 2880 3348 2928 nostrum
3412 2875 3606 2928 Iesum

1906 2962 2193 3018 Christum
2242 2963 2449 3016 Filium
2486 2968 2651 3016 tuum
2682 2979 2786 3033 pro
2828 2963 3093 3033 peccatis,
3132 2967 3188 3017 et
3216 2963 3287 3017 ad
3320 2964 3605 3034 pceniten-

1904 3051 2043 3104 tiam
2077 3050 2511 3104 revertentibus.
2550 3052 2818 3122 Ideoque,
2849 3051 3175 3105 dominator
3211 3051 3471 3115 Domine,
3506 3051 3607 3122 qui

1904 3154 2105 3193 omnes
2155 3139 2421 3192 homines
2451 3140 2534 3192 vis
2587 3141 2773 3192 salvos
2830 3139 2976 3205 ﬁeri,
3033 3145 3091 3194 et
3138 3141 3205 3194 ad
3251 3140 3605 3211 agnitionem

1903 3227 2159 3281 veritatis
2202 3227 2418 3293 venire,
2471 3228 2570 3297 qui
2621 3243 2735 3280 non
2785 3226 2868 3279 vis
2918 3231 3163 3281 mortem
3213 3232 3602 3297 peccatorum,

1904 3315 2002 3369 sed
2054 3320 2119 3368 ut
2175 3320 2582 3369 convertantur
2638 3319 2692 3368 et
2748 3314 2959 3383 vivant,
3012 3315 3236 3386 suscipe
3282 3315 3605 3369 orationem

1902 3419 2111 3470 meam,
2138 3420 2312 3473 quam
2343 3404 2519 3457 fundo
2553 3407 2682 3456 ante
2708 3408 3075 3471 conspectum
3108 3403 3427 3457 clementiae
3458 3408 3593 3469 tum,

1903 3507 2008 3561 pro
2052 3492 2281 3545 famulis
2324 3496 2379 3545 et
2418 3491 2745 3544 famulabus
2793 3491 2906 3543 tuis
2945 3492 3045 3561 qui
3096 3493 3163 3545 ad
3200 3492 3603 3561 paenitentiam

1903 3584 2203 3643 venerunt,
2238 3584 2303 3631 ut
2333 3578 2401 3631 de
2434 3578 2547 3632 illis
2578 3577 2847 3646 spiritum
2897 3579 3378 3647 compunctionis,
3419 3584 3484 3631 ut
3512 3595 3602 3632 re-

1902 3665 2172 3736 sipiscant
2212 3683 2243 3718 a
2293 3665 2506 3720 diaboli
2548 3664 2786 3735 laqueis,
2821 3681 2853 3717 a
2892 3666 3100 3735 quibus
3140 3666 3352 3719 astricti
3404 3670 3601 3719 tenen-

1902 3759 2016 3819 tur,
2047 3758 2104 3807 et
2124 3754 2195 3807 ad
2224 3758 2281 3807 te
2310 3770 2413 3824 per
2441 3752 2786 3822 condignam
2840 3754 3282 3808 satisfactionem
3318 3759 3602 3807 revertan-

1904 3848 2017 3896 tur.
2065 3843 2172 3895 Per
2213 3843 2479 3896 eumdem
2538 3842 2846 3895 Dominum
2898 3846 3158 3895 nostrum
3203 3843 3399 3895 Jesum
3438 3841 3599 3896 Chri-

1905 3935 2055 3984 stum
2078 3929 2263 3984 ﬁlium
2293 3936 2477 3996 tuum,
2512 3934 2618 3983 etc.

1907 4034 2033 4087 CAP.
2065 4033 2152 4087 IV.
2195 4063 2263 4074 -—
2309 4035 2388 4087 De
2424 4034 2772 4099 confessione,
2820 4039 2869 4087 et
2920 4035 3261 4102 poenitentia,
3314 4037 3363 4086 et
3410 4047 3597 4086 recon-

1976 4104 2269 4171 ciliatione,
2321 4110 2369 4158 et
2418 4106 2841 4172 interrogatione
2881 4106 3099 4158 illorum
3129 4106 3227 4173 qui
3247 4108 3473 4172 peccata
3500 4118 3601 4157 sua

1974 4178 2216 4242 conﬁteri
2267 4175 2601 4239 desiderant,
2665 4180 2715 4227 et
2771 4175 2902 4228 ordo
2952 4176 3027 4228 ad
3087 4177 3461 4243 paenitentiam
3524 4177 3599 4227 eis

1975 4245 2235 4298 dandam.

1975 4352 2132 4404 Tunc
2174 4351 2435 4404 sacerdos
2485 4350 2694 4405 blande
2742 4351 3064 4421 leniterque
3114 4351 3429 4421 interroget
3467 4366 3598 4404 eum

1903 4438 2156 4508 primum
2188 4438 2258 4491 de
2289 4438 2400 4491 ﬁde
2430 4438 2677 4508 qualiter
2706 4437 2919 4503 credat,
2949 4443 3004 4491 et
3033 4438 3185 4492 dicat
3217 4455 3230 4491 :

1979 4530 2082 4591 (Ea:
2122 4528 2489 4581 Pcenitentiali
2538 4527 2835 4595 Romano.)
2898 4526 3091 4580 Credis
3149 4526 3209 4580 in
3264 4527 3441 4580 Deum
3491 4515 3598 4581 Pa-

1905 4620 2072 4683 trem,
2136 4621 2187 4669 et
2244 4615 2475 4681 Filium,
2547 4620 2603 4669 et
2658 4615 2930 4685 Spiritum
2990 4615 3285 4669 sanctum?
3350 4616 3597 4683 Respon.

1906 4704 2107 4758 Credo.
2155 4705 2345 4758 Credis
2391 4704 2541 4774 quod
2608 4703 2729 4755 istae
2772 4708 2885 4755 tres
2951 4718 3209 4771 personae
3257 4718 3407 4754 unus
3454 4703 3601 4755 Deus

1905 4792 2013 4846 sit?
2042 4794 2286 4863 ReSpon.
2339 4792 2533 4846 Credo.
2571 4791 2763 4845 Credis
2813 4790 2967 4859 quod
3019 4789 3079 4842 in
3128 4790 3252 4859 ipsa
3293 4790 3401 4843 ista
3431 4804 3600 4843 carne

1904 4882 1965 4935 in
1991 4898 2104 4952 qua
2134 4897 2287 4934 nunc
2313 4897 2392 4943 es,
2425 4894 2723 4949 resurgere
2755 4879 2928 4931 babes
2962 4878 3017 4931 in
3052 4878 3143 4931 die
3170 4877 3391 4947 judicii,
3426 4883 3482 4930 et
3519 4893 3601 4930 re-

1904 4970 2092 5039 cipere
2122 4969 2237 5022 sive
2290 4968 2504 5022 bonum
2539 4968 2651 5020 sive
2684 4967 2899 5020 malum
2950 4967 3101 5037 quod
3154 4966 3417 5036 gessisti?
3461 4967 3599 5019 Res-

1906 5075 2037 5130 pon.
2095 5058 2295 5111 Credo.
2358 5058 2451 5109 Vis
2504 5056 2788 5110 dimittere
2844 5056 2956 5109 illis
3013 5060 3243 5125 peccata
3296 5055 3394 5125 qui
3438 5055 3498 5107 in
3546 5059 3600 5107 te

1906 5150 2303 5216 peccaverunt,
2350 5144 2589 5199 Domino
2638 5144 2861 5198 dicente
2896 5161 2907 5197 :
2948 5164 2974 5195 α
3022 5145 3079 5199 Si
3126 5160 3240 5197 non
3266 5143 3602 5197 remiseritis

1907 5234 2235 5288 hominibus
2294 5240 2527 5303 peccata
2574 5249 2794 5298 eorum,
2843 5249 2946 5286 nec
2998 5235 3162 5287 Pater
3208 5242 3392 5285 vester
3441 5232 3601 5285 vobis

1909 5323 2161 5376 dimittet
2190 5326 2416 5391 peccata
2447 5320 2671 5375 vestra?
2706 5342 2728 5367 ι
2766 5322 3012 5389 Respon.
3052 5321 3209 5374 Volo.
3256 5321 3323 5373 Et
3374 5321 3601 5389 require

82 5412 510 5478 confessiones,
569 5411 877 5466 humiliare
924 5428 982 5465 se
1014 5410 1242 5474 debent,
1286 5416 1343 5464 et
1380 5426 1509 5463 cum
1551 5409 1797 5464 tristitiae
1826 5430 1868 5483 ι)
1911 5411 1981 5464 ab
2003 5428 2071 5464 eo
2112 5410 2417 5479 diligenter
2462 5410 2509 5463 si
2555 5414 2639 5463 est
2677 5411 3051 5471 incestuosus,
3103 5415 3203 5462 aut
3245 5425 3346 5461 suo
3393 5407 3603 5461 seniori

85 5501 327 5571 gemitu
356 5500 736 5572 lacrymisque
766 5516 949 5567 orare,
1001 5516 1116 5554 non
1169 5500 1353 5553 solum
1400 5515 1505 5570 pro
1550 5498 1668 5552 suis
1701 5498 1798 5552 de-

1909 5499 2188 5565 inﬁdelis;
2239 5504 2296 5553 et
2346 5498 2392 5551 si
2450 5514 2567 5551 non
2613 5498 2734 5551 vult
2788 5498 3065 5551 incestum
3119 5498 3427 5563 dimittere,
3487 5512 3601 5550 non
