4010 6192
383 261 479 312 951

1467 257 1874 313 BURCHARDI
1915 254 2448 312 WORMACIENSIS
2487 255 2820 310 EPISCOPI.

3799 262 3906 311 95-2

389 385 551 450 potes
597 378 650 433 ei
710 378 847 432 dare
901 377 1298 449 paenitentiam
1331 395 1342 431 :
1395 377 1441 430 si
1489 381 1679 431 autem
1728 377 1869 444 vult,
1903 381 2081 448 potes.
2113 379 2160 432 Α
2199 376 2687 447 quadragesimus,
2721 391 2829 447 per
2866 375 3153 446 legitimas
3184 376 3354 431 ferias
3383 377 3564 431 debes
3602 378 3895 448 jejunare.

383 467 482 524 His
537 466 871 539 prmmissis,
928 465 1297 533 pmnitentem
1359 463 1576 534 alloqui
1623 464 1925 519 affectuose
1983 466 2079 519 de-

384 555 480 610 bet
511 553 779 608 sacerdos
807 553 897 607 his
914 553 1100 606 verbis
1129 569 1144 606 :
1175 553 1390 620 Frater,
1421 551 1538 604 noli
1589 552 1922 606 erubescere
1949 567 2081 623 pec-

388 649 512 698 cata
532 648 632 696 tua
675 641 958 706 conﬁteri,
1008 655 1140 694 nam
1163 645 1220 694 et
1263 655 1370 710 ego
1410 644 1672 710 peccator
1702 657 1850 707 sum,
1882 645 1938 694 et
1965 640 2081 695 for-

388 731 556 784 tassis
586 729 782 802 pejora
810 745 984 799 quam
1026 733 1089 782 tu
1143 727 1345 782 feceris
1392 729 1578 782 habeo
1627 728 1792 783 facta.
1840 729 1967 782 Haec
1995 729 2083 782 id-

387 820 538 874 circo
577 818 882 882 admoneo,
931 815 1065 885 quia
1115 815 1390 870 usitatum
1440 817 1679 870 humani
1727 817 1957 886 generis
2009 817 2087 870 vi-

390 908 538 963 tium
572 909 676 970 est,
709 909 774 958 ut
801 903 998 958 beatus
1055 905 1358 974 Gregorius
1398 904 1554 970 dicit,
1595 910 1651 958 et
1676 905 1919 959 labendo
1950 921 2083 975 pec-

393 1000 582 1049 catum
639 991 1020 1056 committere,
1063 996 1120 1046 et
1169 995 1541 1046 commissum
1597 1009 1714 1046 non
1761 991 2086 1046 conﬁtendo

394 1082 661 1153 prodere,
709 1079 806 1133 sed
850 1079 1114 1148 negando
1163 1079 1493 1145 defendere,
1542 1085 1712 1150 atque
1762 1079 2086 1133 convictum

391 1169 750 1225 defendendo
801 1168 1205 1237 multiplicare.
1261 1169 1323 1222 Et
1356 1169 1455 1239 qui
1507 1169 1731 1222 diabolo
1782 1168 2090 1238 instigante

389 1258 637 1314 nefanda
687 1256 928 1310 crimina
987 1261 1319 1327 perpetrare
1386 1272 1504 1310 non
1562 1258 1895 1320 metuimus,
1968 1255 2089 1310 haec

391 1347 611 1414 eadem,
645 1361 772 1416 quin
821 1360 993 1414 opere
1039 1345 1254 1415 absque
1307 1346 1421 1398 ulla
1467 1345 1811 1398 verecundia
1860 1343 2093 1413 perfeci-

391 1452 540 1501 mus,
595 1434 799 1488 eodem
867 1434 1144 1486 suadente
1218 1434 1420 1486 saltem
1465 1433 1651 1486 verbis
1705 1432 2092 1486 erubescimus

393 1525 674 1591 confiteri,
724 1531 780 1577 et
829 1539 1021 1576 coram
1070 1522 1302 1576 homine
1358 1522 1458 1592 qui
1505 1521 1711 1575 similis
1755 1521 1938 1575 nostri
1985 1527 2093 1590 est,

394 1614 730 1684 eisdemque
796 1611 1033 1665 fortasse
1109 1609 1472 1681 passionibus
1526 1610 1803 1680 subjacet,
1861 1608 2095 1663 confun-

395 1703 589 1758 dimur
616 1702 802 1755 dicere
833 1700 986 1770 quod
1035 1715 1218 1753 coram
1272 1699 1407 1760 Deo,
1442 1698 1542 1768 qui
1591 1698 1786 1751 omnia
1844 1697 2093 1768 inspicit,

398 1792 614 1861 absque
661 1790 778 1842 ullo
827 1788 1037 1841 mentis
1086 1789 1292 1840 rubore
1331 1787 1688 1840 committere
1737 1802 1853 1839 non
1902 1785 2096 1840 formi-

396 1879 677 1944 davimus,
728 1876 1131 1931 detrectatione
1177 1875 1526 1930 detestanda.
1571 1875 1782 1944 Sponte
1835 1889 1974 1944 ergo
2011 1874 2096 1927 fa-

399 1973 645 2031 teamur,
698 1965 850 2036 quod
903 1965 1059 2018 nullo
1106 1968 1347 2033 cogente
1398 1963 1814 2018 commisimus.
1866 1962 1924 2017 Si
1962 1977 2096 2015 vero

404 2071 510 2110 nos
566 2059 758 2108 nostra
813 2053 1026 2106 scelera
1079 2051 1468 2115 celaverimus,
1516 2051 1588 2105 ab
1641 2051 1738 2104 illo
1772 2049 2095 2104 manifesta-

401 2145 618 2198 buntur
647 2141 744 2212 qui
772 2147 827 2194 et
856 2144 1148 2194 accusator
1175 2143 1261 2193 est
1293 2139 1504 2209 peccati
1547 2143 1603 2192 et
1640 2138 1920 2192 incentor.
1974 2139 2100 2209 Ipse

403 2231 559 2284 enim
590 2230 681 2283 hic
711 2245 812 2282 nos
841 2234 906 2282 ut
933 2244 1233 2300 peccemus
1262 2227 1520 2298 instigat,
1573 2227 1694 2297 ipse
1724 2243 1852 2280 cum
1898 2243 2100 2297 pecca-

403 2318 654 2372 verimus
698 2323 955 2383 accusat;
1006 2317 1054 2370 si
1101 2332 1238 2386 ergo
1272 2315 1333 2369 in
1384 2316 1490 2370 hac
1538 2316 1656 2368 vita
1696 2315 2099 2384 preveniamus

404 2423 558 2472 eum,
613 2411 672 2460 et
698 2405 808 2475 ipsi
855 2405 1036 2458 nostri
1073 2404 1300 2458 sceleris
1345 2408 1699 2457 accusatores
1760 2403 1962 2472 simus,
1994 2419 2102 2456 ne-

407 2495 620 2566 quitias
668 2493 882 2548 diaboli
929 2493 1147 2547 inimici
1206 2493 1407 2560 nostri,
1465 2499 1520 2546 et
1562 2493 1911 2545 accusatoris
1960 2493 2100 2545 effu-

409 2583 653 2653 giemus,
682 2582 858 2636 Paulo
889 2586 1053 2647 teste,
1083 2582 1180 2651 qui
1213 2581 1291 2634 ait
1321 2598 1334 2636 :
1370 2602 1397 2630 u
1425 2581 1482 2634 Si
1510 2581 1889 2650 nosmetipsos
1942 2580 2100 2651 judi-

408 2687 688 2737 caremus,
722 2687 835 2724 non
865 2670 1065 2740 utique
1095 2669 1565 2738 dijudicaremur.
1595 2689 1622 2716 η

411 2759 542 2814 CAP.
583 2760 643 2812 V.
676 2789 746 2798 ——
809 2757 1008 2812 Videns
1049 2762 1226 2811 autem
1273 2773 1393 2810 eum
1437 2755 1683 2810 sacerdos
1737 2756 2103 2809 verecundan-

481 2836 614 2896 tem,
671 2844 891 2883 rursum
934 2832 1296 2896 prosequatur
1352 2844 1364 2881 :
1435 2829 1721 2888 Fortassis,
1764 2828 2102 2887 charissime,

477 2916 583 2955 non
624 2904 806 2954 omnia
859 2915 978 2967 quae
1036 2901 1253 2963 gessisti
1317 2899 1391 2950 ad
1459 2901 1771 2950 memoriam
1833 2897 1988 2950 modo
2015 2912 2104 2950 ve-

479 2974 659 3025 niunt.
716 2973 830 3036 Ego
875 2975 924 3022 te
974 2969 1336 3036 interrogabo,
1381 2974 1437 3022 tu
1467 2984 1592 3021 cave
1621 2983 1706 3031 ne,
1739 2967 1954 3021 diabolo
1973 2983 2106 3021 sua-

481 3042 655 3109 dente,
697 3039 916 3109 aliquid
952 3041 1124 3094 celare
1173 3054 1493 3108 praesumus.
1539 3039 1617 3092 Et
1675 3044 1798 3092 tunc
1863 3053 1984 3092 eum
2031 3042 2110 3092 ita

483 3145 582 3199 per
608 3130 851 3183 ordinem
879 3130 1192 3194 interroget.

487 3217 687 3272 Fecisti
715 3215 1088 3270 homicidium
1125 3216 1448 3269 voluntarie
1482 3216 1602 3268 sine
1636 3213 1970 3268 necessitate
1995 3230 2110 3266 non

418 3307 476 3359 in
507 3306 692 3372 hoste,
723 3304 819 3357 sed
853 3319 955 3374 per
987 3308 1146 3356 tuam
1190 3302 1562 3372 cupiditatem
1615 3306 1676 3355 ut
1718 3317 1821 3355 sua
1873 3301 1983 3355 sibi
2010 3302 2112 3354 tol-

419 3395 585 3460 leres,
639 3399 696 3446 et
753 3391 831 3445 sic
895 3407 1028 3445 eum
1085 3390 1460 3444 interfecisti?
1511 3389 1569 3445 Si
1620 3389 1822 3456 fecisti,
1856 3391 1943 3446 XL
1993 3389 2114 3443 dies

418 3481 739 3543 continuos.
783 3479 938 3550 quod
980 3480 1185 3550 vulgus
1224 3480 1477 3533 carinam
1525 3487 1706 3545 vocat,
1754 3479 1834 3532 ita
1881 3482 1944 3531 ut
1973 3493 2112 3531 con-

420 3570 659 3624 suetudo
688 3569 868 3637 est,in
885 3584 1030 3640 pane
1059 3573 1115 3622 et
1131 3567 1735 3638 aquadebesjejunare
1761 3584 1775 3632 ;
1810 3571 1868 3620 et
1896 3572 2113 3636 septem

421 3675 622 3725 annos,
655 3663 963 3729 sequentes
995 3657 1072 3710 sic
1100 3657 1384 3711 observes.

490 3747 747 3801 Primum
796 3761 1010 3800 annum
1058 3751 1184 3815 post
1215 3744 1341 3798 illos
1369 3745 1452 3798 XL
1478 3743 1621 3811 dies,
1651 3748 1836 3797 totum
1886 3759 1917 3796 a
1958 3742 2112 3808 vino,

423 3835 682 3901 medone,
729 3833 1028 3904 sagimine,
1080 3837 1134 3886 et
1191 3851 1223 3885 a
1271 3848 1434 3886 caseo
1491 3837 1547 3884 et
1599 3831 1669 3885 ab
1718 3829 1878 3884 omni
1914 3827 2117 3900 pingui

420 3925 571 3994 pisce
603 3922 885 3977 abstinere
915 3921 1085 3975 debes
1121 3937 1133 3973 :
1169 3919 1275 3972 nisi
1322 3921 1377 3973 iu
1410 3919 1522 3973 illis
1567 3919 1723 3972 festis
1773 3917 1975 3971 diebus
2019 3916 2119 3987 qui

419 4012 478 4066 in
511 4012 610 4066 illo
640 4011 930 4080 episcopio
963 4026 997 4062 a
1030 4012 1234 4062 cuncto
1267 4009 1480 4077 populo
1530 4007 1910 4060 celebrantur.
1957 4006 2017 4059 Et
2069 4005 2116 4056 si

421 4101 496 4154 sis
547 4101 607 4154 in
664 4114 875 4169 magno
925 4098 1150 4161 itinere,
1198 4096 1257 4148 in
1305 4096 1465 4166 regio
1515 4096 1693 4160 hoste,
1725 4094 1813 4148 vel
1843 4094 1904 4147 in
1939 4091 2116 4162 regali

423 4192 600 4255 curte,
636 4188 722 4241 vel
771 4186 832 4239 in
879 4186 1071 4256 aliqua
1119 4185 1454 4238 infirmitate
1509 4184 1774 4237 detentus
1830 4182 1928 4244 sis,
1982 4186 2116 4234 tunc

422 4277 590 4332 liceat
620 4273 722 4328 tibi
756 4289 870 4327 uno
898 4274 1154 4339 denario,
1187 4274 1273 4325 vel
1316 4271 1500 4341 pretio
1531 4271 1702 4324 unius
1742 4269 1986 4337 denarii,
2018 4272 2118 4322 aut

425 4373 539 4419 tres
591 4378 872 4433 pauperes
917 4361 1218 4431 pascendo,
1289 4359 1517 4412 tertiam
1572 4358 1794 4422 feriam,
1854 4358 2116 4428 quintam

424 4453 646 4516 feriam,
675 4450 974 4504 sabbatum
1004 4449 1284 4502 redimere
1317 4464 1329 4500 :
1365 4446 1445 4500 ita
1490 4451 1682 4500 tamen
1710 4450 1772 4498 ut
1801 4461 1918 4499 una
1955 4461 2016 4499 re
2049 4445 2118 4498 de

425 4541 536 4594 illis
593 4539 775 4593 tribus
829 4537 1168 4610 supradictis
1230 4535 1427 4602 utaris,
1489 4534 1547 4588 id
1593 4539 1697 4597 est,
1766 4539 1862 4588 aut
1921 4535 2114 4587 vinum

426 4629 604 4694 bibas,
639 4634 736 4681 aut
766 4628 1087 4688 medonem,
1141 4629 1240 4677 aut
1281 4624 1558 4676 mellitam
1609 4621 1928 4676 eervisiam.
1959 4624 2118 4676 Post-

424 4734 595 4789 quam
622 4717 859 4771 domum
895 4713 1134 4779 veneris,
1179 4715 1277 4765 aut
1305 4710 1535 4765 sanitati
1573 4711 1748 4764 fueris
1801 4711 2118 4777 restitutus,

425 4806 638 4859 nullam
671 4804 961 4858 licentiam
995 4801 1203 4855 habeas
1263 4799 1603 4854 redimendi.
1657 4799 1954 4868 Completo
1984 4798 2121 4851 anui

423 4895 633 4949 circulo
686 4891 980 4946 ecclesiam
1040 4888 1443 4957 introducaris,
1511 4892 1568 4942 et
1636 4887 1789 4958 pacis
1859 4887 2118 4940 osculum

426 4983 529 5037 tibi
549 4980 911 5036 concedatur.

497 5071 558 5123 lu
588 5069 837 5122 secundo
866 5082 1039 5131 anno,
1075 5069 1132 5120 et
1171 5064 1357 5130 tertio,
1397 5063 1661 5117 similiter
1700 5062 1949 5132 jejunes,
2013 5061 2121 5115 nisi

426 5159 578 5230 quod
611 5157 835 5211 tertiam
872 5155 1097 5220 feriam,
1131 5153 1392 5223 quintam
1443 5151 1664 5217 feriam,
1702 5155 1756 5204 et
1794 5149 2119 5218 sabbatum,

427 5250 760 5317 potestatem
810 5243 1019 5297 habeas
1069 5239 1390 5294 redimendi
1441 5237 1860 5308 pramominato
1910 5236 2117 5306 pretio,

426 5334 751 5402 ubicunque
781 5348 858 5385 es.
891 5331 1106 5384 Caetera
1147 5327 1340 5382 omnia
1392 5325 1698 5396 diligenter
1728 5325 2013 5391 observes,
2058 5329 2121 5377 ut

427 5423 486 5476 in
517 5421 726 5491 primo.

497 5513 605 5566 Per
651 5508 908 5578 singulos
957 5512 1204 5577 quatuor
1253 5519 1431 5558 annos
1489 5501 1591 5574 qui
1644 5506 1961 5562 remanent,
2004 5483 2142 5554 tres‘

2188 464 2439 520 Primam
2471 469 2600 518 ante
2647 464 2866 519 Pascha
2911 479 3042 517 cum
3087 465 3304 518 caeteris
3349 465 3716 528 Christianis,
3771 469 3908 520 alte-

2190 569 2314 607 ram
2344 559 2475 607 ante
2511 552 2881 607 festivitatem
2919 553 3100 606 sancti
3153 554 3387 608 Joannis
3441 554 3741 623 Baptistaa,
3779 561 3838 607 et
3861 556 3906 607 si

2192 643 2330 713 quid
2361 646 2638 706 remanet,
2692 645 2825 710 post
2879 641 3206 712 adimpleas.
3256 643 3512 697 Tertiam
3551 647 3689 696 ante
3747 644 3906 696 Nati-

2192 732 2425 784 vitatem
2460 729 2707 796 Domini,
2741 747 2771 780 a
2805 728 2951 792 vino,
2987 745 3020 782 a
3072 729 3328 793 medone,
3365 729 3592 784 mellita
3639 730 3908 794 cervisia,

2192 835 2226 873 a
2283 834 2474 884 carne,
2546 817 2850 888 sagimine,
2929 823 2984 870 et
3038 832 3071 870 a
3116 833 3295 886 caseo,
3357 823 3414 872 et
3473 834 3508 871 a
3587 818 3908 888 pinguibus

2193 907 2446 978 piscibus
2481 904 2835 979 [abstineas].

2268 998 2332 1051 Et
2395 995 2456 1048 in
2509 1001 2760 1066 quatuor
2849 993 3186 1065 supradictis
3252 995 3443 1058 annis,
3508 995 3684 1048 tertia
3741 995 3908 1060 feria,

2196 1085 2398 1155 quinta
2428 1083 2588 1144 feria.
2623 1089 2680 1138 et
2719 1082 2954 1136 sabbato
2983 1083 3224 1152 accipias
3280 1084 3571 1154 quidquid
3613 1083 3778 1137 velis.
3815 1085 3902 1138 Se-

2198 1172 2444 1226 cundam
2504 1177 2697 1224 autem
2745 1170 2971 1238 feriam,
3015 1177 3294 1241 quartam,
3349 1173 3641 1226 redimere
3689 1173 3907 1244 poteris

2198 1259 2386 1330 pretio
2431 1259 2552 1330 jam
2613 1258 2960 1328 supradicto.
3015 1259 3241 1314 Sextam
3283 1259 3494 1313 feriam
3535 1276 3770 1331 semper
3809 1259 3903 1313 ob-

2201 1365 2388 1402 serves
2440 1348 2500 1401 in
2553 1364 2702 1418 pane
2760 1352 2816 1401 et
2868 1363 3038 1417 aqua.
3094 1349 3158 1400 Et
3216 1349 3304 1401 his
3360 1349 3628 1418 expletis,
3689 1365 3904 1403 sacram

2201 1437 2666 1491 communionem
2713 1435 2978 1505 accipias,
3026 1452 3092 1490 ea
3144 1437 3365 1490 ratione
3400 1441 3462 1490 ut
3495 1453 3615 1490 non
3666 1437 3740 1490 sis
3789 1438 3906 1491 sine

2204 1523 2542 1595 pmnitentia
2596 1523 2859 1594 quandiu
2904 1523 3076 1589 vivas,
3135 1524 3234 1577 sed
3295 1524 3355 1577 iu
3419 1524 3584 1577 omni
3641 1525 3758 1578 vita
3815 1532 3911 1578 tua

2205 1627 2405 1666 omnes
2435 1616 2618 1665 sextas
2645 1611 2816 1665 ferias
2837 1610 2898 1665 in
2928 1627 3075 1681 pane
3116 1617 3174 1665 et
3216 1627 3369 1682 aqua
3399 1612 3706 1682 pmniteas,
3759 1618 3835 1679 et,
3867 1614 3912 1666 si

2205 1700 2490 1755 redimere
2522 1700 2794 1768 volueris,
2824 1705 3161 1770 potestatem
3197 1700 3408 1754 habeas
3438 1700 3767 1754 redimendi
3795 1717 3909 1754 uno

2205 1787 2461 1855 denario,
2515 1787 2602 1841 vel
2658 1786 2846 1857 pretio
2896 1787 3068 1841 unius
3113 1787 3359 1854 denarii,
3414 1789 3502 1842 vel
3561 1804 3762 1857 pascas
3799 1796 3909 1842 tres

2205 1893 2509 1948 pauperes.

2279 1965 2391 2019 Ista
2448 1965 2765 2019 secundum
2835 1964 3291 2018 misericordiam
3354 1965 3727 2020 concedimus
3785 1967 3909 2034 tibi,

2208 2069 2328 2107 non
2386 2053 2702 2107 secundum
2760 2067 3044 2106 canonum
3085 2068 3429 2106 censuram:
3473 2053 3616 2124 quia
3671 2070 3912 2107 canones

2208 2141 2289 2196 sic
2314 2141 2662 2211 praecipiunt
2693 2157 2708 2195 :
2750 2141 2807 2196 Si
2833 2140 2964 2211 quis
3003 2157 3105 2210 per
3126 2141 3474 2195 industriam
3506 2147 3568 2195 et
3592 2158 3699 2211 per
3752 2144 3911 2212 cupi-

2207 2230 2448 2285 ditatem
2479 2229 2857 2284 homicidium
2907 2229 3122 2295 fecerit,
3173 2231 3453 2284 saeculum
3487 2231 3797 2301 relinquat,
3858 2237 3914 2285 et

2209 2319 2569 2391 ingrediatur
2609 2318 3027 2374 monasterium
3076 2318 3515 2387 monachorum,
3570 2325 3626 2373 et
3649 2320 3729 2373 ibi
3760 2321 3913 2390 jugi-

2208 2415 2300 2463 ter
2328 2410 2443 2464 Deo
2473 2407 2700 2462 serviat.

2286 2497 2492 2552 Fecisti
2550 2496 2927 2551 homicidium
2984 2511 3088 2566 pro
3145 2496 3398 2550 vindicta
3444 2497 3796 2567 parentum?
3835 2495 3918 2550 XL

2213 2587 2355 2648 dies,
2391 2586 2549 2656 quod
2580 2587 2834 2639 carinam
2888 2588 3105 2650 vocant,
3152 2584 3456 2654 pmniteas,
3512 2601 3646 2639 cum
3697 2590 3912 2653 septem

2214 2674 2590 2744 sequentibus
2628 2673 2814 2738 annis,
2848 2673 2986 2744 quia
3015 2673 3293 2727 Dominus
3315 2673 3454 2728 dicit
3483 2689 3549 2727 ζα
3585 2673 3724 2728 Mihi
3744 2673 3922 2726 vindi-

2216 2768 2327 2829 cta,
2351 2767 2408 2818 et
2436 2778 2543 2834 ego
2573 2763 2908 2817 retribuam.
2946 2783 2967 2810 ι

2289 2869 2346 2924 Si
2395 2867 2578 2923 fecisti
2622 2867 3002 2922 homicidium
3056 2866 3275 2934 nolens,
3332 2867 3414 2921 ita
3465 2873 3532 2921 ut
3579 2868 3641 2921 in
3695 2868 3783 2920 ira
3829 2873 3921 2919 tua

2139 2937 2181 2992 Ο
2220 2958 2472 3028 aliquem
2520 2959 2828 3026 percutere
2871 2956 3064 3022 velles,
3120 2960 3178 3008 et
3223 2971 3342 3008 non
3387 2955 3671 3023 occidere,
3731 2962 3922 3008 tamen

2221 3045 2496 3112 occidisti,
2543 3045 2628 3100 XL
2675 3044 2814 3109 dies,
2850 3044 2907 3098 id
2951 3049 3055 3110 est,
3097 3043 3347 3097 carinam
3392 3044 3451 3097 in
3495 3059 3648 3114 pane
3699 3048 3751 3097 et
3777 3059 3923 3114 aqua

2223 3134 2520 3205 pmniteas,
2552 3139 2608 3187 et
2633 3136 2852 3203 septem
2904 3136 3208 3202 sequentes
3253 3148 3454 3186 annos.
3509 3133 3620 3187 Sed
3650 3132 3708 3185 in
3739 3133 3923 3202 primo

2225 3237 2378 3275 anno
2437 3221 2667 3274 tertiam
2727 3219 2949 3280 feriam.
3006 3219 3263 3289 quintam
3331 3219 3559 3286 feriam,
3623 3220 3922 3274 sabbatum

2225 3311 2510 3364 redimere
2586 3308 2819 3380 poteris,
2879 3308 3135 3378 singulas
3189 3307 3436 3376 singulis
3499 3308 3779 3374 denariis,
3840 3310 3918 3361 vel

2226 3397 2412 3468 pretio
2460 3397 2634 3451 unius
2681 3396 2926 3460 denarii,
2978 3397 3065 3450 vel
3114 3399 3230 3449 tres
3284 3411 3571 3465 pauperes
3616 3396 3918 3466 pascendo,

2229 3487 2502 3558 Reliquos
2531 3489 2723 3540 autem
2760 3501 2854 3538 sex
2899 3500 3082 3538 annos
3119 3482 3200 3536 ita
3231 3483 3492 3548 observa,
3538 3483 3687 3536 sicut
3734 3484 3806 3537 de
3834 3484 3922 3536 ho-

2228 3575 2472 3630 micidiis
2497 3577 2696 3644 sponte
2727 3572 3049 3626 commissis
3079 3571 3452 3626 constitutum
3480 3576 3583 3625 est.

2301 3679 2504 3735 Fecisti
2530 3678 2910 3734 homicidium
2951 3679 3009 3732 in
3042 3678 3212 3744 bello,
3240 3678 3406 3747 jussu
3436 3677 3690 3747 legitimi
3716 3678 3920 3748 princi-

2229 3770 2337 3840 pis,
2367 3769 2466 3840 qui
2519 3785 2627 3839 pro
2674 3783 2813 3838 pace
2867 3768 2976 3822 hoc
3024 3765 3150 3820 fieri
3191 3767 3464 3836 jusserat,
3507 3771 3562 3819 et
3593 3766 3921 3820 interfecisti

2229 3863 2538 3928 tyrannum
2586 3857 2685 3929 qui
2722 3872 2926 3926 pacem
2959 3860 3281 3928 pervertere
3343 3853 3604 3909 studuit?
3629 3861 3750 3909 tres
3791 3872 3920 3925 qua-

2231 3945 2581 4016 dragesimas
2611 3962 2713 4016 per
2745 3945 3031 4015 legitimas
3077 3945 3247 3998 ferias
3298 3944 3597 4014 pmniteas.
3648 3945 3710 3998 Si
3741 3950 3919 3997 autem

2229 4035 2395 4089 aliter
2418 4032 2612 4102 fuerit,
2660 4033 2717 4087 id
2747 4039 2850 4100 est,
2885 4033 3007 4086 sine
3045 4033 3208 4102 jussu
3258 4031 3500 4102 legitimi
3531 4032 3835 4102 principis,
3870 4039 3922 4084 ut

2229 4122 2602 4176 homicidium
2668 4125 2872 4190 sponte
2931 4119 3300 4173 commissum
3364 4120 3670 4189 pueniteas,
3732 4120 3792 4174 id
3851 4127 3922 4173 est

2228 4211 2483 4265 carinam
2513 4225 2689 4263 unam
2719 4225 2851 4263 cum
2882 4213 3098 4279 septem
3128 4208 3502 4278 sequentibus
3534 4208 3721 4262 annis.

2301 4314 2570 4372 Occidisti
2600 4319 2659 4368 tu
2693 4314 2835 4368 liber
2867 4329 3092 4368 servum
3122 4311 3366 4366 senioris
3402 4311 3510 4376 tui,
3544 4312 3648 4382 qui
3702 4313 3846 4367 nihil
3874 4314 3920 4365 in

2233 4410 2286 4459 te
2316 4403 2592 4475 peccavit,
2624 4403 2721 4457 sed
2765 4403 2928 4472 jussu
2977 4400 3217 4455 senioris
3270 4400 3393 4454 tui?
3438 4401 3526 4455 XL
3559 4401 3706 4464 dies,
3764 4402 3817 4454 id
3853 4409 3924 4453 est

2229 4494 2483 4548 carinam
2527 4492 2589 4546 in
2635 4507 2780 4562 pane
2829 4496 2886 4545 et
2924 4506 3070 4561 aqua
3116 4505 3245 4542 cum
3305 4494 3526 4559 septem
3557 4491 3923 4560 sequentibus

2234 4582 2400 4636 annis
2431 4580 2724 4652 pmniteas,
2748 4584 2808 4633 et
2828 4579 3018 4633 senior
3045 4583 3180 4632 tuus
3227 4577 3516 4645 similiter,
3571 4578 3685 4632 nisi
3740 4593 3923 4631 servus

2231 4672 2302 4725 sit
2333 4671 2426 4724 fur
2451 4673 2551 4723 aut
2583 4670 2746 4734 latro,
2791 4673 2849 4721 et
2902 4664 3142 4738 [senior]
3196 4683 3297 4736 pro
3332 4683 3472 4737 pace
3515 4666 3765 4720 aliorum
3809 4666 3921 4718 fieri

2229 4757 2550 4829 principiat.
3839 4746 3855 4765 ⁸

2302 4864 2360 4919 Si
2411 4868 2602 4918 autem
2655 4868 2712 4916 tu
2748 4844 2960 4916 'servus
3015 4876 3354 4914 conservum
3405 4865 3572 4914 tuum
3611 4862 3776 4930 jussu
3834 4861 3924 4912 do-

2232 4953 2376 5006 mini
2407 4952 2492 5006 tui
2545 4951 2821 5019 occidisti,
2860 4950 3126 5006 dominus
3173 4954 3304 5003 tuus
3355 4949 3747 5020 quadraginta
3792 4948 3922 5011 dies,

2233 5041 2287 5096 id
2322 5044 2407 5096 est
2435 5040 2711 5104 carinam,
2743 5039 2806 5093 in
2845 5055 2990 5109 pane
3019 5043 3075 5092 et
3105 5054 3253 5108 aqua
3273 5053 3403 5090 cum
3443 5043 3671 5107 septem
3691 5053 3923 5107 sequen-

2233 5130 2388 5182 tibus
2417 5129 2584 5182 annis
2617 5127 2894 5198 poenitere
2947 5127 3136 5192 debet,
3186 5131 3243 5179 et
3299 5131 3358 5179 tu
3409 5129 3530 5179 tres
3562 5125 3921 5196 quadragesi-

2231 5233 2374 5284 mas,
2431 5232 2536 5287 per
2592 5215 2879 5286 legitimas
2930 5215 3118 5280 ferias,
3178 5217 3413 5283 excepto
3473 5214 3584 5267 nisi
3642 5230 3749 5284 pro
3798 5227 3918 5284 pace

2229 5305 2528 5359 communi
2559 5305 2740 5359 ﬁeret.

2303 5411 2642 5465 Consiliatus
2684 5427 2744 5463 es
2789 5409 3164 5464 homicidium
3208 5413 3264 5461 et
3304 5423 3422 5461 non
3455 5408 3664 5473 fecisti,
3701 5412 3756 5460 et
3789 5409 3916 5460 occi-

2231 5516 2326 5552 sus
2356 5505 2440 5552 est
2491 5500 2662 5553 homo
2716 5503 2948 5568 propter
2995 5498 3136 5551 illud
3184 5496 3538 5550 consilium?
3570 5497 3658 5550 XL
3698 5497 3835 5558 dies,
3873 5493 3917 5543 id
