3972 6192
246 262 354 313 953

1072 252 1545 309 DECRETOBUM
1586 254 1773 309 LIBRI
1811 255 1916 311 XX.
1957 284 2029 294 -
2068 254 2276 309 LIBER
2317 253 2619 309 DECIMUS
2658 252 2903 309 NONUS.

3646 256 3749 309 954

245 386 334 437 est
354 380 631 443 carinam,
680 378 742 433 in
787 393 937 449 pane
968 381 1025 432 et
1070 393 1238 449 aqua,
1297 392 1426 431 cum
1458 380 1677 447 septem
1712 392 1954 448 sequen-
1985 380 2031 432 Α
2137 380 2249 430 Aut
2278 376 2345 442 si,
2385 380 2448 430 tu
2505 376 2664 447 operi
2710 375 3027 430 necessario
3064 376 3201 430 dum
3230 376 3503 442 instabas,
3536 376 3749 430 securis

244 471 401 525 tibus
433 468 598 524 annis
637 466 935 539 pmniteas.

320 557 643 629 Explorasti
690 557 778 610 vel
831 556 1155 626 speculatus
1208 570 1268 607 es
1318 554 1569 624 aliquem
1626 553 1944 619 hominem,

246 654 306 703 et
334 647 415 701 sic
443 645 732 700 tradidisti
764 644 929 697 illum
962 645 1022 697 in
1054 659 1257 697 manus
1287 641 1653 697 inimicorum
1686 658 1945 708 suorum,

246 742 305 790 et
354 736 574 790 occisus
606 734 728 788 est?
761 732 844 787 XL
887 733 1027 799 dies,
1083 732 1141 785 id
1193 736 1279 787 est
1309 732 1561 785 carinam
1614 731 1673 784 in
1704 747 1851 801 pane
1892 737 1950 785 et

246 840 401 895 aqua
454 822 753 893 pceniteas,
789 826 846 874 et
900 826 1119 890 septem
1161 825 1464 889 sequentes
1514 835 1695 873 annos
1722 820 1803 873 ita
1840 819 1944 873 ob-

247 928 439 966 serves
470 915 533 965 ut
566 908 919 963 consuetudo
942 914 1046 962 est.

324 999 501 1055 Fuisti
529 1014 659 1052 cum
692 997 818 1053 aliis
844 997 942 1066 qui
980 1001 1383 1067 pugnaverunt
1424 1001 1621 1051 contra
1672 997 1941 1068 aliquem,

244 1095 350 1143 aut
380 1089 439 1141 in
470 1088 643 1140 domo
672 1086 926 1156 propria,
960 1090 1057 1139 aut
1076 1086 1136 1139 in
1160 1087 1392 1139 alterius
1412 1088 1604 1151 domo,
1626 1091 1725 1139 aut
1752 1087 1945 1156 aliquo

245 1177 374 1230 loco
406 1175 505 1229 ubi
530 1190 589 1229 se
612 1174 918 1228 defendere
953 1179 1295 1243 speraverat,
1330 1179 1387 1227 et
1442 1174 1695 1243 lapidem
1726 1173 1785 1227 in
1813 1190 1946 1227 eum

245 1264 564 1335 projecisti,
595 1267 695 1316 aut
722 1262 1013 1331 sagittam,
1049 1268 1147 1315 aut
1175 1262 1455 1332 spiculum
1488 1263 1719 1332 aliquod
1740 1263 1945 1316 adver-

248 1370 347 1407 sus
377 1369 510 1407 eum
536 1351 741 1406 misisti
766 1359 822 1405 et
872 1350 1145 1404 occidere”
1174 1350 1421 1415 voluisti,
1454 1355 1511 1403 et
1541 1367 1654 1403 non
1694 1357 1780 1403 est
1812 1368 1842 1403 a
1890 1356 1945 1405 te

244 1458 574 1512 percussus,
611 1456 714 1494 nec
743 1441 1094 1506 vulneratus,
1134 1445 1324 1493 tamen
1357 1440 1427 1492 ab
1475 1438 1601 1493 aliis
1630 1455 1760 1492 cum
1817 1439 1943 1509 qui-

246 1531 358 1585 bus
384 1546 511 1585 eam
541 1528 943 1599 impugnahas,
978 1528 1199 1582 occisus
1232 1528 1352 1580 est?
1382 1528 1494 1592 XL,
1548 1528 1684 1593 dies,
1727 1528 1783 1581 id
1838 1533 1943 1595 est,

246 1618 507 1674 carinam
545 1619 606 1671 in
652 1633 800 1688 pane
853 1621 910 1671 et
943 1633 1091 1687 aqua
1132 1617 1429 1687 pmniteas,
1480 1621 1535 1670 et
1588 1621 1809 1686 septem
1855 1633 1939 1670 se-
1977 1656 2017 1708 Β

247 1712 491 1778 quentes
526 1722 708 1761 annos
734 1706 813 1759 ita
842 1706 1105 1773 observes
1125 1711 1191 1759 ut
1220 1705 1575 1759 consuetudo
1608 1709 1709 1759 est.

325 1794 526 1849 Fecisti
586 1793 976 1864 parricidium,
1028 1794 1084 1847 id
1170 1800 1255 1847 est
1320 1794 1649 1847 interfecisti
1700 1798 1942 1863 patrem,

247 1888 515 1950 matrem,
574 1883 832 1948 fratrem,
894 1897 1171 1945 sororem,
1232 1886 1525 1950 patruum,
1584 1882 1942 1947 avunculem,

246 1976 641 2037 materteram,
676 1971 931 2035 amitam,
956 1970 1043 2023 vel
1074 1970 1309 2040 aliquod
1330 1969 1443 2023 tale
1473 1969 1695 2023 fecisti?
1721 1970 1767 2022 si
1789 1987 1943 2034 casu,

246 2075 370 2113 non
410 2065 633 2130 sponte.
666 2075 854 2128 neque
882 2058 941 2110 in
973 2056 1058 2110 ira
1103 2062 1203 2110 tua
1231 2060 1528 2126 percutere
1568 2057 1815 2121 voluisti,
1849 2059 1947 2111 sed

156 2198 161 2201 .
243 2164 383 2201 casu
413 2149 620 2213 evenit,
668 2151 731 2200 ut
758 2145 1131 2200 homicidium
1166 2150 1370 2215 sponte
1412 2145 1782 2199 commissum
1828 2161 1948 2215 poe-

243 2237 437 2290 nitere
451 2236 643 2289 debes.
672 2234 730 2289 Si
750 2239 942 2288 autem
964 2251 1031 2287 ex
1048 2234 1417 2297 industria,et
1436 2235 1495 2286 in
1520 2235 1603 2287 ira
1616 2239 1713 2287 tua
1744 2235 1945 2303 fecisti,

241 2322 405 2377 istud
431 2322 730 2375 observare
753 2320 943 2386 debes,
964 2326 1028 2373 ut
1044 2336 1148 2389 per
1174 2320 1339 2372 unius
1356 2320 1489 2372 anni
1509 2320 1783 2373 circulum
1816 2327 1946 2374 ante

244 2412 401 2466 fores
433 2410 681 2463 basilicas
718 2425 886 2462 orans
916 2409 1143 2462 Domini
1192 2409 1555 2462 clementiam
1598 2424 1943 2478 perseveres.

248 2499 546 2568 Completo
587 2498 725 2551 anni
773 2497 1005 2563 circulo,
1063 2496 1445 2549 iutroducaris
1504 2495 1564 2548 in
1620 2495 1943 2550 Ecclesiam.

248 2588 465 2642 Tamen
511 2586 572 2639 in
604 2586 815 2655 angulo
856 2584 1135 2652 Ecclesiae,
1187 2600 1369 2654 usque
1417 2584 1555 2637 dum
1606 2584 1774 2637 unius
1814 2584 1947 2637 anni

249 2676 501 2746 spatium
551 2674 804 2740 finiatur,
839 2679 971 2727 stes.
1023 2673 1124 2728 His
1164 2673 1243 2725 ita
1274 2672 1541 2742 peractis,
1571 2672 1617 2725 si
1665 2672 1946 2743 poeniten-

250 2763 345 2817 tiae
376 2763 589 2817 fructus
621 2762 680 2815 in
730 2767 783 2815 te
823 2760 1196 2831 conspicitur,
1248 2760 1505 2830 corporis
1562 2765 1617 2813 et
1654 2761 1949 2830 sanguinis

255 2850 480 2905 Domini
502 2850 788 2920 particeps
818 2849 939 2914 fias,
970 2853 1033 2902 ut
1054 2865 1169 2902 non
1195 2848 1495 2902 obdureris
1526 2850 1943 2918 desperatione,

2059 466 2284 536 fugerat
2335 466 2403 519 de
2468 481 2642 518 manu
2698 470 2816 531 tua,
2850 470 2947 517 aut
3003 465 3217 518 ferrum
3264 465 3488 535 lapsum
3544 470 3627 518 est
3678 466 3748 519 de

2058 554 2386 620 manubrio,
2420 558 2477 606 et
2522 554 2737 607 socium
2768 560 2821 606 et
2850 553 3097 607 amicum
3146 558 3313 607 tuum
3370 559 3746 622 percusserat,

2059 648 2113 697 et
2142 644 2358 696 occisus
2406 642 2526 696 est?
2559 643 2605 696 si
2652 644 2760 696 ista
2791 642 2992 709 fecisti,
3043 647 3141 696 aut
3171 642 3281 696 alia
3337 644 3540 696 horum
3591 643 3747 695 simi-

2058 732 2153 797 lia,
2185 737 2242 785 et
2269 733 2489 786 nullam
2546 733 2751 785 malam
2812 732 3166 786 voluntatem
3227 733 3496 786 adversus
3549 748 3749 800 supra-

2059 820 2236 874 dictas
2328 836 2621 890 personas,
2708 821 2794 873 vel
2863 820 3102 874 istorum
3187 821 3400 874 similes
3478 820 3750 884 habuisti,

2058 909 2437 980 quadraginta
2483 910 2622 973 dies,
2681 911 2831 979 quod
2889 910 3093 979 vulgus
3153 909 3405 963 carinam
3447 914 3630 973 vocat,
3674 909 3752 960 ita

2056 1002 2122 1051 ut
2164 997 2511 1051 consuetudo
2540 1004 2644 1063 est,
2692 998 2965 1066 jejunes:
3027 1001 3084 1050 et
3138 997 3393 1067 quinque
3449 1000 3753 1066 sequentes

2057 1102 2234 1139 annos
2267 1086 2561 1155 pumileas.
2600 1086 2954 1140 Abstinentia
3002 1091 3194 1139 autem
3229 1070 3485 1138 ciboium
3515 1088 3575 1136 in
3633 1085 3752 1137 istis

2057 1175 2314 1245 quinque
2365 1175 2529 1227 annis
2592 1174 3040 1227 misericorditer
3078 1174 3384 1234 tribuatur,
3449 1173 3527 1225 ita
3576 1177 3638 1226 ut
3690 1172 3751 1225 in

2055 1263 2242 1333 primo
2276 1280 2424 1317 anno
2458 1264 2582 1316 illas
2621 1268 2735 1316 tres
2775 1262 2968 1330 ferias,
2999 1262 3248 1327 tertiam,
3284 1262 3567 1332 quintam,
3625 1261 3749 1313 sab-

2054 1352 2253 1405 batum
2320 1352 2600 1405 redimere
2658 1351 2841 1420 possis
2892 1367 3005 1404 uno
3069 1351 3326 1417 denario,
3396 1351 3478 1402 vel
3564 1348 3751 1417 pretio

2054 1440 2225 1492 unius
2284 1441 2550 1493 denarii:
2586 1440 2672 1493 vel
2722 1444 2834 1492 tres
2888 1455 3170 1508 pauperes
3211 1439 3513 1508 pascendo.
3573 1439 3637 1490 Et
3694 1437 3752 1489 in

2055 1529 2168 1581 alio
2203 1545 2352 1582 anno
2406 1545 2605 1582 omnes
2649 1528 2837 1595 ferias,
2891 1532 3121 1597 excepta
3164 1533 3320 1580 sexta
3369 1526 3528 1587 feria,
3578 1541 3751 1595 quam

2055 1632 2283 1687 semper
2310 1618 2370 1670 in
2402 1633 2550 1686 pane
2576 1623 2632 1669 et
2680 1632 2830 1686 aqua
2868 1616 3132 1686 jejunare
3175 1615 3367 1680 debes,
3417 1619 3754 1684 potestatem

2055 1705 2267 1759 habeas
2298 1706 2618 1759 redimendi
2664 1710 2977 1775 praetaxato
3029 1704 3231 1774 pretio.
3279 1705 3343 1758 Et
3394 1703 3472 1756 sic
3502 1703 3755 1773 reliquos

2055 1811 2236 1848 annos
2270 1795 2569 1848 observare
2602 1794 2794 1848 debes.

2126 1883 2183 1937 Si
2214 1887 2407 1935 autem
2464 1898 2594 1935 cum
2644 1883 2814 1935 fratre
2848 1886 2968 1947 tuo,
3002 1882 3089 1934 vel
3139 1897 3269 1934 cum
3328 1879 3479 1932 socio
3529 1878 3648 1931 ibas
3695 1878 3756 1931 in

2056 1971 2255 2025 silvam
2314 1970 2383 2023 ad
2440 1970 2782 2023 succidenda
2837 1970 3016 2038 ligna,
3097 1973 3174 2035 et,
3257 1966 3755 2037 appropinquante

2056 2075 2254 2113 casura
2285 2057 2453 2111 unius
2492 2058 2734 2125 arboris,
2792 2063 2850 2110 tu
2892 2056 3118 2110 dicebas
3172 2056 3335 2109 fratri
3364 2056 3449 2108 vel
3496 2054 3649 2108 socio
3696 2058 3753 2108 ut

2057 2150 2301 2217 fugeret,
2361 2153 2416 2200 et
2470 2147 2566 2200 ille
2624 2146 2849 2215 fugiens
2898 2146 3004 2199 sub
3058 2145 3259 2198 arbore
3289 2160 3591 2215 Oppressus
3654 2151 3754 2207 est,

2057 2236 2331 2289 innocens
2361 2235 2472 2289 eris
2501 2252 2534 2288 a
2573 2241 2758 2287 morte
2787 2233 2985 2303 ipsius.

2129 2325 2186 2377 Si
2217 2330 2411 2377 autem
2459 2340 2523 2376 ex
2559 2323 2779 2375 incuria
2812 2328 2907 2375 tua
2939 2322 3025 2375 vel
3077 2320 3453 2390 negligentia,
3491 2319 3628 2373 dum
3659 2318 3755 2371 ille

2051 2411 2215 2479 juxta
2266 2417 2319 2464 te
2349 2412 2519 2464 aliam
2571 2412 2833 2464 arborem
2875 2410 3170 2476 incideret,
3226 2416 3285 2461 tu
3344 2424 3458 2462 non
3514 2424 3757 2478 praemo-

2060 2500 2236 2553 nuisti
2261 2516 2389 2553 cum
2421 2501 2480 2553 in
2521 2506 2803 2569 tempore,
2833 2505 2895 2552 ut
2926 2499 3265 2569 prtevideret
3292 2512 3551 2550 casuram
3582 2496 3756 2548 arbo-

2058 2589 2153 2651 ris,
2197 2594 2253 2642 et
2311 2589 2389 2641 sic
2456 2606 2521 2642 ex
2575 2593 2674 2642 tua
2718 2588 2942 2641 incuria
2997 2602 3303 2657 oppressus
3362 2591 3447 2639 est
3498 2590 3556 2638 et
3600 2600 3756 2637 mor-

2058 2680 2187 2728 tuus
2216 2692 2229 2729 :
2262 2681 2400 2728 tunc
2435 2676 2605 2729 debes
2649 2675 2927 2744 pmnitere
2960 2680 3021 2728 ut
3078 2673 3382 2739 homicida,
3436 2672 3531 2726 sed
3562 2676 3755 2725 tamen

2059 2764 2241 2816 multo
2278 2764 2455 2817 levius
2486 2780 2657 2833 quam
2698 2763 2841 2816 illud
2874 2762 3027 2833 quod
3085 2778 3149 2815 ex
3206 2760 3490 2814 industria
3542 2760 3755 2814 factum

2057 2857 2161 2905 8st.

252 2939 492 2993 Carnem
532 2954 648 2992 non
699 2938 1009 2991 manduces
1043 2938 1311 2991 omnibus
1369 2937 1569 2991 diebus
1623 2937 1753 2991 vitae
1810 2944 1941 2992 tuae.
1981 2934 2020 2988 C
2130 2940 2397 2994 Occidisti
2453 2941 2739 2993 seniorem
2784 2944 2969 3005 tuum,
3030 2938 3116 2991 vei
3182 2938 3242 2990 iu
3297 2936 3539 2990 concilio
3597 2935 3755 2989 fuisti

249 3028 481 3098 Jejunes
508 3032 701 3080 autem
752 3042 936 3096 usque
990 3027 1060 3080 ad
1116 3042 1329 3079 nonam
1378 3026 1649 3096 quotidie,
1701 3027 1947 3096 exceptis

249 3115 411 3170 festis
449 3114 651 3169 diebus
696 3119 867 3184 atque
899 3114 1218 3168 dominicis.
1254 3114 1554 3168 Abstineas
1589 3119 1781 3167 autem
1808 3120 1863 3168 te
1916 3132 1947 3167 a

250 3204 404 3271 vino,
452 3204 713 3269 medone,
743 3203 955 3256 mellita
985 3203 1224 3257 cervisia
1261 3210 1377 3256 tres
1420 3203 1542 3256 dies
1580 3220 1683 3273 per
1734 3203 1947 3256 hebdo-

251 3292 501 3346 madam.
565 3295 736 3346 Arma
803 3296 1029 3361 portare
1090 3307 1209 3344 non
1278 3291 1504 3353 audeas,
1580 3290 1686 3344 nisi
1750 3297 1949 3345 contra

250 3396 529 3451 paganos.
564 3381 630 3434 Et
657 3379 984 3448 ubicunque
1032 3379 1116 3433 ire
1170 3378 1441 3445 volueris,
1493 3379 1652 3431 nullo
1688 3379 1947 3432 vehiculo

251 3468 572 3532 deducaris,
612 3468 709 3521 sed
740 3468 985 3541 pedibus
1010 3466 1261 3536 propriis
1292 3482 1516 3535 pergas.
1548 3466 1632 3518 Ab
1662 3483 1857 3532 uxore,
1902 3468 1948 3520 si

248 3557 482 3621 habeas,
515 3573 631 3610 nou
652 3557 933 3625 separeris
966 3572 979 3608 :
1013 3555 1059 3608 si
1089 3560 1278 3608 autem
1309 3569 1423 3606 non
1456 3552 1743 3617 habueris,
1778 3554 1947 3608 aliam

250 3662 369 3700 non
421 3646 611 3699 ducas.
671 3645 917 3715 Tempus
976 3648 1167 3697 autem
1226 3642 1398 3711 hujus
1452 3640 1824 3710 paenitentiae,
1888 3643 1947 3697 in

251 3728 507 3801 episcopi
526 3728 610 3782 tui
629 3727 702 3781 sit
722 3727 979 3795 arbritio,
1009 3733 1088 3795 ut,
1114 3726 1429 3780 secundum
1460 3726 1948 3779 conversationem

251 3822 432 3882 tuam,
472 3821 571 3869 aut
603 3816 908 3870 extendere
947 3816 1033 3868 vel
1060 3816 1342 3883 minuere,
1375 3816 1573 3868 valeat.

329 3904 532 3958 Fecisti
563 3903 936 3957 homicidium
973 3919 1127 3971 casu,
1158 3903 1239 3957 ita
1293 3909 1359 3956 ut
1414 3902 1633 3956 nullum
1691 3902 1948 3955 occidere

253 3993 447 4058 velles,
480 3993 566 4046 vel
598 3992 767 4045 ferire
817 3991 1091 4045 voluisses
1119 3992 1179 4045 in
1228 3992 1314 4044 ira
1350 3997 1468 4057 tua,
1509 3992 1625 4045 sive
1658 3991 1817 4060 virga
1849 4008 1948 4045 seu

252 4081 429 4147 ferro,
462 4080 577 4134 sive
626 4080 820 4150 aliquo
852 4096 1062 4150 genere
1111 4080 1344 4151 flagelli,
1379 4082 1475 4134 sed
1508 4085 1571 4133 tu
1614 4079 1949 4149 simpliciter

253 4169 394 4233 ibas,
447 4173 548 4223 aut
598 4168 660 4222 in
712 4168 910 4222 silvam
967 4174 1258 4237 venatum,
1318 4174 1375 4223 et
1444 4170 1625 4223 feram
1679 4168 1945 4238 sagittare

256 4256 506 4324 voluisti,
565 4265 622 4311 et
669 4257 718 4310 si
764 4257 1094 4326 improvise,
1152 4263 1207 4311 te
1261 4259 1490 4312 nolente
1530 4262 1585 4311 et
1636 4256 1943 4322 nesciente,

252 4362 359 4417 pro
399 4346 520 4400 fera
552 4346 848 4400 occidisti?

324 4437 438 4488 Aut
488 4435 537 4488 si
578 4435 800 4505 jocatus
840 4433 998 4487 fuisti
1036 4448 1164 4487 cum
1218 4432 1506 4503 aliquibus
1554 4434 1805 4504 aliquem
1869 4433 1951 4485 lu-

252 4524 414 4589 dum,
446 4527 503 4576 et
532 4523 786 4592 aliquam
817 4538 961 4586 rem,
998 4521 1113 4575 sive
1143 4521 1443 4587 aviculam,
1496 4521 1611 4575 sive
1660 4522 1949 4591 quoddam

249 4611 407 4665 aliud
437 4610 673 4678 animal,
707 4611 795 4663 vel
818 4610 877 4663 in
910 4610 1043 4663 ludo
1074 4609 1283 4680 aliquid
1332 4610 1560 4679 sagitta,
1596 4611 1679 4663 vel
1720 4609 1947 4673 baculo,

248 4701 337 4753 vel
369 4699 559 4770 lapide
590 4702 887 4768 percutere
937 4698 1186 4765 voluisti,
1242 4704 1299 4752 et
1329 4699 1407 4751 sic
1435 4705 1533 4751 aut
1563 4698 1820 4765 fratrem,
1855 4704 1952 4752 aut

249 4788 437 4842 ﬁlium
468 4793 653 4851 tuum,
684 4792 780 4840 aut
818 4787 1070 4857 aliquem
1101 4786 1395 4840 hominem
1437 4787 1804 4853 interfecisti;

321 4879 432 4930 Aut
462 4875 510 4928 si
560 4874 746 4928 stabas
788 4876 847 4928 in
904 4876 1028 4928 loco
1089 4875 1342 4944 publico,
1384 4874 1500 4928 sive
1556 4874 1614 4929 in
1675 4876 1951 4929 curticula

248 4969 370 5031 tua,
426 4963 541 5018 sive
594 4964 654 5017 in
711 4964 833 5017 loco
883 4964 1017 5026 alio,
1071 4968 1128 5016 et
1185 4967 1406 5033 petram
1460 4968 1693 5033 propter
1760 4965 1945 5016 locum

248 5050 593 5121 projiciebas
646 5051 705 5104 in
738 5051 903 5105 illum
958 5053 1145 5105 locum
1198 5051 1296 5105 ubi
1353 5052 1574 5105 nullum
1636 5051 1843 5118 vidisti,
1894 5057 1950 5106 et

252 5138 401 5193 nulli
428 5139 730 5193 insidiatus
762 5155 841 5204 es,
876 5145 933 5193 et
960 5144 1154 5194 tamen
1184 5139 1439 5193 occidisti
1474 5140 1723 5209 aliquem
1748 5160 1763 5207 ;

318 5231 431 5282 Aut
459 5228 505 5281 si
537 5228 746 5298 aliquis
803 5232 859 5281 te
911 5232 1178 5299 coegerat
1228 5232 1289 5281 ut
1346 5244 1537 5281 secum
1598 5229 1843 5294 luderes,
1894 5234 1949 5282 et

247 5320 310 5369 tu
337 5315 542 5370 fortior
570 5315 747 5381 fuisti,
780 5332 912 5371 eum
942 5317 1142 5371 subtus
1173 5321 1226 5370 te
1257 5314 1523 5384 stravisti,
1555 5320 1654 5369 aut
1709 5316 1830 5385 ipse
1869 5320 1943 5383 te,

248 5409 307 5457 et
334 5405 401 5472 si,
465 5421 496 5458 a
529 5409 626 5458 tuo
656 5404 743 5458 vel
796 5422 829 5459 a
859 5422 962 5459 suo
990 5405 1223 5459 cultello
1279 5404 1628 5470 vulneratus,
1682 5410 1946 5457 mortuus

248 5497 331 5547 est
347 5509 362 5559 ;

2058 3035 2121 3083 ut
2170 3031 2538 3094 occideretur,
2588 3030 2673 3083 vel
2718 3044 2954 3082 uxorem
3001 3033 3179 3091 tuam,
3233 3032 3450 3096 partem
3505 3024 3755 3093 corporis

2057 3119 2180 3172 tui?
2212 3119 2322 3172 dua
2355 3118 2595 3172 consilia
2622 3117 3002 3187 proponimus
3045 3115 3180 3180 tibi;
3205 3115 3349 3182 elige
3376 3115 3584 3167 horum
3612 3114 3753 3166 duo-

2058 3222 2185 3261 rum
2219 3208 2373 3277 quod
2415 3207 2517 3260 tibi
2547 3206 2773 3259 cliarius
2800 3205 2888 3258 sit.
2920 3205 3073 3259 Istud
3106 3220 3281 3256 unum
3311 3208 3396 3256 est.
3428 3220 3439 3256 :
3476 3203 3755 3272 Relinque

2060 3297 2207 3351 istud
2241 3296 2441 3365 fragile
2476 3296 2771 3359 saeculum,
2818 3299 2873 3346 et
2904 3293 3204 3362 ingredere
3233 3291 3662 3356 monasterium,
3699 3294 3755 3343 et

2057 3385 2359 3440 humiliare
2383 3384 2485 3437 sub
2528 3400 2702 3437 manu
2749 3383 2969 3436 abbatis
3002 3400 3017 3435 :
3047 3386 3103 3435 et
3155 3387 3359 3435 cuncta
3389 3396 3518 3450 quae
3549 3379 3652 3433 tibi
3687 3378 3755 3432 ab

2056 3491 2123 3527 eo
2149 3474 2361 3527 fuerint
2388 3474 2691 3540 imperata,
2726 3470 2974 3539 simplici
3003 3470 3197 3522 animo
3229 3469 3489 3529 observa,

2130 3560 2454 3615 Secundum
2488 3566 2680 3612 autem
2742 3558 3049 3611 consilium
3110 3557 3221 3609 tale
3252 3561 3336 3609 est
3370 3572 3381 3608 :
3423 3558 3598 3609 Arma
3653 3555 3754 3608 de-

2058 3663 2225 3716 pone,
2289 3650 2345 3699 et
2401 3650 2604 3698 cuncta
2663 3644 2956 3698 sacularia
3035 3642 3263 3711 negotia
3326 3641 3572 3706 dimitte,
3630 3657 3751 3693 car-

2062 3749 2192 3786 nem
2251 3738 2306 3785 et
2363 3733 2619 3801 sagimen
2680 3730 2947 3783 omnibus
3004 3728 3205 3782 diebus
3262 3728 3391 3781 vitae
3447 3733 3562 3780 tua:
3640 3743 3754 3779 non

2058 3822 2345 3888 comedas,
2394 3825 2626 3890 excepto
2674 3835 2789 3872 uno
2848 3819 2940 3872 die
3000 3815 3451 3871 Resurrectionis
3502 3815 3751 3880 Domini,

2057 3916 2113 3964 et
2145 3927 2256 3963 uno
2305 3909 2397 3963 die
2460 3910 2919 3973 Pentecostes,et
2948 3922 3064 3958 uno
3098 3904 3189 3959 die
3240 3904 3454 3959 Natalis
3504 3904 3751 3958 Domini.

2058 3997 2289 4053 Caeteris
2309 3995 2663 4065 temporibus
2696 3994 2753 4046 in
2784 4010 2933 4063 pane
2967 3998 3021 4046 et
3050 4008 3220 4063 aqua,
3256 3998 3311 4046 et
3341 3991 3631 4045 interdum
3672 3991 3753 4043 le-

2058 4084 2392 4154 guminibus
2441 4090 2497 4137 et
2536 4082 2787 4136 oleribus
2832 4081 3129 4152 pagniteas.
3182 4082 3248 4135 In
3286 4080 3543 4151 jejuniis,
3578 4079 3637 4131 in
3668 4078 3755 4131 vi-

2060 4174 2230 4244 giliis,
2262 4178 2317 4226 et
2347 4171 2727 4232 orationibus,
2759 4176 2815 4224 et
2854 4172 3231 4240 eleemosynis
3257 4184 3558 4239 persevera
3596 4169 3756 4221 omni

2059 4267 2338 4331 tempore.
2374 4261 2600 4325 Vinum,
2636 4264 2691 4311 et
2737 4259 3065 4325 medonem,
3120 4262 3175 4311 et
3238 4256 3515 4311 mellitam
3575 4256 3753 4309 cervi-

2061 4350 2201 4403 siam
2231 4365 2526 4420 nunquam
2575 4348 2755 4412 bibas,
2809 4348 2920 4400 nisi
2962 4348 3017 4400 in
3069 4346 3180 4399 illis
3209 4345 3497 4416 praedictis
3547 4344 3753 4409 tribus,

2059 4438 2277 4492 diebus.
2315 4438 2556 4491 Uxorem
2587 4453 2660 4490 ne
2710 4437 2903 4501 ducas,
2936 4435 3315 4489 concubinam
3358 4450 3474 4488 non
3522 4434 3754 4497 habeas,

2061 4525 2409 4579 adulterium
2463 4542 2577 4578 non
2617 4525 2809 4589 facias,
2844 4524 3057 4594 absque
3103 4540 3202 4592 spe
3240 4522 3495 4592 conjugii
3525 4521 3583 4575 in
3634 4537 3757 4592 per-

2062 4621 2233 4684 petuo
2264 4631 2514 4668 maneas.
2553 4615 2858 4683 Nunquam
2907 4619 2959 4665 te
2990 4614 3140 4665 laves
3190 4612 3249 4664 in
3283 4612 3510 4677 balneo,
3539 4626 3751 4680 equum

2060 4720 2171 4756 non
2205 4704 2495 4767 ascendas,
2548 4718 2778 4754 causam
2812 4708 2967 4753 tuam
3020 4705 3074 4752 et
3103 4700 3339 4752 alterius
3369 4699 3427 4750 in
3474 4703 3755 4751 conventu

2059 4790 2317 4845 ﬁdelium
2349 4807 2466 4843 non
2499 4805 2655 4859 agas.
2688 4790 2750 4842 In
2780 4788 3056 4841 conviviis
3087 4787 3408 4841 laetantium
3457 4801 3753 4854 nunquam

2059 4872 2276 4932 sedeas.
2329 4880 2390 4931 In
2440 4877 2671 4930 ecclesia
2727 4880 3058 4945 segregatus
3115 4875 3186 4928 ab
3243 4873 3368 4927 aliis
3421 4870 3756 4926 Christianis

2059 4972 2187 5036 post
2230 4966 2437 5019 ostium
2470 4965 2765 5018 humiliter
2822 4970 2954 5017 stes.
3008 4961 3463 5031 Ingredientium
3504 4964 3558 5013 et
3590 4976 3751 5028 egre-

2060 5054 2342 5107 dientium
2374 5053 2729 5107 orationibus
2751 5051 3086 5122 suppliciter
3108 5057 3159 5103 to
3184 5048 3571 5102 commendes.
3597 5049 3755 5101 Com-

2059 5142 2376 5195 munitione
2407 5142 2547 5195 sacri
2580 5141 2832 5210 corporis
2865 5146 2921 5193 et
2949 5138 3246 5209 sanguinis
3280 5136 3510 5190 Domini
3538 5135 3756 5188 cunctis

2058 5229 2259 5282 diebus
2308 5229 2439 5282 vitae
2489 5234 2600 5281 tuae
2651 5227 2953 5297 indignum
2986 5230 3041 5279 te
3092 5224 3397 5278 existimes.
3444 5225 3505 5276 In
3554 5222 3755 5275 ultimo

2058 5323 2250 5371 autem
2287 5316 2533 5370 termino
2575 5315 2700 5368 vitae
2730 5322 2862 5379 tum,
2894 5330 2999 5384 pro
3030 5312 3257 5377 viatico,
3290 5311 3337 5363 si
3369 5311 3755 5365 observaveris

2058 5404 2380 5467 consilium,
2414 5408 2474 5456 ut
2504 5402 2766 5472 accipias,
2789 5401 2894 5454 tibi
2925 5400 3305 5454 concedimus.
3608 5449 3619 5459 ,

2128 5493 2417 5557 Occidisti,
2477 5498 2575 5546 aut
2628 5493 2688 5544 in
2745 5490 2987 5544 concilio
3038 5489 3197 5543 fuisti
3280 5494 3341 5540 ut
3402 5487 3756 5541 occideretur
