4014 6200
243 268 347 319 955

1337 262 1744 318 BUBCHARDI
1782 259 2313 318 WORMACIENSIS
2350 259 2669 316 EPISCOPI

3645 263 3752 314 9'56

241 388 524 461 paenitens
553 386 653 458 qui
699 387 925 457 publice
982 387 1304 458 paeniteret,
1337 392 1393 442 et
1439 387 1500 441 in
1556 389 1681 457 ipso
1735 388 1944 442 vestitu
1972 389 2018 442 Α
2059 387 2227 442 debet
2263 403 2385 442 esse
2433 386 2553 442 sine
2580 385 2938 457 poenitentia.
2981 387 3216 454 Tamen,
3243 388 3559 442 secundum
3593 390 3760 442 Wor-

245 477 333 532 vel
383 476 584 530 habitu
629 480 777 530 esset
833 492 947 546 quo
1008 477 1194 530 solent
1223 476 1308 530 illi
1365 492 1484 529 esse
1533 476 1633 546 qui
1689 477 1942 530 carinam

239 564 544 635 jejunant?
575 564 622 617 si
640 563 826 617 fecisti
856 563 1128 635 idipsum,
1169 565 1619 634 debesjejuuare
1650 565 1800 635 quod
1822 565 1943 635 ipse

243 655 557 723 inceperat,
592 657 650 706 et
704 653 810 706 hoc
833 657 1019 706 totum
1051 653 1351 707 observare
1384 654 1534 724 quod
1591 659 1745 707 retro
1794 669 1942 723 pra:-

244 745 474 810 ceptum
503 747 587 796 est
616 742 686 795 de
741 741 829 795 his
862 742 964 812 qui
1016 741 1292 796 homicidi
1348 747 1552 812 sponte
1597 745 1651 795 et
1693 758 1797 812 per
1843 758 1942 795 cu-

243 830 545 900 piditatem
579 829 1011 884 commiserunt.

318 917 521 972 Fecisti
561 917 981 971 truncationem
1043 934 1344 984 manuum,
1403 922 1502 972 aut
1561 919 1794 989 pedum,
1845 922 1945 972 aut

247 1008 439 1061 oculos
495 1006 684 1060 fratris
732 1007 816 1075 tui
859 1006 1080 1073 eruisti,
1135 1012 1236 1060 aut
1288 1007 1599 1060 vulnerasti
1654 1007 1944 1077 aliquem?

247 1112 353 1166 pro
401 1095 781 1162 truncatione,
841 1096 975 1164 quia
1025 1095 1354 1165 proximum
1407 1100 1462 1148 et
1513 1095 1747 1148 fratrem
1779 1101 1943 1149 tuum

250 1183 497 1237 debilem
530 1187 585 1236 et
629 1183 738 1237 sibi
785 1183 1046 1236 inutilem
1105 1183 1307 1247 fecisti,
1359 1183 1470 1236 nisi
1499 1199 1603 1253 pro
1633 1183 1805 1249 furto,
1847 1187 1946 1236 aut

245 1289 351 1344 pro
412 1271 734 1340 latrocinio,
806 1272 921 1326 sive
979 1288 1085 1342 pro
1144 1288 1284 1342 pace
1343 1271 1640 1325 communi
1694 1272 1939 1341 fecisses,

247 1376 430 1414 unum
481 1376 696 1414 annum
724 1359 972 1430 graviter
1009 1361 1289 1430 poenitere
1319 1361 1510 1415 debes.
1568 1362 1677 1415 Pro
1710 1361 1944 1414 vulnera

247 1453 458 1517 autem,
492 1449 540 1502 si
584 1466 754 1520 grave
785 1454 889 1514 est,
940 1454 996 1502 et
1023 1449 1310 1502 cicatrices
1341 1449 1622 1502 deformes
1655 1449 1940 1516 habuerit,

246 1554 312 1592 eo
344 1539 495 1608 quod
528 1539 856 1608 proximum
885 1543 1049 1591 tuum
1092 1542 1148 1590 et
1177 1537 1409 1592 fratrem
1457 1537 1773 1591 deformem
1814 1539 1942 1592 red-

245 1626 475 1689 dideris,
511 1626 892 1697 quadraginta
922 1625 1043 1679 dies
1082 1625 1142 1679 in
1174 1641 1322 1696 pane
1377 1629 1434 1680 et
1483 1642 1631 1697 aqua
1665 1627 1941 1696 pmnitere

248 1715 442 1768 debes.

318 1801 656 1856 Interfecisti
703 1802 886 1855 furem
927 1806 1026 1857 aut
1053 1803 1356 1866 latronem,
1393 1802 1491 1856 ubi
1538 1803 1945 1873 comprehendi

247 1895 468 1961 poterat
525 1891 740 1960 absque
819 1890 1119 1957 occisione,
1200 1897 1257 1944 et
1306 1896 1500 1944 tamen
1576 1891 1945 1946 interfecisti?

248 1979 384 2048 quia
415 1978 483 2031 ad
525 1979 838 2048 imaginem
899 1978 997 2032 Dei
1035 1983 1274 2047 creatus,
1327 1985 1383 2032 et
1438 1980 1494 2031 in
1535 1981 1770 2034 nomine
1819 1981 1945 2051 ejus

248 2066 588 2137 baptizatus,
622 2074 678 2119 et
709 2067 986 2136 sanguine
1019 2068 1143 2138 ejus
1171 2068 1501 2137 redemptus
1533 2073 1635 2135 est,
1695 2069 1780 2123 XL
1823 2069 1943 2122 dies

246 2171 361 2208 non
391 2155 567 2208 intres
599 2155 656 2207 in
676 2155 1002 2220 Ecclesiam,
1035 2156 1200 2209 lanea
1221 2161 1369 2208 veste
1399 2156 1653 2221 indutus,
1694 2157 1764 2210 ab
1803 2157 1945 2210 escis

245 2249 302 2297 et
355 2243 584 2313 potibus
616 2245 716 2314 qui
769 2244 1058 2299 interdicti
1115 2249 1266 2310 sunt,
1330 2249 1387 2299 et
1432 2261 1465 2297 a
1497 2249 1641 2310 toro,
1693 2263 1724 2299 a
1755 2247 1945 2315 gladio

245 2337 299 2386 et
332 2333 400 2386 ab
430 2334 688 2404 equitatu
722 2333 849 2386 illos
890 2333 1246 2404 supradictus
1275 2333 1395 2388 dies
1427 2339 1481 2386 te
1539 2333 1843 2387 abstineas.
1878 2336 1945 2389 In

244 2420 411 2474 tertia
440 2426 630 2474 autem
679 2421 838 2489 feria,
875 2427 932 2474 et
974 2422 1032 2475 in
1068 2421 1268 2492 quinta
1313 2427 1367 2474 et
1395 2421 1455 2474 in
1486 2421 1720 2474 sabbato
1748 2421 1942 2492 aliquo

249 2524 459 2578 genere
517 2509 896 2578 leguminum,
976 2511 1063 2562 vel
1127 2509 1379 2563 oleribus
1444 2514 1500 2562 et
1570 2509 1778 2578 pomis,
1857 2511 1942 2563 vel

248 2596 439 2666 parvis
486 2597 772 2666 pisciculis
825 2615 955 2652 cum
1019 2598 1295 2652 mediocri
1349 2598 1584 2652 cervisia
1645 2603 1826 2664 utere,
1888 2603 1942 2653 et

248 2689 584 2754 temperate.
635 2686 690 2740 Si
736 2692 926 2741 autem
977 2687 1098 2740 sine
1140 2687 1255 2740 odii
1301 2687 1689 2753 meditatione,
1733 2692 1788 2740 te
1817 2692 1943 2741 tua-

248 2789 359 2843 que
386 2774 703 2840 liberando,
739 2775 952 2829 diaboli
994 2776 1315 2829 membrum
1340 2775 1694 2842 interfecisti,
1739 2792 1942 2829 secun-

249 2862 385 2916 dum
420 2863 837 2932 indulgentiam
881 2864 1026 2931 dico,
1075 2870 1312 2934 propter
1341 2863 1656 2934 imaginem
1710 2864 1828 2930 Dei,
1898 2865 1946 2917 si

2053 476 2341 530 maciense
2371 474 2698 540 consilium,
2731 474 2810 528 ita
2837 474 3006 528 debes
3036 475 3315 545 pmnitere
3348 492 3360 530 :
3395 476 3454 530 Si
3488 477 3757 531 sacerdo-

2053 568 2170 618 tem
2199 563 2518 617 voluntarie
2546 562 2837 630 occideris,
2881 579 3110 617 carnem
3142 579 3256 617 non
3310 565 3643 631 nianduces,
3699 569 3760 619 et

2054 653 2253 706 vinum
2300 668 2415 705 non
2446 652 2608 706 bibas
2665 652 2882 706 cunctis
2900 651 3102 706 diebus
3155 653 3285 706 vitae
3330 658 3461 706 tuas.
3517 654 3761 724 Jejunes

2055 741 2311 812 quotidie
2341 756 2523 811 usque
2559 740 2625 794 ad
2669 756 2984 811 vesperam,
3026 740 3275 811 exceptis
3307 741 3505 794 diebus
3562 741 3750 808 festis,

2054 835 2224 900 atque
2248 829 2574 898 Dominicis,
2609 845 2769 882 arma
2790 845 2904 883 non
2936 831 3102 895 feras,
3138 845 3352 899 equum
3383 845 3500 883 non
3549 846 3759 885 ascen-

2056 917 2173 984 das,
2224 917 2516 971 ecclesiam
2557 933 2660 987 per
2703 917 3165 988 quinquennium
3221 934 3336 971 non
3383 918 3758 988 ingrediaris,

2054 1006 2153 1060 sed
2208 1010 2339 1060 ante
2396 1005 2546 1060 fores
2602 1005 2854 1059 ecclesiae
2900 1010 3030 1059 stes.
3093 1007 3224 1060 Post
3285 1007 3758 1076 quinquennium

2054 1094 2347 1148 ecclesiam
2389 1094 2713 1164 ingredere,
2757 1095 3011 1148 nondum
3045 1110 3180 1147 vero
3203 1095 3608 1161 communices,
3657 1096 3759 1149 sed

2053 1182 2114 1236 in
2143 1184 2353 1253 angulo
2385 1183 2634 1236 ecclesias
2666 1188 2778 1237 stes
2818 1183 2905 1236 vel
2936 1183 3147 1237 sedeas.
3183 1183 3324 1238 Cum
3354 1187 3548 1236 autem
3578 1184 3761 1237 fuerit

2054 1271 2375 1326 duodecimi
2406 1271 2542 1325 anni
2583 1271 2829 1326 circulus
2858 1271 3079 1338 ﬁnitus,
3130 1271 3596 1326 communicandi
3650 1272 3758 1327 tibi

2053 1359 2284 1414 licentia
2313 1360 2672 1425 concedatur,
2716 1362 2770 1412 et
2801 1359 3099 1430 equitandi
3119 1359 3405 1413 tribuatur
3430 1360 3750 1415 remisssio.

2057 1449 2280 1503 Maueas
2308 1453 2500 1502 autem
2551 1448 2610 1501 in
2667 1447 2902 1518 reliquis
2933 1447 3428 1501 observationibus
3483 1454 3600 1501 tres
3631 1448 3754 1502 dies

2056 1552 2159 1607 per
2196 1536 2638 1604 hebdomadam,
2673 1542 2738 1589 ut
2765 1536 3074 1606 perfectius
3102 1536 3397 1606 puriﬁcari
3445 1536 3749 1592 merearis.

2710 1627 2783 1679 De
2809 1625 3074 1694 perjurio.

2128 1712 2327 1768 Fecisti
2351 1712 2670 1784 perjurium
2702 1729 2807 1782 pro
2839 1713 3191 1784 cupiditate?
3219 1713 3304 1769 XL
3333 1713 3456 1767 dies
3487 1713 3550 1767 in
3603 1729 3754 1782 pane

2054 1807 2112 1856 et
2159 1818 2327 1872 aqua,
2403 1801 2552 1872 quod
2610 1803 2814 1875 vulgus
2870 1802 3120 1855 carinam
3176 1807 3357 1865 vocat,
3412 1806 3470 1856 et
3527 1809 3754 1872 septem

2055 1896 2358 1962 sequentes
2411 1907 2592 1944 annos
2623 1891 2702 1944 ita
2732 1891 2994 1944 observes
3041 1895 3106 1943 ut
3135 1890 3488 1943 consuetudo
3515 1895 3621 1944 est.
3693 1892 3759 1944 Et

2055 1979 2314 2051 quandiu
2343 1980 2513 2043 vivas,
2553 1995 2751 2031 omnes
2782 1984 2967 2032 sextas
2994 1978 3168 2031 ferias
3219 1979 3277 2031 in
3310 1994 3458 2048 pane
3489 1983 3546 2031 et
3599 1995 3753 2049 aqua

2048 2069 2296 2138 jejunes.
2343 2068 2411 2120 Et
2463 2066 2509 2119 si
2560 2066 2842 2120 redimere
2891 2066 3159 2130 volueris,
3221 2081 3338 2118 uno
3371 2066 3630 2130 denario,
3664 2067 3754 2120 vel

2054 2156 2237 2226 pretio
2283 2155 2452 2208 unius
2501 2154 2744 2222 denarii,
2801 2155 2902 2208 vel
2934 2160 3048 2208 tres
3101 2169 3384 2223 pauperes
3437 2155 3745 2224 pascendo,

2054 2249 2391 2315 potestatem
2439 2244 2648 2297 habeas
2692 2242 3033 2297 redimendi.
3091 2243 3301 2296 Tamen
3333 2243 3749 2296 Pcenitentialis

2055 2335 2344 2389 Romanus
2399 2331 2708 2401 praecipit:
2769 2332 2827 2386 Si
2897 2331 3028 2401 quis
3087 2347 3190 2401 per
3241 2331 3617 2401 cupiditatem
3685 2348 3743 2384 se

2054 2419 2414 2492 pejeraverit,
2455 2435 2656 2472 omnes
2703 2435 2795 2472 res
2842 2435 2970 2472 suas
3021 2419 3250 2485 vendat,
3285 2425 3337 2472 et
3396 2419 3746 2490 pauperibus

2053 2511 2375 2575 distribuat,
2418 2514 2475 2563 et
2503 2507 2913 2562 monasterium
2969 2507 3276 2578 ingressus,
3306 2508 3432 2578 jugi
3455 2508 3747 2580 paeniten-

2053 2600 2134 2654 tia
2161 2615 2219 2652 se
2250 2598 2470 2662 subdat,

2128 2688 2328 2741 Fecisti
2374 2686 2692 2756 perjurium
2753 2685 2956 2751 sciens,
3019 2689 3080 2740 et
3127 2684 3269 2739 alios
3321 2685 3382 2738 in
3428 2684 3759 2755 perjurium

2057 2775 2378 2831 adduxisti?
2407 2776 2490 2828 XL
2521 2774 2643 2829 dies
2694 2773 2756 2828 in
2807 2789 2956 2844 pane
3015 2778 3072 2828 et
3124 2789 3294 2843 aqua,
3347 2772 3502 2844 quod
3548 2773 3760 2843 vulgus

2055 2865 2309 2919 carinam
2350 2867 2529 2928 vocat,
2560 2863 2840 2933 paenitere
2871 2862 3060 2926 debes,
3093 2867 3148 2916 et
3177 2867 3396 2931 septem
3448 2867 3762 2931 sequentes

248 2950 464 3021 aliquid
489 2952 751 3021 jejunare
786 2952 1051 3018 volueris,
1083 2952 1296 3005 bonum
1327 2955 1411 3006 est
1447 2953 1570 3020 tibi,
1603 2957 1659 3006 et
1698 2953 1945 3006 eleemo-
1980 2954 2020 3006 C
2058 2969 2260 3018 annos,
2316 2953 2393 3006 ita
2449 2957 2512 3005 ut
2565 2951 2917 3005 consuetudo
2975 2956 3077 3018 est,
3126 2951 3426 3005 observare
3463 2949 3656 3004 debes.
3697 2951 3759 3003 Et

249 3055 416 3109 synas
447 3040 680 3108 largiter
703 3041 809 3094 fac.
839 3041 898 3095 Si
944 3041 1245 3110 presbyter
1289 3041 1490 3095 eadem
1543 3041 1760 3108 fecerit,
1829 3057 1946 3094 non

251 3128 617 3196 deponatur:
687 3133 900 3196 tamen,
970 3127 1226 3198 quandiu
1295 3129 1462 3196 vivat,
1547 3130 1945 3200 paenitentiam

253 3221 403 3286 agat.

320 3303 608 3356 Accusasti
643 3303 916 3373 aliquem,
951 3308 1007 3357 et
1035 3319 1138 3374 per
1180 3307 1336 3357 tuam
1367 3304 1786 3359 accusationem
1853 3322 1944 3359 oc-

251 3390 399 3442 cisus
423 3394 527 3457 est,
564 3389 672 3443 nisi
705 3406 808 3460 pro
835 3390 1013 3461 pace?
1045 3390 1428 3461 quadraginta
1456 3392 1576 3446 dies
1605 3391 1666 3446 in
1696 3409 1844 3463 pane
1892 3398 1951 3448 et

255 3494 420 3550 aqua,
457 3480 606 3549 quod
640 3479 890 3533 carinam
923 3484 1148 3546 vocant,
1177 3496 1306 3533 cum
1338 3485 1557 3550 septem
1581 3482 1949 3553 sequentibus

253 3567 418 3621 annis
448 3567 728 3638 paenitere
758 3568 945 3622 debes.
979 3568 1037 3623 Si
1069 3573 1260 3622 autem
1292 3584 1398 3638 per
1431 3573 1588 3622 tuam
1629 3571 1947 3623 delaturam

254 3655 577 3711 debilitatus
631 3662 736 3723 est,
795 3662 910 3711 tres
974 3656 1439 3728 quadragesimus
1495 3673 1600 3728 per
1662 3658 1949 3728 legitimas

253 3745 425 3800 ferias
455 3745 731 3816 paenitere
764 3745 954 3800 debes.

323 3835 533 3905 Cepisti
553 3835 826 3905 aliquem,
856 3840 913 3888 et
939 3833 1220 3888 tradidisti
1249 3850 1380 3887 eum
1423 3834 1480 3888 in
1533 3834 1705 3887 talem
1757 3834 1949 3887 locum

253 3923 351 3978 ubi
373 3928 470 3977 aut
490 3924 705 3977 occisus
736 3928 841 3988 est,
866 3927 964 3976 aut
995 3923 1252 3976 membra
1294 3925 1417 3993 ejus
1445 3922 1747 3977 truncata?
1783 3922 1950 3976 simi-

251 4013 385 4067 liter
408 4012 673 4082 jejunare
701 4011 896 4079 debes,
928 4012 1188 4082 quamvis
1216 4011 1370 4065 dicas
1401 4011 1556 4082 quod
1585 4027 1699 4064 non
1760 4026 1826 4065 ea
1857 4027 1948 4065 ra-

253 4101 407 4156 tione
459 4117 590 4154 cum
645 4101 782 4154 illuc
835 4101 1092 4154 traderes
1143 4106 1209 4154 ut
1270 4100 1355 4154 vel
1395 4099 1792 4154 debilitaretur
1860 4101 1947 4154 vel

253 4189 626 4243 occideretur.

324 4277 588 4334 Occidisti
635 4281 698 4331 tu
745 4276 886 4347 ipse,
920 4281 1019 4330 aut
1064 4276 1272 4346 aliquis
1319 4292 1423 4347 per
1453 4279 1616 4331 tuum
1647 4277 1950 4332 consilium

256 4367 509 4438 aliquem
541 4383 605 4419 ex
633 4365 1024 4419 ecclesiasticis
1054 4365 1188 4418 viris
1223 4367 1336 4418 Deo
1391 4365 1610 4433 dicatis,
1659 4371 1755 4420 aut
1791 4367 1951 4437 psal-

256 4455 344 4515 mi;
367 4467 507 4518 “rm,
546 4459 646 4507 aut
675 4453 998 4520 ostiarium,
1033 4458 1132 4507 aut
1161 4453 1458 4523 lectorem,
1491 4460 1590 4508 aut
1619 4455 1950 4510 exorcistam

257 4548 357 4598 aut
387 4542 730 4613 acolythum,
764 4548 864 4596 aut
893 4541 1327 4611 subdiaconum,
1361 4547 1460 4597 aut
1488 4543 1811 4611 diaconum,
1854 4549 1953 4598 aut

256 4629 691 4703 presbyterum?
730 4629 786 4685 Si
830 4629 1031 4695 fecisti,
1087 4630 1347 4700 singulos
1389 4630 1642 4698 ordines,
1696 4631 1950 4702 singulos

256 4721 467 4791 gradus
497 4719 862 4790 singulariter
907 4719 1188 4798 paanitere
1237 4719 1427 4774 debes.
1488 4720 1572 4773 Ita
1627 4719 1950 4774 faciendum

257 4814 341 4864 est
369 4809 489 4874 tibi,
526 4813 592 4862 ut
620 4825 722 4880 pro
754 4808 1072 4875 Psalmista,
1103 4807 1197 4862 XL
1225 4807 1347 4862 dies
1390 4806 1448 4860 iu
1478 4823 1626 4878 pane
1677 4813 1734 4861 et
1779 4824 1947 4879 aqua,

257 4898 409 4969 quod
456 4897 763 4951 Teutonice
825 4897 1019 4950 carina
1071 4901 1322 4963 vocatur,
1385 4912 1516 4949 cum
1582 4901 1802 4967 septem
1863 4913 1949 4951 se-

257 4986 565 5057 quentibus
620 4985 787 5039 annis
845 4985 1141 5055 pceniteas.
1208 4986 1318 5039 Pro
1375 4984 1607 5040 ostiario
1664 4985 1948 5054 similiter,

254 5091 360 5145 pro
416 5076 625 5129 lectore
689 5074 978 5141 similiter,
1033 5090 1136 5145 pro
1187 5074 1466 5128 exorcista
1510 5075 1792 5142 similiter,
1848 5092 1952 5146 pro

260 5164 557 5232 acoloytho
581 5163 863 5227 similiter,
890 5179 996 5234 pro
1018 5163 1367 5217 subdiacono
1392 5163 1678 5232 similiter,
1709 5179 1813 5234 pro
1838 5163 1954 5217 dia-

257 5267 401 5305 cono
434 5252 714 5320 similiter,
737 5268 842 5322 pro
865 5253 1198 5323 presbytero
1232 5251 1495 5306 similiter
1528 5269 1540 5305 :
1575 5252 1712 5322 quia
1759 5252 1954 5306 omnia

256 5339 555 5410 presbyter
582 5345 708 5394 octo
739 5341 967 5395 ordines
1007 5341 1198 5396 habet.
1232 5341 1611 5411 Quapropter,
1641 5341 1827 5395 omnis
1855 5339 1955 5412 qui

260 5427 600 5482 interfecerit
635 5430 952 5486 voluntarie
990 5430 1413 5500 presbyterum,
1460 5430 1538 5484 ita
1569 5429 1738 5484 debet
1767 5430 1952 5501 poeni-

256 5523 396 5586 tere,
431 5523 494 5574 ut
518 5521 644 5572 octo
672 5518 981 5574 homicidia
1011 5523 1214 5591 sponte
1234 5519 1560 5586 commissa,
1583 5523 1637 5573 et
1656 5535 1953 5590 nunquam

2055 3047 2139 3097 tot
2172 3040 2426 3113 perjuria
2447 3041 2620 3094 debes
2642 3039 2926 3110 jejunare,
2957 3044 3099 3110 quot
3147 3039 3412 3093 homines
3458 3038 3645 3092 sciens
3688 3039 3759 3092 ad

2054 3130 2373 3203 perjurium
2422 3128 2729 3195 adduxisti,
2770 3132 2825 3182 et
2865 3128 2975 3196 ipsi
3016 3127 3376 3198 suaperjuria
3424 3127 3758 3194 emendem,

2057 3224 2114 3274 ut
2143 3235 2316 3289 supra
2340 3221 2601 3272 notatum
2623 3221 2725 3280 est,
2760 3217 2809 3271 si
2843 3217 3088 3272 scientes
3111 3217 3388 3271 fecerunt.
3407 3215 3508 3270 Sin
3538 3220 3756 3281 autem,

2055 3307 2254 3360 levius.

2127 3394 2326 3450 Fecisti
2358 3393 2678 3465 perjurium
2709 3396 2955 3458 coactus,
2995 3397 3050 3446 et
3099 3408 3206 3462 pro
3249 3392 3609 3458 necessitate,
3659 3396 3762 3445 aut

2054 3501 2160 3555 pro
2209 3484 2324 3537 vita
2353 3483 2490 3538 tua?
2529 3482 2665 3553 quia
2703 3481 2950 3536 dilexisti
2979 3497 3187 3550 corpus
3233 3482 3363 3551 plus
3408 3497 3586 3552 quam
3628 3481 3760 3533 ani-

2057 3588 2231 3640 mam,
2291 3572 2674 3643 quadraginta
2721 3571 2860 3638 dies,
2922 3569 2976 3624 id
3031 3574 3114 3623 est
3163 3570 3436 3635 carinam,
3488 3569 3547 3622 in
3610 3584 3758 3640 pane

2056 3665 2112 3715 et
2153 3677 2303 3732 aqua
2351 3661 2628 3731 paenitere
2666 3660 2859 3727 debes,
2895 3664 2952 3714 et
2976 3675 3178 3712 omnes
3204 3663 3392 3712 sextas
3421 3658 3592 3712 ferias
3623 3674 3757 3729 qua;

2056 3754 2188 3804 sunt
2215 3749 2276 3802 in
2299 3748 2466 3802 unius
2497 3747 2634 3801 anni
2657 3748 2889 3814 circulo,
2922 3747 2983 3800 in
3010 3763 3158 3818 pane
3186 3753 3245 3802 et
3269 3763 3418 3818 aqua
3446 3747 3757 3817 pceuiteas,

2057 3844 2111 3894 et
2139 3854 2254 3893 non
2276 3838 2543 3892 redimas.

2590 3929 2663 3980 De
2701 3927 2868 3979 otioso
2891 3925 3221 3993 juramento.

2128 4014 2446 4071 Promisisti
2477 4012 2766 4068 meretrici
2786 4013 2874 4066 vel
2897 4013 3172 4066 adulterae
3199 4013 3526 4082 juramento
3556 4011 3758 4079 ﬁdem,

2058 4108 2158 4158 aut
2195 4103 2416 4174 aliquid
2472 4103 2584 4156 tale
2633 4117 2763 4156 cum
2808 4102 3140 4172 juramento
3202 4099 3542 4169 promisisti,
3610 4101 3770 4171 quod

1980 4224 2024 4277 D
2065 4197 2264 4246 contra
2292 4193 2385 4261 jus
2441 4206 2731 4245 canonum
2773 4190 2962 4244 esset?
3012 4189 3292 4260 paeniteas
3342 4189 3768 4260 juramentum,

2061 4285 2119 4335 et
2165 4281 2366 4350 frange
2410 4278 2836 4350 jusjurandum,
2899 4282 2956 4332 et
2999 4277 3146 4332 illud
3178 4277 3383 4331 melius
3441 4284 3500 4331 et
3549 4279 3765 4350 justius

2058 4373 2143 4424 est
2173 4384 2345 4438 quam
2393 4383 2731 4438 permanere
2776 4366 2838 4420 in
2891 4366 3074 4437 stupri
3129 4365 3348 4436 flagitio
3391 4370 3494 4420 aut
3551 4367 3611 4420 in
3646 4369 3759 4422 alio

2061 4457 2252 4528 aliquo
2274 4457 2440 4521 malo,
2475 4454 2611 4526 quia
2640 4455 2915 4526 scriptum
2946 4459 3030 4508 est
3061 4470 3074 4508 :
3115 4475 3136 4502 ι
3195 4455 3413 4524 Iujusta
3442 4459 3572 4509 vota
3600 4455 3755 4511 fran-

2060 4546 2248 4617 genda
2279 4549 2428 4599 sunt.
2464 4565 2492 4593 »

2131 4633 2188 4689 Si
2210 4633 2416 4704 jurasti
2463 4648 2567 4704 per
2594 4631 2865 4702 capillum
2898 4631 3021 4695 Dei,
3082 4633 3181 4683 aut
3227 4645 3330 4700 per
3382 4633 3555 4699 caput
3608 4629 3750 4697 ejus,

2060 4724 2147 4777 vel
2179 4722 2290 4775 alio
2321 4721 2488 4775 modo
2531 4720 2886 4791 blasphemia
2936 4723 3134 4772 contra
3162 4719 3342 4772 Deum
3372 4733 3510 4770 usus
3541 4717 3752 4783 fueras,

2061 4812 2111 4866 si
2144 4811 2316 4864 semel
2372 4809 2629 4864 nesciens
2683 4808 2884 4871 fecisti,
2941 4811 3162 4877 septem
3219 4806 3339 4860 dies
3395 4805 3457 4858 in
3505 4821 3653 4876 pane
3705 4808 3761 4859 et

2061 4916 2210 4972 aqua
2246 4898 2542 4970 pceniteas.
2593 4897 2650 4952 Si
2709 4895 2956 4951 secundo
3015 4896 3104 4948 vel
3161 4894 3352 4960 tertio,
3406 4893 3755 4963 increpatus,

2060 4988 2268 5058 fecisti,
2297 4989 2384 5042 XV
2423 4987 2542 5041 dies
2588 4987 2650 5040 in
2688 5001 2835 5056 pane
2875 4988 2932 5038 et
2979 4999 3129 5055 aqua
3180 4981 3480 5053 pmniteas.
3541 4981 3599 5036 Si
3657 4997 3760 5051 per

2061 5078 2269 5132 cmlum
2346 5080 2446 5129 aut
2500 5089 2601 5145 per
2654 5080 2891 5140 terram,
2949 5073 3063 5125 sive
3114 5086 3216 5142 per
3263 5071 3439 5124 solem
3512 5069 3600 5122 vel
3661 5084 3762 5140 per

2061 5168 2279 5230 lunam,
2315 5169 2412 5218 aut
2461 5179 2564 5234 per
2612 5163 2783 5216 aliam
2837 5162 3089 5232 aliquam
3143 5163 3487 5225 creaturam,
3519 5159 3605 5212 XV
3641 5159 3762 5212 dies

2063 5254 2122 5308 in
2149 5269 2294 5323 pane
2329 5257 2383 5305 et
2414 5267 2563 5321 aqua
2585 5250 2884 5321 pceniteas.

2132 5341 2190 5396 Si
2221 5345 2573 5394 sacramento
2631 5344 2686 5392 te
2729 5336 2996 5407 obligasti
3029 5340 3092 5390 ut
3141 5335 3211 5389 ad
3265 5349 3465 5406 pacem
3521 5333 3764 5403 alicujus

2065 5428 2286 5484 inimici
2312 5429 2398 5481 tui
2428 5427 2587 5480 nullo
2624 5426 2794 5480 modo
2825 5423 3060 5490 redires,
3092 5439 3198 5494 pro
3234 5421 3489 5493 perjurio
3540 5437 3761 5474 annum

2067 5533 2248 5571 unum
2289 5533 2321 5569 a
2364 5530 2600 5586 corpore
2643 5519 2700 5570 et
2729 5513 3006 5584 sanguine
3039 5510 3269 5567 Domini
3299 5509 3375 5564 sis
3425 5514 3761 5581 segregatus
