4010 6192
202 255 307 307 957

1067 248 1551 307 DECRETORUM
1596 249 1785 305 LIBRI
1824 250 1932 306 XX.
1977 279 2044 291 —
2083 250 2292 306 LIBER
2334 246 2643 304 DECIMUS
2682 249 2922 307 NONUS.

3648 258 3749 312 958

202 382 261 432 et
292 378 379 433 XL
408 374 532 431 dies
564 375 625 429 in
666 390 817 446 pane
842 379 897 430 et
937 389 1084 445 aqua
1136 375 1445 446 paeniteas:
1478 372 1553 427 ad
1592 373 1931 429 charitatem
1960 377 2010 431 Α
2048 380 2315 445 stuprum
2364 374 2726 443 perpetrasti,
2778 374 2976 429 decem
3034 376 3158 430 dies
3214 377 3274 430 in
3333 395 3483 447 pane
3515 384 3571 433 et
3600 396 3752 449 aqua

202 481 361 530 vero,
425 480 559 535 qua:
615 464 803 535 operit
857 463 1286 518 multitudinem
1340 466 1730 535 peccatorum,
1783 463 1932 517 cele-

203 554 347 608 riter
376 553 523 607 redi.

283 642 344 697 Si
374 640 652 704 deﬁnisti,
709 642 793 694 vel
841 642 1171 711 juramento
1224 645 1280 695 te
1346 639 1669 695 obﬁrmasti
1710 639 1930 709 aliquid

209 746 381 800 agere
412 730 570 800 quod
609 731 724 783 Deo
757 745 873 783 non
900 730 1170 799 placeret,
1218 729 1383 799 juxta
1436 727 1669 780 modum
1714 728 1934 796 peccati

210 819 623 890 pmnitentiam
672 835 796 889 age,
858 823 913 872 et
978 818 1087 871 hoc
1144 818 1299 889 quod
1339 822 1556 870 temere
1614 821 1670 869 et
1718 816 1933 885 injuste

212 907 491 975 deﬁnisti,
525 909 589 961 in
638 908 867 961 irritum
896 912 1212 961 revocetur.
1245 906 1299 960 Si
1332 905 1552 975 aliquid
1609 909 1664 958 te
1704 904 1934 957 incaute

207 997 436 1067 jurasse
466 997 809 1067 contigerat,
865 996 1017 1066 quod
1049 996 1407 1049 observatum
1440 994 1697 1064 pejorem
1750 998 1932 1047 verte-

213 1090 379 1139 retur
433 1085 495 1138 in
527 1086 763 1146 exitum,
813 1085 978 1154 juxta
1007 1083 1303 1155 synodalia
1333 1085 1561 1137 decreta
1591 1083 1930 1136 mutandum

213 1174 607 1241 decernimus,
657 1173 890 1243 [potius]
938 1188 1133 1243 quam,
1188 1177 1239 1225 te
1270 1177 1645 1242 permanente
1686 1170 1930 1239 injura-

213 1265 438 1330 mento,
472 1262 533 1315 in
566 1261 721 1315 aliud
751 1261 969 1315 crimen
1002 1261 1188 1329 majus
1228 1260 1559 1314 deverteris.

938 1370 1018 1422 De
1046 1369 1216 1433 furto.

293 1475 537 1527 Furatus
593 1490 652 1526 es
685 1472 905 1542 aliquid
948 1473 1017 1527 de
1048 1472 1430 1526 ecclesiastico
1478 1473 1750 1525 thesauro
1782 1471 1935 1525 infra

213 1562 540 1627 ecclesiam,
573 1560 692 1615 sive
721 1577 950 1627 aurum,
987 1562 1102 1615 sive
1133 1566 1459 1631 argentum,
1493 1562 1610 1614 sive
1651 1576 1931 1629 gemmas,

214 1650 338 1705 sive
405 1650 603 1718 libros,
677 1650 792 1705 sive
872 1650 1046 1720 pallia
1104 1650 1317 1714 altaris,
1384 1650 1500 1703 sive
1556 1649 1933 1702 sacerdotalia
1967 1665 2007 1717 Β

213 1739 585 1805 vestimenta;
614 1739 731 1793 sive
761 1740 906 1803 vela,
955 1739 1070 1792 sive
1102 1738 1330 1808 tapetia,
1377 1737 1495 1791 sive
1528 1737 1745 1807 aliquid
1778 1738 1931 1806 quod

220 1828 293 1883 ad
326 1828 576 1881 ecclesiae
628 1844 797 1881 usum
852 1828 939 1881 vel
989 1828 1184 1881 datum
1244 1832 1349 1891 est,
1405 1828 1496 1879 vel
1553 1828 1763 1879 factum
1806 1826 1932 1881 est?

216 1917 269 1970 si
302 1916 501 1981 fecisti,
559 1917 736 1971 redde
796 1916 946 1985 quod
985 1915 1185 1983 tulisti,
1245 1920 1301 1969 et
1358 1920 1475 1968 tres
1538 1915 1759 1967 carinas
1799 1930 1927 1967 cum

218 2010 441 2075 septem
498 2005 877 2076 sequentibus
928 2003 1092 2057 annis
1125 2003 1421 2072 pmniteas.
1469 2002 1529 2057 Si
1562 2004 1713 2073 ipsas
1745 2019 1932 2055 sacras

219 2094 493 2166 reliquias
536 2095 765 2149 furatus
796 2110 877 2161 es,
928 2091 1234 2163 reportatis
1268 2091 1465 2159 sacris,
1514 2097 1736 2161 septem
1782 2091 1930 2144 cari-

220 2200 323 2239 nas
340 2185 609 2254 jejunare
627 2182 825 2236 debes.

288 2274 345 2329 Si
367 2270 659 2340 infregisti
691 2269 936 2338 alicujus
958 2265 1262 2323 Christiani
1289 2268 1526 2321 domum
1552 2283 1657 2337 per
1683 2272 1929 2330 noctem,

223 2366 280 2416 et
331 2360 413 2415 ibi
466 2358 661 2413 tulisti
701 2358 825 2428 ejus
872 2354 1287 2426 quadrupedia,
1322 2354 1378 2409 id
1420 2361 1507 2408 est
1556 2361 1654 2409 aut
1717 2372 1930 2425 equum

225 2455 322 2504 aut
370 2449 597 2513 bovem,
660 2452 761 2499 aut
813 2446 925 2498 alia
955 2443 1076 2513 ejus
1123 2444 1415 2508 animalia,
1479 2451 1580 2497 aut
1634 2444 1931 2497 fortiorem

226 2553 456 2591 causam
534 2536 828 2589 valentem
905 2531 1286 2603 quadraginta
1360 2531 1593 2599 solidos,
1678 2533 1931 2602 pretium

219 2625 416 2689 redde,
443 2629 499 2677 et
535 2638 757 2676 annum
804 2636 987 2674 unum
1040 2636 1144 2689 per
1192 2620 1478 2689 legitimas
1531 2620 1699 2673 ferias
1749 2621 1930 2689 paeni-

224 2717 349 2766 tere
378 2712 569 2765 debes.
631 2710 690 2764 Si
740 2714 932 2762 autem
992 2723 1111 2760 non
1164 2707 1376 2771 reddis,
1432 2708 1574 2761 duos
1621 2724 1800 2762 annos
1830 2725 1933 2777 per

226 2800 512 2870 legitimas
564 2798 739 2852 ferias
796 2796 1073 2867 poenitere
1122 2796 1314 2849 debes.
1368 2796 1426 2851 Si
1475 2796 1659 2865 majus
1709 2798 1930 2851 furtum

225 2888 433 2955 fecisti,
494 2886 679 2957 magis
738 2886 910 2939 debes
963 2884 1265 2953 paenitere.
1308 2886 1373 2937 Et
1419 2885 1465 2937 si
1521 2901 1671 2954 saepe
1728 2885 1925 2952 fecisti,

227 2979 391 3029 tanto
412 2962 595 3044 magis
635 2974 811 3028 debes
851 2988 1064 3043 augere
1130 2972 1548 3042 paenitentiam.
1585 2973 1643 3027 Si
1695 2990 1932 3043 parvum

228 3064 447 3119 furtum
494 3062 700 3128 fecisti,
762 3063 957 3116 decem
1002 3059 1123 3115 dies
1170 3061 1230 3113 in
1299 3077 1447 3131 pane
1478 3065 1534 3115 et
1585 3078 1730 3132 aqua
1762 3062 1934 3116 debes

226 3152 543 3222 poenitere:
599 3150 765 3221 pueri
791 3148 1046 3220 quinque
1103 3148 1222 3202 dies
1272 3148 1332 3202 in
1360 3165 1510 3219 pane
1542 3154 1598 3203 et
1628 3167 1775 3222 aqua
1807 3167 1934 3221 pm-

229 3241 474 3294 niteant.

918 3329 994 3380 De
1026 3327 1248 3394 rapina.

302 3434 360 3489 Si
390 3433 653 3505 rapinam
710 3431 914 3498 fecisti,
947 3431 1176 3502 gravius
1233 3432 1405 3486 debes
1459 3432 1764 3501 poenitere:
1802 3433 1935 3502 quia

228 3523 617 3579 miserabilius
646 3526 731 3575 est
779 3522 933 3592 quod
990 3535 1094 3590 per
1149 3519 1265 3572 vim
1320 3536 1379 3572 se
1408 3518 1638 3572 vidente
1677 3519 1934 3589 rapuisti,

229 3627 407 3681 quam
436 3610 583 3680 quod
620 3608 748 3675 sibi,
807 3607 1133 3662 dormiente
1168 3607 1258 3660 vel
1291 3607 1544 3673 absente,
1595 3606 1814 3660 furatus
1856 3623 1934 3661 es.

228 3699 290 3754 Si
322 3699 500 3753 fecisti
529 3698 747 3752 furtum
780 3694 1131 3750 necessitatis
1159 3710 1349 3760 causa,
1408 3694 1487 3747 sic
1538 3694 1663 3747 dico
1712 3698 1773 3747 ut
1822 3710 1938 3747 non

227 3787 471 3842 haberes
512 3787 667 3841 unde
715 3785 949 3852 viveres,
1014 3787 1069 3837 et
1100 3788 1334 3853 propter
1389 3782 1555 3835 famis
1612 3782 1934 3853 penuriam,

230 3881 293 3931 et
322 3880 541 3929 tantum
601 3875 819 3927 furatus
875 3889 933 3926 es
986 3871 1254 3925 victualia
1307 3876 1467 3926 extra
1510 3870 1825 3938 ecclesiam,
1884 3876 1941 3925 et

232 3978 352 4017 non
408 3967 643 4033 propter
698 3960 1175 4015 consuetudinem
1222 3959 1418 4026 fecisti,
1472 3960 1641 4013 redde
1673 3961 1822 4029 quod
1854 3964 1941 4013 tu-

232 4050 373 4116 listi,
409 4055 465 4104 et
492 4055 609 4104 tres
641 4054 823 4103 sextas
869 4048 1039 4102 ferias
1084 4048 1146 4101 in
1176 4063 1324 4117 pane
1357 4052 1414 4101 et
1445 4063 1593 4118 aqua
1634 4048 1935 4118 pmniteas.

234 4137 299 4193 Si
326 4142 516 4192 autem
546 4137 783 4191 reddere
819 4153 933 4191 non
990 4135 1227 4207 poteris,
1278 4136 1473 4190 decem
1522 4135 1644 4189 dies
1690 4136 1749 4189 in
1790 4151 1939 4206 pane

234 4231 295 4280 et
315 4242 463 4297 aqua
488 4226 787 4297 pmniteas.

883 4314 967 4367 De
1012 4312 1303 4368 adulterio.

310 4420 619 4474 Mmchatus
667 4436 724 4473 es
754 4435 885 4474 cum
947 4435 1122 4473 uxore
1153 4418 1403 4485 alterius,
1439 4422 1502 4471 tu
1558 4434 1673 4472 non
1726 4418 1944 4473 habens

231 4508 521 4562 uxorem?
552 4508 647 4562 XL
680 4508 799 4562 dies
822 4509 880 4562 in
904 4524 1051 4579 pane
1084 4513 1138 4561 et
1157 4523 1328 4577 aqua,
1361 4507 1514 4576 quod
1555 4506 1615 4560 in
1646 4507 1943 4561 communi

230 4611 503 4650 sermone
557 4596 750 4650 carina
804 4600 1058 4662 vocatur,
1118 4611 1247 4649 cum
1298 4597 1518 4665 septem
1568 4595 1942 4667 sequentibus

230 4684 407 4747 annis
429 4685 725 4755 pceniteas.

310 4772 369 4826 Si
400 4773 711 4827 moechatus
755 4788 814 4826 es
860 4778 919 4825 tu
954 4775 1225 4825 uxoratus
1271 4786 1399 4825 cum
1454 4771 1685 4825 alterius
1744 4788 1938 4839 uxore,

228 4861 377 4933 quia
439 4862 691 4916 habuisti
750 4861 1041 4932 quomodo
1096 4860 1369 4930 impleres
1410 4865 1567 4915 tuam
1620 4860 1937 4930 libidinem,

230 4950 383 5005 duas
412 4950 653 5017 carinas,
705 4966 835 5004 cum
888 4948 1323 5020 quatuordecim
1372 4948 1746 5019 sequentibus
1776 4951 1941 5004 annis

228 5036 521 5109 paenitere
550 5038 743 5105 debes,
784 5052 961 5090 unam
1001 5036 1135 5109 quia
1195 5052 1367 5107 super
1399 5052 1637 5091 uxorem
1669 5042 1830 5091 tuam
1856 5039 1938 5092 al-

227 5132 424 5182 teram
480 5125 752 5194 habuisti,
822 5141 949 5180 ecce
1026 5141 1207 5180 unum
1254 5124 1630 5179 adulterium:
1690 5125 1940 5180 habuisti

230 5215 416 5270 etiam
437 5215 672 5270 alterius
700 5229 960 5281 uxorem,
988 5230 1116 5267 ecce
1138 5214 1295 5267 aliud
1316 5213 1682 5279 adulterium,
1714 5218 1770 5267 et
1794 5229 1940 5268 nun-

234 5319 419 5376 quam
446 5304 622 5360 debes
639 5319 761 5359 esse
792 5302 913 5357 sine
943 5300 1302 5373 poenitentia.

849 5412 924 5463 De
954 5408 1337 5475 fornicatione.

317 5496 376 5551 Si
442 5502 503 5552 tu
567 5498 786 5552 solutus
842 5497 914 5552 ab
976 5512 1155 5551 uxore
1212 5510 1343 5549 cum
1418 5493 1631 5549 femina
1705 5498 1938 5549 vacante

2043 464 2345 535 pceniteas,
2392 461 2440 513 si
2496 477 2628 515 cum
2683 463 2921 533 propria
2971 463 3196 530 ancilla,
3254 464 3519 518 similiter
3564 469 3748 536 pceui-

2043 559 2185 608 teas.

2116 641 2174 694 Si
2206 636 2477 693 dimisisti
2506 654 2768 706 uxorem,
2801 645 2980 709 tuam,
3013 646 3069 694 et
3093 641 3264 694 aliain
3296 641 3524 706 duxisti,
3558 644 3751 713 accipe

2044 730 2300 801 priorem
2346 742 2603 792 uxorem,
2645 732 2700 781 et
2742 728 2994 782 carinam
3028 746 3203 783 unam
3244 730 3304 783 in
3334 746 3481 799 pane
3516 736 3573 784 et
3605 748 3754 800 aqua

2042 834 2173 871 cum
2208 819 2431 882 septem
2463 818 2831 885 sequentibus
2872 819 3038 871 anuis
3071 818 3367 887 pceuiteas,
3400 819 3535 889 quia
3574 820 3750 889 scrip-

2044 913 2212 976 ptum
2236 908 2355 956 est:
2385 904 2589 967 «Quod
2616 906 2762 958 Deus
2784 907 3095 975 conjunxit,
3114 907 3287 960 homo
3310 924 3426 959 non
3449 912 3693 977 separet.
3728 932 3745 955 ι.

2045 994 2199 1049 Nulli
2223 992 2355 1045 licet
2407 1009 2639 1046 uxorem
2672 1011 2834 1047 suam
2876 995 3183 1056 dimittere,
3228 995 3337 1047 nisi
3369 1012 3536 1048 causa
3567 996 3751 1049 forni-

2044 1080 2314 1143 cationis,
2346 1080 2399 1134 id
2434 1087 2539 1147 est,
2570 1082 2616 1135 si
2676 1084 2798 1153 ipsa
2836 1084 3181 1136 adulterium
3224 1100 3350 1136 cum
3405 1084 3514 1135 alio
3550 1100 3754 1153 perpe-

2043 1168 2317 1233 traverit;
2352 1173 2487 1221 tunc
2543 1170 2673 1224 licet
2728 1171 2885 1224 illam
2928 1171 3216 1225 dimittere
3250 1177 3483 1241 propter
3513 1172 3753 1225 fornica-

2044 1258 2417 1321 tionem,sed
2464 1258 2563 1311 illa
2589 1260 2813 1312 vivente
2842 1259 3017 1312 aliam
3072 1276 3188 1312 non
3256 1260 3481 1313 ducere.
3547 1260 3655 1337 sed
3708 1261 3755 1314 si

2046 1347 2127 1400 sic
2159 1346 2372 1415 privati
2410 1348 2694 1401 voluerint
2757 1364 3116 1418 permanere,
3176 1353 3237 1400 ut
3270 1352 3472 1400 neuter
3522 1348 3754 1401 illorum

2046 1452 2106 1487 se
2166 1450 2344 1503 super
2396 1436 2640 1489 alterum
2688 1436 2755 1490 de
2816 1436 3054 1489 discidio
3115 1436 3572 1505 proclamaverit,
3633 1453 3753 1489 ma-

2048 1526 2230 1576 neant
2260 1522 2359 1575 sic.
2396 1524 2451 1578 Si
2511 1530 2704 1578 autem
2744 1541 2802 1576 se
2860 1524 2926 1577 de
2960 1524 3197 1577 discidio
3256 1524 3752 1594 proclamaveriut,

2046 1612 2187 1661 tunc
2219 1611 2474 1678 primum
2505 1614 2807 1682 episcopus
2829 1616 3058 1681 peracta
3090 1612 3238 1666 inter
3269 1630 3363 1666 eos
3393 1613 3749 1683 poenitentia,

2048 1693 2108 1747 id
2141 1700 2227 1747 est
2256 1704 2386 1767 post
2416 1702 2752 1768 septennem
2793 1698 3211 1769 paenitentiam,
3246 1700 3291 1751 si
3331 1700 3622 1769 petierint,
3666 1700 3758 1753 de-

2048 1782 2147 1836 bet
2179 1801 2278 1838 eos
2304 1787 2698 1841 reconciliare.
2740 1787 2953 1841 Eadem
2986 1787 3075 1840 lex
3106 1788 3215 1840 erit
3256 1789 3461 1842 marito
3489 1789 3758 1841 adversus

2048 1888 2311 1939 uxorem,
2346 1875 2394 1927 si
2428 1877 2548 1945 ipse
2603 1876 2945 1929 adulterium
2980 1878 3411 1946 perpetraverit,
3466 1881 3521 1930 et
3550 1877 3597 1930 si
3636 1877 3759 1947 ipsa

2048 1961 2312 2028 voluerit,
2373 1972 2615 2034 propter
2666 1964 3098 2018 fornicationem
3138 1972 3329 2035 potest
3378 1966 3648 2019 maritum
3679 1966 3759 2019 di-

2048 2049 2298 2111 mittere,
2333 2052 2536 2105 eadem
2590 2052 2811 2105 ratione
2869 2068 2982 2121 qua
3012 2069 3183 2123 supra
3225 2054 3294 2107 de
3336 2070 3511 2107 uxore
3540 2053 3756 2107 adulte-

2048 2137 2197 2191 rium
2221 2145 2591 2210 perpetrante
2619 2140 2834 2193 dictum
2869 2143 2971 2194 est.

2117 2246 2405 2315 Accepisti
2455 2263 2713 2313 uxorem,
2765 2252 2965 2300 etnon
3003 2246 3184 2300 fecisti
3241 2248 3471 2317 nuptias
3502 2246 3753 2317 publice,

2048 2337 2249 2386 etnon
2276 2334 2488 2388 venisti
2543 2335 2613 2388 ad
2659 2335 2950 2389 ecclesiam
2987 2342 3048 2388 tu
3096 2341 3151 2390 et
3179 2352 3323 2389 uxor
3368 2341 3487 2403 tua,
3545 2342 3601 2389 et
3629 2352 3747 2389 non

2045 2422 2345 2490 accepistis
2410 2422 2871 2477 benedictionem
2939 2443 2972 2478 a
3020 2426 3334 2491 sacerdote,
3390 2425 3534 2478 sicut
3580 2426 3637 2478 in
3668 2440 3754 2476 ca-

2047 2510 2297 2563 nonibus
2330 2511 2611 2580 scriptum
2639 2518 2741 2578 est,
2792 2519 2848 2565 et
2878 2530 2987 2565 non
3021 2514 3228 2567 dotasti
3287 2531 3412 2567 eam
3447 2516 3579 2567 dote
3611 2530 3750 2583 qua-

2044 2598 2317 2669 licunque
2360 2600 2619 2668 potuisti,
2680 2601 2795 2653 sive
2836 2606 3005 2667 terra,
3061 2604 3176 2656 sive
3221 2604 3528 2656 mobilibus
3559 2603 3751 2667 rebus,

2045 2702 2201 2749 auro,
2276 2694 2543 2756 argento,
2604 2690 2692 2742 vel
2748 2691 3064 2761 mancipiis,
3121 2692 3207 2744 vel
3255 2692 3620 2756 animalibus,
3664 2692 3753 2744 vel

2037 2775 2201 2843 juxta
2248 2776 2694 2844 possibilitatem
2748 2784 2936 2832 tuam:
2998 2785 3308 2849 postremo,
3361 2783 3446 2834 vel
3495 2780 3753 2846 denario,

2041 2864 2127 2914 vel
2159 2863 2347 2931 pretio
2380 2866 2553 2917 unius
2585 2867 2825 2927 denarii,
2859 2869 2943 2921 vel
2972 2868 3158 2937 pretio
3202 2869 3376 2922 unius
3414 2869 3589 2935 oboli,
3619 2873 3751 2921 tau-

1965 2942 2005 2997 C
2044 2956 2165 3005 tum
2198 2956 2260 3003 ut
2291 2952 2490 3005 dotata
2534 2955 2737 3010 ﬁeret?
2768 2956 2826 3011 Si
2877 2974 2991 3009 non
3026 2957 3227 3021 fecisti,
3272 2962 3387 3011 tres
3425 2958 3752 3026 Quadrage-

2047 3040 2220 3093 simas
2247 3055 2351 3108 per
2380 3041 2671 3111 legitimas
2700 3044 2871 3097 ferias
2897 3045 3173 3114 pcenitere
3204 3046 3392 3100 debes.

2121 3145 2324 3199 Fecisti
2382 3147 2824 3204 fornicationem
2882 3167 3013 3205 cum
3066 3153 3502 3221 sanctimoniali,
3566 3153 3618 3207 id
3671 3158 3754 3207 est

2045 3250 2177 3288 cum
2234 3251 2451 3304 sponsa
2481 3239 2730 3293 Christi?
2759 3240 2815 3295 Si
2863 3240 3068 3306 fecisti,
3121 3242 3206 3295 XL
3261 3242 3383 3295 dies
3430 3244 3488 3295 in
3519 3259 3667 3312 pane
3699 3249 3755 3297 et

2046 3340 2215 3393 aqua,
2249 3325 2403 3394 quod
2438 3328 2694 3381 carinam
2755 3334 2980 3396 vocant,
3020 3346 3149 3383 cum
3208 3336 3428 3401 septem
3468 3332 3753 3402 sequenti-

2046 3412 2152 3465 bus
2182 3412 2349 3465 annis
2380 3416 2675 3483 pmniteas,
2721 3420 2778 3469 et
2803 3417 3059 3485 quandiu
3107 3417 3280 3479 vivas,
3340 3436 3538 3473 omnes
3570 3425 3751 3473 sextas

2046 3500 2218 3554 ferias
2250 3501 2309 3553 in
2348 3517 2497 3569 pane
2519 3509 2576 3556 et
2607 3520 2755 3574 aqua
2777 3504 3060 3559 observes.

2117 3603 2173 3655 Si
2205 3605 2511 3675 corrupisti
2564 3606 2867 3676 virginem,
2913 3613 2969 3661 et
3021 3615 3215 3679 postea
3268 3611 3526 3664 eamdem
3576 3627 3755 3665 susce-

2054 3690 2181 3761 pisti
2207 3707 2466 3759 uxorem,
2500 3709 2567 3746 eo
2600 3696 2752 3764 quod
2783 3696 2930 3748 solas
2961 3699 3215 3766 nuptias,
3243 3698 3396 3767 quod
3435 3698 3752 3752 maximum

2049 3784 2154 3845 est,
2180 3778 2426 3847 violasti,
2453 3798 2669 3836 annum
2702 3799 2882 3836 unum
2941 3800 3043 3853 per
3098 3786 3388 3855 legitimas
3435 3786 3602 3840 ferias
3632 3804 3752 3856 poe-

2049 3867 2247 3921 niteas.
2297 3868 2357 3921 Si
2414 3875 2607 3923 autem
2639 3887 2755 3924 non
2812 3871 3024 3925 duxisti
3069 3890 3196 3927 eam
3250 3880 3375 3944 post
3424 3876 3753 3945 corruptio—

2048 3973 2183 4010 nem
2241 3972 2498 4026 uxorem,
2534 3960 2675 4011 duos
2725 3975 2905 4012 annos
2947 3977 3049 4031 per
3097 3962 3383 4032 legitimas
3432 3963 3598 4016 ferias
3630 3980 3749 4033 pce-

2050 4045 2254 4099 niteas.

2125 4151 2404 4221 Accepisti
2456 4153 2615 4207 illam
2646 4154 2749 4208 tibi
2799 4171 3058 4223 uxorem,
3093 4173 3267 4227 quam
3315 4157 3461 4210 alter
3512 4156 3621 4210 sibi
3653 4156 3751 4210 de-

2054 4246 2380 4312 sponsatam
2433 4243 2760 4297 habuerat?
2793 4243 3016 4298 dimitte
3077 4246 3257 4311 illam,
3293 4244 3428 4315 quia
3456 4260 3752 4315 nunquam

2049 4334 2241 4399 potest
2272 4329 2374 4383 tibi
2405 4330 2530 4383 ﬁeri
2559 4332 2838 4401 legitima,
2869 4336 2924 4384 et
2964 4333 3045 4386 XL
3080 4334 3198 4387 dies
3223 4333 3281 4386 in
3318 4349 3464 4404 pane
3499 4337 3554 4386 et
3583 4348 3749 4402 aqua,

2053 4418 2208 4487 quod
2261 4418 2511 4471 carinam
2568 4425 2784 4485 vocant,
2831 4436 2959 4473 cum
3011 4422 3104 4475 VII
3164 4421 3536 4492 sequentibus
3593 4421 3755 4475 annis

2052 4506 2348 4577 poeniteas.

2126 4611 2384 4682 Rapuisti
2406 4628 2643 4666 uxorem
2672 4618 2851 4681 tuam,
2903 4619 2956 4667 et
2994 4615 3047 4668 vi
3076 4615 3199 4668 sine
3228 4616 3516 4668 voluntate
3546 4614 3746 4667 mulie-

2054 4700 2151 4767 ris,
2186 4702 2271 4754 vel
2302 4706 2607 4771 parentum
2628 4701 2688 4754 in
2719 4718 2966 4772 quorum
2989 4703 3395 4757 mundiburdio
3424 4702 3746 4767 tenebatur,

2050 4789 2209 4843 illam
2236 4790 2575 4844 adduxisti?
2605 4790 2663 4844 Si
2706 4789 2919 4855 fecisti;
2956 4808 3060 4845 nec
3110 4792 3265 4845 illam
3316 4792 3529 4845 habere
3561 4790 3751 4855 debes,

2049 4878 2361 4933 secundum
2392 4894 2678 4931 canonum
2709 4880 3126 4945 auctoritatem,
3161 4896 3265 4933 nec
3293 4880 3464 4933 aliam
3499 4895 3754 4949 unquam

2049 4982 2295 5021 canones
2326 4971 2380 5019 te
2412 4967 2622 5020 habere
2658 4967 2996 5021 concedunt.
3031 4967 3087 5022 Si
3129 4973 3321 5021 autem
3363 4968 3461 5021 illa
3513 4982 3754 5020 consen-

2047 5055 2195 5110 tiens
2240 5071 2357 5108 non
2417 5054 2625 5120 fuerat,
2676 5056 2735 5108 in
2768 5056 3011 5110 Domino
3067 5055 3351 5109 licentiam
3400 5056 3607 5109 habeat
3645 5070 3753 5107 nu-

2045 5143 2239 5197 bendi.
2269 5145 2351 5197 Tu
2407 5148 2599 5197 autem
2649 5144 2733 5197 XL
2765 5144 2905 5208 dies,
2958 5144 3015 5197 id
3049 5149 3152 5209 est,
3186 5144 3456 5209 carinam,
3512 5143 3574 5196 in
3604 5159 3752 5212 pane

2048 5236 2104 5285 et
2135 5248 2283 5301 aqua
2309 5231 2604 5301 pmniteas,
2643 5236 2699 5284 et
2730 5232 2822 5284 VII
2877 5237 3179 5301 sequentes
3232 5248 3445 5286 annos:
3494 5236 3569 5297 et,
3620 5232 3756 5301 quia

2046 5319 2301 5389 legitima
2359 5318 2624 5388 conjugia
2672 5319 2768 5373 Dei
2827 5324 3112 5389 praecepto
3172 5326 3305 5373 sunt
3369 5318 3646 5387 ordinata,
3701 5325 3757 5373 et

2047 5407 2183 5477 quia
2208 5423 2275 5461 ex
2307 5407 2531 5461 duobus
2574 5408 2912 5477 corporibus
2948 5423 3126 5461 unum
3178 5423 3242 5460 ex
3294 5408 3394 5461 Dei
3421 5409 3584 5478 jussu
3624 5423 3755 5461 con-

2046 5495 2254 5563 ﬁcitur,
2291 5501 2348 5549 et
2376 5495 2513 5566 quia
2547 5512 2663 5550 non
2696 5496 2863 5550 debet
2902 5495 3027 5550 tieri
3055 5495 3377 5565 legitimum
3419 5496 3752 5566 conjugium
