4014 6200
286 228 389 279 959

1373 220 1772 275 BURCHARDI
1813 218 2344 276 WOBMACIENSIS
2382 217 2713 274 EPISCOPI.

3686 221 3792 272 960

283 344 397 399 nisi
422 360 491 398 ex
519 358 799 396 consensu
827 342 1128 396 amborum
1153 347 1210 396 et
1240 346 1563 412 parentum,
1589 347 1671 406 tu,
1706 341 1804 412 qui
1842 357 1978 394 san-
2012 342 2057 393 Α
2167 341 2533 396 Concubuisti
2559 357 2690 395 cum
2723 357 2899 395 uxore
2939 345 3038 396 tua
3066 341 3160 396 die
3191 339 3513 395 dominica?
3542 345 3796 412 quatuor

286 438 442 487 ctum
488 432 632 486 illud
659 432 1035 486 constitutum
1065 431 1308 486 turbasti
1359 435 1415 484 et
1441 430 1678 497 violasti,
1722 430 1843 484 sine
1883 446 1982 500 spe

284 521 541 592 conjugii
560 537 919 592 permaneas.

357 610 606 680 Contigit
658 610 761 663 tibi
818 613 880 663 ut
939 625 1082 663 uxor
1120 613 1218 662 tua
1273 613 1329 660 te
1358 607 1582 660 conscio
1633 612 1690 660 et
1721 608 1980 661 hortante

286 715 418 753 cum
448 699 563 751 alio
604 697 746 762 viro,
770 697 870 750 illa
907 702 1100 750 autem
1129 697 1360 749 nolente
1405 695 1750 748 adulterium
1780 711 1980 766 perpe-

283 786 496 841 traret?
548 786 606 840 Si
638 785 842 850 fecisti,
883 786 964 840 XL
991 786 1132 849 dies,
1170 785 1222 838 id
1251 790 1353 850 est,
1408 784 1682 851 carinam,
1718 785 1778 837 in
1834 799 1980 855 pane

286 881 344 932 et
391 891 541 945 aqua
584 876 859 944 poeniteas
886 879 943 927 et
999 879 1215 944 septem
1248 889 1452 941 annos,
1505 889 1683 925 unum
1708 889 1771 926 ex
1804 872 1890 925 his
1920 871 1982 926 in

286 978 433 1032 pane
460 967 516 1016 et
553 978 702 1032 aqua
745 962 1041 1032 poeniteas,
1103 966 1158 1014 et
1213 977 1509 1032 nunquam
1541 961 1616 1014 sis
1646 961 1768 1014 sine
1797 961 1982 1030 poeni-

290 1051 482 1104 tentia.
537 1051 594 1104 Si
653 1059 844 1104 autem
914 1067 1053 1102 uxor
1111 1056 1208 1102 tua
1263 1050 1370 1103 hoc
1426 1051 1671 1118 probare
1705 1049 1978 1118 potuerit,

289 1139 442 1209 quod
495 1143 593 1192 tua
639 1140 806 1208 culpa
839 1143 896 1191 et
925 1145 1022 1192 tuo
1056 1140 1241 1207 jussu,
1309 1155 1368 1190 se
1435 1143 1712 1191 renuente
1742 1142 1798 1191 et
1827 1138 1977 1191 relu-

286 1231 495 1292 ctante,
524 1227 838 1280 adulterata
860 1227 950 1293 sit,
968 1226 1010 1278 si
1034 1243 1091 1279 se
1114 1226 1402 1279 continere
1431 1242 1545 1278 non
1575 1231 1778 1296 potest,
1804 1226 1982 1279 nubat

287 1316 381 1370 cui
409 1315 672 1382 voluerit,
705 1319 931 1368 tantum
963 1315 1022 1368 in
1046 1315 1308 1368 Domino.
1351 1317 1433 1368 Tu
1467 1319 1657 1368 autem
1690 1315 1812 1368 sine
1843 1330 1980 1368 uxo-

288 1403 372 1457 ria
401 1420 500 1472 spe
541 1404 599 1456 in
653 1409 930 1473 perpetuo
986 1419 1340 1472 permaneas.
1378 1403 1478 1456 Illa
1541 1408 1731 1455 autem
1777 1402 1824 1455 si
1853 1418 1984 1455 con-

286 1493 536 1546 sentiens
592 1493 797 1559 fuerat,
855 1492 1054 1545 eadem
1110 1491 1335 1562 jejunet
1377 1508 1504 1561 quae
1542 1491 1645 1544 tibi
1689 1491 1981 1561 proposita

288 1586 442 1648 sunt,
475 1587 532 1636 et
561 1582 684 1635 sine
714 1597 814 1651 spe
853 1581 1105 1651 conjugii
1134 1584 1486 1650 permaneat.

357 1687 641 1758 Accepisti
689 1702 926 1740 uxorem
960 1692 1261 1756 cognatam
1309 1690 1489 1751 tuam,
1546 1687 1636 1740 vel
1692 1702 1865 1758 quam
1885 1703 1982 1741 co-

291 1783 498 1846 gnatus
537 1776 783 1830 habuit?
814 1777 1065 1846 separari
1118 1776 1290 1830 debes
1341 1777 1410 1830 ab
1467 1793 1552 1843 ea,
1596 1780 1654 1830 et
1709 1777 1983 1846 paenitere

283 1865 442 1936 juxta
515 1867 751 1919 modum
810 1866 1213 1934 cognationis:
1271 1865 1407 1936 quia
1455 1865 1631 1918 sancti
1686 1867 1878 1920 Patres
1928 1875 1984 1921 et

289 1959 485 2008 sancta
538 1955 770 2008 illorum
827 1959 1040 2007 statuta
1090 1953 1317 2007 incestis
1372 1954 1870 2022 conjunctionibus
1900 1955 1981 2008 nil

287 2058 522 2112 prorsus
570 2042 753 2095 veniae
810 2047 1122 2104 reservant,
1155 2057 1343 2111 neque
1390 2058 1696 2095 numerum
1736 2059 1983 2112 genera-

285 2130 510 2184 tionum
541 2130 844 2186 definiunt.
891 2130 999 2185 Sed
1061 2130 1115 2184 id
1182 2135 1523 2195 statuerunt,
1560 2135 1620 2184 ut
1660 2131 1802 2185 nulli
1826 2132 1982 2186 Chri-

287 2218 471 2272 stiano
501 2218 665 2272 liceat
713 2219 782 2272 de
822 2219 1060 2288 propria
1091 2219 1588 2288 consanguinitate
1623 2235 1725 2273 seu
1762 2236 1981 2291 cogna-

286 2307 442 2361 tione
474 2324 708 2361 uxorem
740 2307 1018 2376 accipere,
1059 2323 1239 2377 usque
1272 2310 1409 2361 dum
1464 2308 1760 2378 generatio
1794 2325 1980 2362 recor-

288 2395 541 2460 daretur,
602 2400 1058 2465 cognosceretur,
1127 2402 1227 2449 aut
1284 2396 1562 2450 memoria
1615 2397 1978 2451 retineretur.

287 2484 431 2547 Quia
467 2490 696 2537 sanctus
726 2483 1032 2552 Gregorius
1085 2483 1255 2538 dicit:
1295 2501 1322 2533 «
1383 2485 1438 2538 Si
1470 2485 1598 2554 quis
1653 2485 1722 2538 de
1753 2487 1983 2556 pr0pria

286 2572 644 2640 cognatione,
679 2573 762 2626 vel
796 2587 969 2642 quam
1001 2577 1274 2642 cognatus
1323 2571 1525 2625 habuit
1557 2572 1615 2626 in
1647 2573 1980 2644 conjugium

289 2659 533 2724 duxerit,
575 2661 880 2715 anathema
913 2660 1004 2714 sit.
1032 2681 1059 2709 ι
1092 2661 1453 2730 Quapropter
1481 2661 1624 2714 scire
1644 2661 1816 2716 debes
1845 2661 1980 2732 quia

287 2764 405 2802 non
445 2753 528 2802 est
583 2749 661 2803 ita
716 2754 781 2802 ut
829 2748 995 2802 multi
1053 2749 1369 2802 sacerdotes
1426 2750 1633 2803 multos
1679 2750 1979 2817 seducunt,

286 2836 535 2890 dicentes
562 2838 712 2908 quod
747 2838 805 2890 in
833 2837 954 2907 ipso
987 2843 1217 2907 peccato
1248 2837 1584 2908 paenitentia
1631 2854 1749 2892 esse
1781 2838 1976 2909 possit.

2093 428 2214 482 dies
2244 429 2304 482 in
2336 446 2483 499 pane
2515 435 2570 483 et
2604 446 2754 501 aqua
2783 429 3062 500 pmnitere
3083 430 3290 486 debes?

2162 517 2578 589 Coinquinatus
2609 534 2668 571 es
2697 534 2829 571 cum
2862 534 3041 572 uxore
3082 523 3179 572 tua
3205 518 3264 572 in
3295 517 3796 588 Quadragesima?

2091 606 2176 661 XL
2204 607 2322 660 dies
2348 606 2409 660 in
2456 623 2603 676 pane
2634 611 2689 659 et
2739 623 2890 677 aqua
2935 606 3211 676 poenitere
3250 606 3442 672 debes,
3497 611 3597 659 aut
3637 607 3796 661 XXVI

2090 693 2298 747 solidos
2329 694 2388 747 in
2419 695 2842 766 eleemosynam
2873 695 3029 750 dare.
3088 695 3143 749 Si
3172 711 3273 765 per
3310 695 3646 748 ebrietatem
3671 711 3798 748 eve-

2090 782 2196 844 nit,
2228 784 2316 838 ΧΧ
2346 782 2465 836 dies
2519 783 2578 836 in
2611 799 2758 852 pane
2814 789 2870 837 et
2899 800 3048 854 aqua
3092 783 3388 852 pceniteas.
3431 783 3649 854 Viginti
3676 782 3799 836 dies

2090 875 2219 923 ante
2251 872 2505 924 Natalem
2527 871 2774 936 Domini,
2799 876 2856 926 et
2881 887 3080 926 omnes
3110 873 3230 925 dies
3257 871 3608 937 Dominicos,
3645 876 3705 924 et
3738 872 3800 924 in

2091 959 2358 1012 omnibus
2405 959 2677 1029 legitimis
2700 959 2959 1029 jejuniis,
3005 966 3061 1013 et
3111 959 3171 1013 in
3205 959 3475 1012 natalitiis
3504 959 3802 1028 apostolo-

2091 1064 2236 1109 rum,
2270 1053 2327 1100 et
2356 1047 2416 1100 in
2446 1047 2750 1117 praecipuis
2781 1047 2935 1100 festis
2975 1053 3030 1100 et
3058 1048 3116 1100 in
3167 1048 3428 1118 publicis,
3474 1049 3800 1101 castitatem

2092 1137 2260 1191 debes
2293 1137 2592 1190 custodire.
2628 1136 2686 1190 Si
2719 1142 2909 1189 autem
2941 1153 3054 1190 non
3094 1137 3409 1206 custodisti,
3447 1137 3534 1191 XL
3586 1137 3713 1190 dies
3740 1137 3799 1189 in

2090 1241 2238 1296 pane
2267 1230 2324 1278 et
2353 1241 2503 1295 aqua
2523 1225 2815 1295 pmniteas.

2629 1350 2708 1402 De
2749 1350 2893 1415 falso
2939 1351 3255 1403 testimonio.

2165 1452 2343 1507 Fuisti
2376 1452 2431 1504 in
2466 1452 2605 1506 falso
2662 1453 3014 1517 testimonio,
3047 1452 3127 1506 ita
3170 1453 3296 1506 dico
3328 1458 3393 1506 ut
3431 1453 3796 1508 testimonia-

2091 1557 2182 1594 res
2210 1546 2268 1594 et
2295 1541 2614 1594 afﬁrmares
2639 1541 2748 1594 hoc
2778 1557 2977 1594 verum
3042 1556 3163 1594 esse
3185 1541 3338 1611 quod
3393 1541 3602 1594 falsum
3647 1547 3792 1609 erat,

2023 1621 2064 1676 Β
2096 1635 2152 1684 et
2183 1630 2289 1684 hoc
2309 1629 2490 1684 fecisti
2512 1634 2746 1700 propter
2774 1645 3028 1682 amorem
3063 1629 3320 1699 alicujus,
3361 1630 3476 1684 sive
3507 1646 3616 1700 per
3643 1647 3794 1700 prae-

2092 1718 2296 1784 mium,
2329 1718 2445 1772 sive
2502 1723 2742 1788 propter
2795 1718 3108 1772 timorem?
3165 1718 3222 1772 Si
3251 1719 3449 1783 fecisti,
3491 1719 3574 1772 ita
3619 1719 3796 1773 debes

2091 1807 2370 1878 pcenitere
2400 1807 2544 1861 sicut
2563 1805 2932 1874 adulterium,
2963 1812 3020 1860 et
3053 1807 3356 1861 homicidia
3399 1813 3607 1877 sponte
3638 1823 3796 1860 eom-

2093 1897 2285 1962 missa,
2319 1896 2562 1950 Domino
2595 1896 2846 1949 dicente:
2875 1915 2902 1945 (ι
2949 1896 3025 1948 De
3055 1896 3225 1949 corde
3273 1894 3426 1948 enim
3459 1900 3673 1948 exeunt
3699 1896 3797 1948 ho-

2092 1985 2342 2049 micidia,
2377 1983 2675 2049 adulteria,
2709 1984 2887 2047 furta,
2931 1983 3070 2038 falsa
3102 1984 3449 2038 testimonia.
3477 2005 3498 2031 ι
3544 1985 3614 2037 Et
3663 1985 3793 2037 ideo

2092 2073 2260 2128 debet
2303 2073 2573 2127 similiter
2627 2072 2904 2142 paenitere
2961 2077 3016 2126 et
3071 2071 3560 2126 excommunicari
3619 2072 3796 2126 falsus

2089 2163 2268 2227 testis,
2303 2161 2449 2214 sicut
2477 2161 2721 2225 adulter,
2755 2167 2810 2214 et
2840 2162 2952 2227 fur,
3004 2166 3058 2213 et
3098 2161 3406 2215 homicida.
3450 2160 3507 2214 Si
3555 2169 3796 2230 propter

2090 2250 2360 2305 timorem
2415 2249 2596 2304 fecisti
2673 2249 2825 2302 illius
2879 2266 2913 2301 a
2978 2265 3091 2319 quo
3151 2250 3356 2302 timere
3423 2248 3678 2318 potuisti,
3738 2255 3793 2302 et

2091 2339 2349 2393 membra
2373 2339 2626 2408 perdere,
2650 2343 2747 2391 aut
2769 2338 2961 2402 vitam,
2995 2343 3053 2390 et
3078 2338 3149 2391 ad
3176 2337 3445 2390 ultimum
3479 2336 3630 2390 bona
3671 2342 3790 2402 tua,

2089 2432 2223 2482 tunc
2257 2427 2446 2482 divide
2496 2426 2916 2496 pcenitentiam,
2970 2429 3028 2479 et
3077 2431 3271 2495 postea
3304 2425 3555 2495 praevide
3587 2441 3658 2480 ne
3688 2426 3792 2479 tibi

2090 2516 2328 2571 ulterius
2357 2515 2670 2586 contingat.

2691 2621 2776 2675 De
2801 2624 2920 2674 arte
2944 2621 3178 2688 magica.

2158 2728 2390 2783 Violasti
2436 2727 2783 2798 sepulcrum,
2817 2726 2895 2779 ita
2923 2725 3071 2792 dico,
3120 2724 3259 2778 dum
3290 2723 3540 2793 aliquem
3571 2723 3798 2778 videres

2089 2817 2354 2888 sepelire,
2386 2821 2442 2870 et
2473 2816 2534 2869 in
2593 2820 2754 2869 nocte
2814 2814 3157 2884 infringeres
3197 2814 3522 2883 sepulcrum
3554 2818 3614 2866 et
3641 2813 3797 2865 tolle-

287 2924 452 2978 verbi
485 2899 690 2994 ετέιίει,
752 2926 799 2979 εί
830 2899 889 2979 ιζ,
948 2899 1119 2978 πίοάο
1179 2899 1388 2980 habere
1445 2932 1745 2996 cognatam
1781 2899 1978 2991 ἰυετη,
2014 2899 2055 2954 C
2092 2924 2181 2963 res
2203 2906 2541 2996 vestimenta
2571 2905 2738 2974 ejus?
2767 2903 2824 2959 Si
2846 2902 3046 2969 fecisti,
3080 2903 3127 2956 II
3156 2917 3336 2955 annos
3362 2917 3464 2972 per
3508 2900 3795 2971 legitimas

287 3014 373 3067 vel
426 3031 660 3068 uxorem
691 3015 947 3080 alterius,
991 3014 1076 3067 vel
1133 3015 1348 3085 aliquid
1403 3016 1514 3068 tale
1572 3016 1724 3086 quod
1763 3015 1984 3069 licitum

287 3119 406 3157 non
439 3107 603 3164 esset,
652 3112 708 3156 et
737 3103 908 3155 velles
937 3102 998 3154 in
1029 3118 1096 3155 eo
1129 3107 1356 3171 peccato
1410 3119 1765 3174 permanere,
1814 3109 1870 3157 et
1900 3109 1982 3158 ta-

289 3207 421 3246 men
466 3191 524 3244 in
577 3190 914 3260 paenitentia
948 3207 1100 3244 esse:
1129 3191 1284 3244 verbi
1315 3192 1522 3261 gratia,
1569 3191 1615 3244 si
1652 3192 1819 3245 hodie
1842 3208 1983 3262 qua-

291 3277 557 3346 draginta
607 3277 727 3331 dies
752 3277 811 3330 in
850 3293 992 3348 pane
1025 3284 1082 3331 et
1113 3294 1263 3348 aqua
1293 3294 1395 3347 pro
1428 3295 1541 3332 uno
1573 3279 1829 3349 quolibet
1855 3296 1982 3349 pec-

289 3371 414 3420 cato
473 3371 731 3436 peractos
790 3367 1027 3420 haberes
1094 3366 1152 3420 in
1202 3366 1558 3437 poenitentia,
1619 3371 1675 3422 et
1749 3368 1987 3422 iterares

289 3453 449 3524 prius
475 3459 768 3524 peccatum
802 3454 940 3508 nihil
970 3454 1186 3508 valeret
1205 3455 1543 3525 paenitentia
1580 3471 1753 3526 quam
1787 3455 1986 3525 fecisti,

282 3547 444 3620 juxta
473 3543 529 3598 id
548 3545 698 3613 quod
732 3543 969 3597 dicitur;
1003 3563 1025 3592 ι
1060 3543 1215 3598 Sicut
1269 3543 1424 3596 canis
1455 3544 1555 3615 qui
1586 3545 1731 3598 redit
1769 3544 1838 3598 ad
1890 3562 1987 3598 vo-

291 3631 496 3685 mitum
530 3647 715 3694 suum,
753 3637 809 3685 et
839 3647 969 3684 sues
1018 3632 1088 3685 ad
1140 3631 1440 3686 volutabra
1471 3649 1593 3699 sua,
1627 3652 1655 3684 δ)
1690 3633 1769 3687 ita
1800 3633 1907 3686 erit
1934 3638 1991 3687 et

289 3720 578 3790 peccatori
635 3719 734 3791 qui
787 3719 938 3774 redit
1001 3721 1069 3774 ad
1107 3726 1402 3789 peccatum
1457 3721 1614 3791 prius
1645 3723 1984 3776 confessum.

291 3811 654 3880 Quapropter
679 3810 824 3864 scias
877 3825 1032 3870 vere,
1082 3810 1216 3864 dum
1259 3811 1318 3863 in
1370 3811 1494 3880 ipso
1523 3818 1756 3881 peccato
1791 3811 1986 3874 fueris,

293 3899 634 3970 poenitentia
659 3899 911 3969 ejusdem
935 3899 1146 3969 peccati
1178 3898 1319 3952 nihil
1352 3900 1514 3952 valet.

827 4027 893 4076 De
923 4023 1178 4076 abusione
1206 4021 1468 4090 conjugiz'.

2091 2996 2262 3052 ferias
2300 2995 2598 3064 pceniteas.

2164 3080 2510 3138 Consuluisti
2555 3095 2775 3148 magos,
2823 3077 2966 3132 etin
3023 3079 3265 3131 domum
3314 3081 3471 3130 tuam
3520 3076 3794 3130 induxisti

2092 3169 2430 3241 exquirendi
2459 3167 2675 3238 aliquid
2709 3171 2828 3219 arte
2857 3165 3133 3230 malefica,
3180 3169 3278 3219 aut
3307 3164 3581 3234 expiandi
3604 3180 3791 3226 causa,

2094 3258 2203 3322 vel,
2235 3272 2592 3327 paganorum
2623 3254 3096 3308 consuetudinem
3129 3270 3392 3323 sequens,
3434 3252 3661 3305 divinos
3699 3252 3799 3321 qui

2093 3347 2198 3402 tibi
2230 3346 2572 3410 divinarent,
2605 3349 2668 3398 ut
2695 3343 2885 3397 futura
2924 3342 2994 3396 ab
3044 3343 3125 3395 eis
3185 3342 3510 3412 requireres
3562 3341 3732 3411 quasi
3766 3357 3796 3392 a

2094 3435 2394 3507 propheta,
2428 3437 2482 3487 et
2529 3433 2658 3487 illos
2705 3431 2803 3501 qui
2833 3436 3010 3484 sortes
3061 3435 3345 3496 exercent,
3408 3430 3494 3482 vel
3542 3429 3646 3498 qui
3693 3445 3798 3499 per

2096 3530 2274 3578 sortes
2303 3527 2535 3594 sperant
2583 3538 2642 3574 se
2705 3521 2896 3573 futura
2925 3518 3210 3590 praescire,
3264 3518 3350 3571 vel
3399 3517 3530 3570 illos
3581 3517 3685 3586 qui
3715 3515 3799 3570 vel

2097 3611 2353 3682 auguriis
2387 3612 2472 3664 vel
2516 3607 3000 3662 incantationibus
3054 3607 3390 3674 inserviunt,
3446 3605 3514 3658 ad
3563 3610 3622 3658 te
3655 3605 3800 3658 invi-

2097 3701 2269 3754 tasti?
2315 3699 2373 3754 Si
2431 3697 2632 3763 fecisti,
2689 3697 2832 3750 duos
2883 3712 3061 3750 annos
3121 3711 3225 3765 per
3282 3693 3568 3764 legitimas
3630 3694 3800 3747 ferias

2097 3788 2392 3860 paeniteas.

2167 3877 2224 3932 Si
2255 3874 2567 3930 observasti
2597 3872 2934 3928 traditiones
2990 3886 3369 3943 paganorum,
3433 3886 3600 3940 quas,
3635 3871 3799 3941 quasi

2098 3963 2460 4020 hereditario
2512 3962 2644 4032 jure
2695 3961 2923 4015 diabolo
2971 3960 3464 4023 subministrante,
3524 3975 3712 4029 usque
3743 3959 3799 4012 in

2097 4054 2201 4107 hos
2227 4051 2347 4107 dies
2394 4065 2620 4120 semper
2669 4053 2858 4119 patres
2894 4047 3028 4102 ﬁliis
3061 4047 3442 4118 reliquerunt,
3490 4045 3548 4100 id
3605 4051 3694 4099 est
3739 4053 3803 4099 ut

365 4148 732 4202 Concubuisti
791 4163 921 4201 cum
972 4162 1150 4201 uxore
1196 4151 1294 4199 tua
1325 4146 1411 4198 vel
1461 4159 1590 4198 cum
1634 4144 1743 4198 alia
1795 4144 1988 4214 aliqua
2021 4173 2063 4228 υ
2102 4143 2380 4196 elementa
2405 4140 2638 4228 coleres,
2676 4137 2734 4190 id
2767 4141 2850 4190 est
2898 4137 3092 4190 lunam
3150 4139 3246 4189 aut
3309 4135 3511 4200 solem,
3546 4139 3649 4188 aut
3681 4135 3805 4188 stel-

293 4240 466 4302 retro,
509 4235 704 4289 canico
728 4235 933 4288 more?
962 4233 1018 4288 Si
1046 4232 1248 4298 fecisti,
1287 4232 1483 4286 decem
1509 4232 1628 4286 dies
1663 4232 1722 4286 in
1755 4247 1902 4303 pane
1934 4237 1991 4285 et

296 4341 446 4394 aqua
473 4324 768 4393 pmniteas.

365 4412 612 4466 Junxisti
641 4416 696 4465 te
726 4410 890 4464 uxori
919 4415 1033 4464 tuae
1055 4414 1350 4464 menstruo
1381 4409 1675 4480 tempore?
1711 4409 1759 4463 si
1788 4409 1989 4474 fecisti,

297 4501 491 4554 decem
519 4499 636 4553 dies
664 4499 718 4553 in
754 4515 901 4569 pane
930 4505 986 4552 et
1031 4515 1180 4569 aqua
1219 4499 1510 4569 pmniteas.
1571 4498 1771 4552 Mulier
1820 4502 1918 4552 tua
1947 4499 1990 4550 si

298 4589 599 4644 intraverit
649 4589 943 4644 eccledam
992 4593 1124 4642 ante
1163 4589 1444 4642 mundum
1497 4587 1836 4657 sanguinem
1867 4592 1996 4657 post

296 4683 548 4750 partum,
581 4683 667 4733 tot
698 4669 818 4734 dies
867 4678 1160 4748 poeniteat,
1197 4682 1338 4747 quot
1390 4675 1624 4730 ecclesia
1671 4691 1861 4729 carere
1903 4676 1994 4729 de-

296 4771 518 4824 buerat.
571 4767 627 4823 Si
664 4773 856 4822 autem
903 4767 1261 4820 concubuisti
1316 4781 1446 4819 cum
1505 4781 1573 4819 ea
1630 4765 1716 4819 his
1773 4765 1991 4832 diebus,

296 4857 505 4928 viginti
533 4856 654 4911 dies
684 4856 744 4910 in
783 4872 929 4926 pane
957 4861 1012 4909 et
1032 4872 1179 4926 aqua
1211 4854 1504 4925 poeniteas.

367 4945 736 5002 Concubuisti
821 4961 952 4998 cum
1021 4959 1198 4996 uxore
1266 4948 1366 4996 tua
1428 4945 1735 5014 postquam
1809 4940 1996 4995 infans

300 5040 520 5090 motum
578 5034 638 5088 in
667 5039 832 5088 utero
891 5033 1148 5086 fecerat?
1205 5032 1292 5085 vel
1342 5032 1542 5084 saltem
1573 5031 1658 5086 XL
1715 5029 1836 5084 dies
1865 5034 1995 5082 ante

298 5124 576 5190 partum?
619 5121 673 5177 Si
726 5121 928 5186 fecisti,
962 5120 1047 5174 XX
1079 5120 1200 5173 dies
1255 5119 1313 5172 in
1353 5134 1500 5188 pane
1535 5122 1591 5172 et
1634 5135 1781 5188 aqua
1809 5117 1993 5188 poeni-

304 5214 444 5261 teas.

274 5330 276 5332 τ
375 5297 740 5351 Coucubuisti
807 5313 935 5350 cum
989 5312 1163 5349 uxore
1229 5300 1327 5349 tua
1390 5299 1516 5366 post
1573 5294 1994 5348 manifestatam

302 5385 774 5454 conceptionem?
828 5385 1025 5440 decem
1077 5385 1198 5439 dies
1245 5384 1306 5438 in
1354 5400 1502 5455 pane
1554 5389 1612 5437 et
1642 5398 1791 5454 aqua
1820 5381 1997 5453 poeni-

306 5481 440 5529 teas.

2098 4231 2284 4284 larum
2311 4243 2560 4292 cursum,
2604 4218 2816 4278 novam
2863 4225 3082 4290 lunam,
3139 4229 3238 4277 aut
3288 4223 3574 4277 defectum
3627 4225 3802 4288 lunas,

2100 4323 2164 4373 ut
2191 4316 2305 4371 tuis
2333 4315 2680 4369 clamoribus
2713 4318 2813 4366 aut
2869 4312 3082 4367 auxilio
3114 4312 3475 4381 splendorem
3532 4311 3663 4380 ejus
3720 4327 3803 4364 re-

2101 4411 2352 4460 staurare
2410 4404 2642 4469 valeres,
2703 4407 2802 4455 aut
2855 4402 2955 4455 illa
3025 4401 3309 4454 elementa
3387 4399 3494 4453 tibi
3566 4416 3804 4452 succur-

2104 4510 2226 4548 rere
2285 4497 2383 4546 aut
2413 4498 2472 4544 tu
2531 4490 2643 4544 illis
2682 4507 2895 4560 posses,
2945 4495 3044 4543 aut
3100 4504 3306 4542 novam
3362 4488 3559 4541 lunam
3615 4488 3804 4541 obser—

2100 4581 2244 4636 vasti
2267 4597 2370 4652 pro
2402 4580 2572 4633 modo
2626 4579 2885 4632 facienda
2930 4582 3022 4632 aut
3075 4576 3355 4646 conjugiis
3393 4576 3723 4630 sociandis?
3751 4575 3804 4629 Si

2101 4669 2302 4734 fecisti,
2358 4668 2500 4722 duos
2553 4683 2735 4719 annos
2789 4682 2892 4736 per
2947 4665 3232 4735 legitimas
3293 4663 3464 4717 ferias
3505 4664 3800 4734 pceniteas,

2103 4759 2239 4830 quia
2286 4757 2561 4827 scriptum
2603 4760 2714 4809 est:
2750 4776 2777 4804 «
2823 4755 3002 4810 Omne
3059 4753 3446 4824 quodcunque
3505 4753 3692 4806 facitis
3747 4751 3805 4804 in

2102 4847 2276 4902 verbo
2302 4852 2358 4900 et
2421 4845 2482 4898 in
2509 4860 2702 4915 opere,
2738 4843 2934 4897 omnia
2963 4843 3021 4896 in
3071 4842 3302 4896 nomine
3364 4841 3590 4896 Domini
3631 4841 3809 4895 nostri

2101 4938 2234 4991 Jesu
2267 4933 2474 4990 Christi
2506 4933 2694 4986 facite.
2727 4952 2752 4982 ο

2175 5023 2499 5080 Observasti
2523 5021 2804 5076 Kalendas
2847 5019 3146 5074 Januarias
3167 5017 3279 5073 ritu
3330 5034 3718 5088 paganorum,
3754 5022 3812 5070 ut

2104 5115 2191 5168 vel
2229 5112 2442 5183 aliquid
2485 5112 2614 5182 plus
2643 5111 2856 5164 faceres
2883 5113 3118 5178 propter
3149 5123 3360 5160 novum
3391 5121 3609 5159 annum
3637 5118 3806 5174 quam

2104 5208 2292 5268 antea,
2334 5202 2420 5254 vel
2451 5206 2580 5271 post
2609 5201 2820 5253 soleres
2851 5199 3056 5263 facere,
3086 5197 3163 5250 ita
3220 5195 3346 5250 dico
3393 5199 3457 5248 ut
3502 5199 3603 5247 aut
3644 5207 3806 5247 men-

2107 5308 2227 5346 sam
2269 5296 2429 5344 tuam
2484 5305 2614 5343 cum
2668 5287 2953 5358 lapidibus
3009 5287 3092 5339 vel
3142 5285 3325 5355 epulis
3376 5284 3438 5337 in
3495 5283 3674 5336 domo
3714 5287 3807 5333 tua

2107 5395 2459 5451 praeparares
2501 5394 2570 5431 eo
2597 5383 2874 5448 tempore,
2910 5379 3009 5428 aut
3036 5390 3141 5444 per
3167 5374 3317 5426 vicos
3363 5375 3420 5425 et
3463 5387 3566 5442 per
3595 5371 3811 5441 plateas

2107 5473 2367 5522 cantores
2398 5471 2454 5520 et
2481 5467 2688 5520 choros
2725 5465 2985 5532 duceres,
3015 5466 3114 5518 aut
3141 5477 3314 5532 supra
3360 5463 3572 5514 tectum
3607 5459 3810 5512 domus
