4010 6192
195 326 293 379 961

1067 318 1549 374 DECRETORUM
1596 321 1776 375 LIBRI
1818 322 1924 376 XX.
1968 354 2037 362 ——
2082 323 2292 379 LIBER
2333 304 2637 377 DECIMUS
2679 320 2919 379 NONUS.

3643 332 3745 384 962

193 456 313 504 tuae
346 449 611 513 sederes,
648 461 782 499 ense
814 449 913 497 tuo
960 441 1443 512 circunsignatus,
1475 444 1539 493 ut
1586 440 1664 495 ibi
1714 441 1936 495 videres
1966 449 2011 498 Α
2052 459 2183 514 ceps
2214 442 2393 508 fuisti,
2430 458 2607 497 unum
2648 460 2865 497 annum
2914 460 3017 514 per
3072 444 3356 513 legitimas
3411 445 3581 498 ferias
3634 462 3757 516 pce-

195 544 255 592 et
295 538 663 607 intelligeres
718 532 859 603 quid
906 531 1010 585 tibi
1058 530 1119 584 in
1169 529 1435 600 sequenti
1470 545 1617 581 anno
1679 529 1938 583 futurum

194 628 387 681 esset?
410 628 505 679 vel
534 626 598 678 in
648 624 800 677 bivio
846 620 1041 674 sedisti
1092 636 1265 689 supra
1296 617 1583 671 taurinam
1628 623 1839 683 cutem,
1873 624 1941 672 ut

194 720 255 769 et
283 714 393 768 tibi
415 714 618 768 futura
650 711 756 765 tibi
797 706 1195 777 intelligeres?
1234 707 1319 759 vel
1356 705 1401 758 si
1434 721 1611 775 panes
1666 706 1939 774 praedicta

196 808 369 857 nocte
402 817 659 872 coquere
693 798 870 853 fecisti
919 804 1016 851 tuo
1053 795 1306 861 nomine,
1342 800 1426 862 ut,
1477 793 1523 846 si
1554 794 1698 847 bene
1753 795 1935 847 eleva-

195 897 430 959 rentur,
473 895 532 943 et
564 888 731 959 spissi
779 892 834 940 et
865 886 964 939 alti
1013 885 1239 950 tierent,
1281 882 1413 936 inde
1494 881 1936 952 prosperitatem

194 985 317 1033 tuae
344 978 481 1032 vita:
513 993 581 1031 eo
604 992 755 1030 anno
795 972 1185 1044 prtevideres?
1220 972 1373 1038 Ideo,
1408 971 1544 1041 quia
1577 971 1757 1023 Deum
1780 987 1935 1025 crea-

195 1072 393 1121 torem
446 1072 615 1120 tuum
647 1063 1025 1133 dereliquisti,
1061 1068 1118 1115 et
1138 1061 1208 1114 ad
1248 1061 1397 1114 idola
1427 1066 1481 1113 et
1522 1059 1589 1112 ad
1637 1058 1734 1111 illa
1790 1075 1938 1113 vana

197 1162 257 1209 te
290 1154 652 1218 convertisti,
688 1158 743 1205 et
806 1159 1065 1221 apostata
1120 1150 1357 1203 etfectus
1413 1165 1491 1214 es,
1551 1148 1695 1201 duos
1757 1163 1938 1201 annos

197 1260 309 1315 per
332 1243 628 1312 legitimas
654 1240 825 1293 ferias
848 1241 1147 1308 pmniteas.

276 1326 487 1380 Fecisti
531 1325 831 1394 ligaturas,
884 1328 939 1376 et
978 1321 1420 1386 incantationes,
1473 1324 1529 1373 et
1580 1320 1707 1373 illas
1751 1320 1937 1374 varias

198 1410 623 1464 fascinationes
677 1426 818 1480 quas
898 1409 1102 1462 nefarii
1173 1409 1459 1473 homines,
1522 1407 1767 1475 subulci,
1848 1409 1936 1461 vel

198 1498 469 1564 bubulci,
505 1504 560 1550 et
606 1496 894 1550 interdum
927 1502 1225 1550 venatores
1262 1496 1499 1561 faciunt,
1535 1496 1675 1549 dum
1738 1495 1938 1549 dicunt

196 1587 490 1640 diabolica
541 1584 798 1637 carmina
844 1601 1018 1654 super
1063 1601 1270 1654 panem
1322 1589 1421 1638 aut
1469 1600 1645 1654 super
1728 1584 1937 1638 herbas

200 1679 260 1728 et
293 1689 472 1742 super
530 1672 793 1742 quaedam
827 1673 1048 1725 nefaria
1076 1674 1409 1741 ligamenta,
1441 1679 1497 1727 et
1552 1674 1674 1727 haec
1724 1681 1825 1725 aut
1875 1674 1932 1727 in

199 1763 413 1817 arbore
454 1760 825 1820 abscondunt.
879 1768 982 1813 aut
1025 1762 1086 1814 in
1122 1763 1270 1815 bivio
1306 1768 1405 1815 aut
1456 1763 1517 1814 in
1562 1763 1725 1815 trivio
1759 1763 1935 1832 proji-

199 1852 385 1915 ciunt,
422 1854 487 1901 ut
516 1857 616 1900 aut
643 1864 741 1900 sua
773 1849 1057 1902 animalia
1098 1852 1182 1903 vel
1228 1867 1397 1905 canes
1434 1850 1683 1905 liberent
1711 1868 1743 1903 a
1777 1857 1936 1920 peste

200 1945 261 1994 et
323 1956 357 1993 a
408 1938 585 2002 clade,
637 1942 693 1990 et
748 1937 993 1991 alterius
1048 1938 1338 2008 perdant?
1404 1939 1460 1993 Si
1510 1939 1713 2005 fecisti,
1792 1940 1936 1992 duos

202 2044 392 2082 annos
422 2042 523 2097 per
552 2024 829 2095 legitimas
858 2026 1045 2079 ferias
1074 2027 1371 2096 pmuiteas.

280 2114 615 2180 Interfuisti,
663 2119 756 2168 aut
804 2115 1162 2167 consensisti
1220 2116 1572 2169 vanitatibus
1614 2132 1757 2186 quas
1817 2132 1935 2169 mu-

204 2207 381 2260 lieres
415 2209 674 2260 exercent
719 2204 776 2257 in
806 2204 933 2257 suis
996 2202 1278 2270 lanificiis,
1334 2204 1393 2257 in
1442 2204 1561 2257 suis
1614 2203 1764 2271 telis,
1811 2221 1935 2274 quae

206 2310 345 2348 cum
400 2294 699 2347 ordiuntur
747 2294 892 2346 telas
979 2308 1129 2356 suas,
1192 2297 1426 2359 sperant
1504 2308 1563 2345 se
1622 2298 1937 2363 utrumque

206 2400 381 2455 posse
409 2384 613 2448 facere,
674 2398 802 2435 cum
840 2379 1332 2432 incantationibus
1364 2386 1422 2432 et
1452 2396 1584 2433 cum
1661 2396 1939 2451 aggressu

209 2474 467 2539 illarum,
499 2478 561 2525 ut
590 2478 648 2526 et
669 2473 765 2525 ﬁla
791 2467 1077 2532 staminis,
1106 2471 1161 2520 et
1188 2468 1567 2539 subtegminis
1588 2470 1646 2522 in
1690 2469 1935 2521 invicem

210 2564 294 2617 ita
325 2561 807 2615 commisceantur
843 2556 973 2626 [ut],
1007 2556 1117 2608 nisi
1159 2556 1247 2609 his
1296 2557 1505 2611 iterum
1543 2558 1670 2611 aliis
1728 2557 1939 2611 diaboli

212 2650 703 2705 incantationibus
751 2652 988 2699 econtra
1031 2644 1391 2710 subveniant,
1454 2652 1639 2699 totum
1700 2646 1939 2715 pereat?

212 2739 273 2794 Si
309 2739 639 2803 interfuisti,
671 2740 770 2790 aut
820 2731 1177 2799 consensisti,
1216 2734 1453 2803 triginta
1485 2734 1606 2787 dies
1662 2727 1938 2804 pmniteas

215 2830 278 2882 in
312 2844 459 2899 pane
493 2833 549 2883 et
579 2841 751 2897 aqua.

288 2934 578 3005 Collegisti
608 2930 815 2985 herbas
863 2927 1258 2994 medicinales,
1301 2944 1431 2980 cum
1488 2928 1616 2981 aliis
1671 2928 1936 2982 incanta-

211 3024 469 3078 tionibus
499 3037 633 3076 cum
674 3017 933 3088 symbolo
977 3021 1033 3069 et
1088 3015 1390 3071 Dominica
1422 3017 1702 3083 oratione,
1749 3017 1803 3070 id
1854 3021 1937 3069 est
1970 3005 2009 3059 Ο

214 3128 351 3168 cum
406 3112 590 3169 Credo
641 3108 702 3161 in
741 3108 920 3159 Deum
974 3109 1030 3158 et
1070 3105 1244 3160 Pater
1292 3110 1486 3158 noster
1529 3106 1827 3159 cantando.
1878 3105 1937 3159 Si

215 3202 386 3256 aliter
415 3198 617 3263 fecisti,
654 3196 849 3249 decem
893 3194 1011 3246 dies
1058 3192 1121 3246 in
1153 3210 1303 3263 pane
1352 3198 1407 3245 et
1438 3210 1588 3263 aqua
1632 3193 1933 3262 pmniteas.

291 3306 508 3361 Venisti
550 3304 623 3357 ad
678 3301 930 3371 aliquem
984 3299 1176 3353 locum
1235 3299 1306 3353 ad
1366 3300 1648 3353 orandum
1705 3298 1816 3351 nisi
1867 3299 1937 3352 ad

215 3395 517 3452 ecclesiam
570 3393 655 3443 vel
716 3390 786 3443 ad
842 3388 1019 3441 alium
1078 3389 1270 3442 locum
1347 3388 1679 3457 religiosum
1738 3403 1936 3457 quam.

215 3485 525 3556 episcopus
565 3488 699 3533 tuus
748 3478 833 3530 vel
866 3482 996 3530 tuus
1037 3478 1300 3531 sacerdos
1339 3476 1443 3529 tibi
1495 3477 1839 3542 ostenderet,
1882 3475 1940 3529 id

218 3580 309 3629 est
340 3573 427 3625 vel
452 3571 520 3623 ad
552 3569 761 3633 fontes,
816 3566 904 3618 vel
949 3565 1018 3618 ad
1059 3566 1296 3636 lapides,
1330 3565 1414 3616 vel
1462 3564 1533 3617 ad
1575 3564 1824 3628 arbores,
1852 3564 1941 3617 vel

220 3661 294 3715 ad
327 3657 497 3720 bivia,
542 3662 599 3708 et
624 3654 705 3707 ibi
736 3657 833 3706 aut
878 3652 1173 3705 candelam
1210 3656 1308 3705 aut
1335 3652 1577 3704 faculam
1622 3666 1723 3720 pro
1765 3666 1940 3702 vene-

220 3748 450 3804 ratione
481 3744 590 3798 loci
623 3740 949 3806 incendisti,
997 3745 1095 3793 aut
1124 3757 1329 3811 panem
1362 3744 1459 3792 aut
1487 3740 1740 3809 aliquam
1790 3737 1943 3790 obla-

224 3839 457 3892 tionem
529 3832 667 3885 illuc
716 3828 969 3883 detulisti
1036 3835 1133 3882 aut
1180 3828 1259 3881 ibi
1305 3827 1624 3893 comedisti,
1686 3831 1785 3879 aut
1832 3826 1944 3879 ali-

227 3938 411 3997 quam
449 3921 693 3973 salutem
760 3916 1015 3986 corporis
1046 3920 1144 3969 aut
1196 3916 1403 3969 animae
1461 3914 1543 3968 ibi
1613 3912 1942 3983 requisisti?

227 4016 291 4071 Si
334 4010 533 4075 fecisti,
580 4012 681 4061 aut
721 4006 1078 4075 consensisti,
1128 4011 1241 4060 tres
1283 4022 1462 4059 annos
1496 4020 1602 4074 per
1657 4003 1946 4073 legitimas

231 4102 409 4157 ferias
437 4097 742 4169 [mniteas

308 4203 620 4276 Requisisti
675 4208 857 4256 sortes
920 4200 979 4254 in
1022 4201 1313 4255 codicibus
1358 4199 1447 4252 vel
1493 4199 1553 4252 in
1610 4196 1841 4263 tabulis,
1884 4201 1948 4250 ut

225 4297 429 4368 plures
460 4293 668 4355 solent,
702 4290 801 4360 qui
830 4289 891 4343 in
935 4290 1223 4343 Psalteriis
1271 4288 1413 4341 etin
1466 4285 1802 4355 Evangeliis,
1853 4284 1939 4338 vel
1982 4284 2024 4337 D

228 4386 297 4439 in
323 4381 449 4436 aliis
501 4377 901 4449 hujuscemodi
965 4378 1135 4431 rebus
1191 4376 1383 4430 sortiri
1442 4374 1830 4444 praesumant?
1888 4372 1945 4426 Si

227 4470 443 4536 fecisti,
475 4468 673 4521 decem
693 4466 814 4519 dies
845 4465 1123 4536 pcaniteas
1151 4465 1210 4517 in
1239 4480 1384 4534 pane
1418 4468 1474 4516 et
1498 4479 1667 4532 aqua.

312 4573 612 4631 Credidisti
650 4588 903 4642 unquam
934 4572 1017 4625 vel
1049 4570 1336 4641 particeps
1377 4568 1537 4621 fuisti
1586 4567 1741 4621 illius
1779 4568 1947 4636 perli-

232 4665 373 4729 diaa,
403 4668 469 4717 ut
520 4662 900 4715 incantatores
944 4664 1000 4713 et
1045 4660 1145 4730 qui
1175 4675 1232 4711 se
1278 4658 1477 4711 dicunt
1540 4660 1946 4727 tempestatum

230 4752 593 4810 immissores
643 4766 786 4817 esse,
816 4752 1053 4819 possent
1088 4764 1194 4818 per
1235 4746 1684 4800 incantationem
1732 4745 1943 4799 daemo-

227 4857 382 4898 num
413 4846 512 4894 aut
536 4842 905 4908 tempestates
953 4852 1312 4890 commovere
1368 4840 1468 4890 aut
1498 4840 1717 4888 mentes
1758 4834 1946 4888 homi-

230 4946 382 4986 num
440 4928 700 4982 mutare?
748 4926 804 4980 Si
850 4925 1161 4993 credidisti,
1232 4928 1329 4977 aut
1382 4922 1666 4993 particeps
1766 4922 1943 4988 fuisti,

231 5034 461 5075 annum
490 5032 669 5070 unum
708 5031 811 5085 per
838 5015 1126 5085 legitimas
1164 5013 1333 5068 ferias
1388 5012 1681 5082 poeniteas.

312 5122 617 5181 Credidisti
648 5129 748 5176 aut
778 5122 1062 5193 particeps
1092 5120 1253 5176 fuisti
1302 5119 1458 5173 illius
1513 5118 1943 5183 incredulitatis,

232 5219 311 5269 ut
341 5213 532 5282 aliqua
580 5211 791 5264 femina
841 5210 913 5263 sit
965 5226 1094 5279 quas
1135 5225 1238 5278 per
1269 5208 1537 5278 quaedam
1576 5207 1855 5260 maleficia
1894 5213 1951 5261 et

235 5298 662 5355 incantationes
694 5304 914 5351 mentes
942 5298 1241 5350 hominum
1276 5310 1602 5365 permutare
1666 5294 1866 5364 possit,
1893 5295 1949 5349 id

236 5394 333 5445 est
362 5393 461 5441 aut
492 5388 559 5441 de
590 5388 720 5440 odio
761 5388 820 5441 in
854 5402 1131 5450 amorem,
1164 5389 1263 5437 aut
1292 5383 1359 5436 de
1404 5400 1598 5437 amore
1626 5382 1685 5435 in
1731 5384 1952 5437 odium-

238 5482 347 5533 aut
381 5477 534 5531 bona
584 5475 893 5529 hominum
932 5472 1406 5527 fascinationibus
1465 5472 1601 5540 suis,
1658 5474 1757 5526 aut
1797 5472 1951 5526 dam-

237 5581 386 5621 nare
428 5570 526 5619 aut
591 5564 878 5633 surripere
926 5563 1142 5635 possit?
1187 5561 1246 5616 Si
1277 5560 1588 5629 credidisti,
1642 5563 1741 5616 aut
1779 5560 1950 5632 parti-

2055 533 2259 586 niteas.

2125 618 2522 674 Credidistiut
2575 622 2766 691 aliqua
2821 622 3032 674 femina
3082 623 3154 675 sit
3212 637 3341 692 qua:
3397 623 3503 675 hoc
3578 622 3767 676 facere

2050 708 2232 780 possit
2260 708 2414 777 quod
2442 709 2727 778 quaedam,
2751 727 2781 762 a
2813 709 3042 763 diabolo
3074 710 3344 780 deceptae,
3380 726 3437 763 se
3472 710 3761 766 affirmant

2053 796 2375 852 necessario
2402 801 2457 849 et
2523 814 2589 851 ex
2648 803 2933 868 praecepto
2992 799 3175 851 facere
3250 798 3478 865 debere,
3547 798 3602 851 id
3682 806 3765 853 est

2050 904 2185 941 cum
2245 886 2567 940 daemonum
2610 888 2776 940 turba
2834 888 2892 939 in
2945 887 3385 940 similitudinem
3452 888 3762 942 mulierum

2050 976 2543 1038 transformatam,
2579 991 2749 1044 quam
2792 976 3043 1043 vulgaris
3098 975 3340 1027 stultitia
3394 974 3623 1028 holdam
3664 994 3765 1029 vo-

2049 1068 2159 1121 cat,
2190 1061 2359 1114 certis
2392 1064 2652 1116 noctibus
2711 1063 2967 1132 equitare
3023 1063 3231 1117 debere
3272 1080 3447 1133 super
3489 1065 3765 1134 quasdam

2047 1150 2285 1213 bestias,
2345 1156 2400 1203 et
2454 1152 2511 1205 in
2575 1168 2775 1204 eorum
2834 1168 2890 1204 se
2948 1152 3235 1204 consortio
3327 1159 3765 1207 annumeratam

2049 1238 2215 1293 esse?
2265 1238 2320 1291 Si
2359 1240 2643 1309 particeps
2664 1240 2820 1292 fuisti
2861 1240 3017 1292 illius
3063 1240 3504 1303 incredulitatis,
3548 1258 3767 1297 annum

2048 1343 2236 1381 unum
2268 1343 2371 1397 per
2404 1328 2687 1398 legitimas
2716 1327 2891 1380 ferias
2913 1328 3194 1397 poenitere
3228 1330 3420 1382 debes.

2700 1416 2784 1468 De
2808 1419 3118 1484 sacrilegio.

2125 1503 2460 1557 Maledixisti
2522 1504 2671 1573 patri
2740 1505 2827 1557 vel
2877 1506 3046 1558 matri
3106 1512 3238 1569 tuae,
3320 1506 3406 1559 vel
3466 1506 3765 1576 ﬂagellasti

2048 1610 2167 1658 eos,
2200 1595 2285 1647 vel
2336 1593 2393 1645 in
2438 1593 2631 1662 aliquo
2692 1593 3112 1646 dehonestasti?
3156 1595 3213 1647 Si
3254 1594 3456 1663 fecisti,
3522 1597 3765 1665 quadra-

2048 1682 2214 1751 ginta
2254 1682 2394 1746 dies,
2426 1697 2599 1733 unam
2650 1681 2925 1747 carinam,
2972 1682 3029 1734 in
3080 1698 3225 1750 pane
3284 1687 3338 1735 et
3396 1699 3565 1753 aqua,
3635 1700 3763 1737 cum

2048 1774 2273 1839 septem
2304 1770 2677 1840 sequentibus
2720 1771 2883 1822 annis
2937 1771 3234 1839 pueniteas,
3293 1770 3430 1839 quia
3489 1772 3769 1824 Dominus

2048 1860 2236 1913 dixit:
2274 1882 2301 1908 ‹‹
2333 1860 2441 1923 Qui
2472 1860 2829 1914 maledixerit
2858 1862 3005 1929 patri
3044 1877 3169 1928 suo,
3217 1861 3303 1913 vel
3345 1861 3536 1924 matri,
3581 1866 3768 1914 morte

2046 1948 2351 2001 moriatur.
2387 1970 2413 1996 ››

2119 2036 2326 2090 Tulisti
2359 2036 2572 2106 aliquid
2606 2036 2673 2089 de
2706 2036 3085 2089 ecclesiastico
3122 2037 3429 2091 thesauro?
3455 2038 3510 2092 Si
3566 2038 3764 2103 fecisti,

2046 2125 2107 2178 in
2140 2126 2533 2195 quadruplum
2591 2126 2847 2190 restitue,
2886 2130 2981 2177 aut
3014 2131 3126 2178 tres
3178 2143 3359 2180 annos
3415 2143 3518 2197 per
3573 2127 3767 2197 legiti-

2049 2229 2175 2266 mas
2214 2213 2383 2265 ferias
2426 2212 2725 2281 pmniteas.

2122 2302 2341 2355 Duxisti
2396 2307 2495 2354 aut
2541 2301 2913 2354 transmisisti
2994 2302 3078 2353 vel
3142 2302 3447 2355 vendidisti
3513 2302 3764 2373 aliquem

2046 2390 2425 2443 hominemin
2457 2390 2866 2459 captivitatem,
2922 2389 3031 2443 nisi
3065 2407 3168 2460 pro
3228 2406 3364 2461 pace
3427 2390 3761 2444 communi?

2048 2478 2108 2531 Si
2172 2479 2376 2543 fecisti,
2423 2480 2596 2531 reduc
2652 2494 2783 2531 eum
2833 2478 2878 2529 si
2934 2479 3181 2547 poteris:
3219 2479 3305 2532 sin
3359 2484 3570 2547 autem,
3615 2480 3763 2533 duos

2047 2584 2234 2619 annos
2264 2583 2365 2637 per
2397 2567 2685 2635 legitimas
2713 2566 2881 2618 ferias
2928 2566 3227 2636 pceniteas.

2120 2655 2511 2708 Concremasti
2561 2655 2796 2707 domum
2839 2658 2920 2707 vel
2954 2671 3147 2707 aream
3200 2657 3454 2724 alterius,
3491 2656 3607 2710 odii
3647 2673 3764 2709 me-

2045 2742 2368 2795 ditatione?
2393 2742 2449 2795 Si
2475 2738 2678 2809 fecisti,
2712 2742 2881 2796 redde
2911 2744 3208 2809 damnum,
3233 2749 3290 2797 et
3325 2760 3503 2797 unum
3547 2760 3765 2797 annum

2044 2846 2151 2899 per
2180 2831 2468 2900 legitimas
2509 2831 2678 2883 ferias
2711 2830 3005 2900 pueniteas.

2578 2921 2650 2972 De
2680 2924 2982 2987 contemptu
3005 2919 3228 2987 jejunii.

2121 3006 2351 3059 Solvisti
2401 3005 2687 3076 jejunium
2764 3007 2819 3059 in
2889 3007 3357 3076 Quadragesima,
3456 3012 3766 3078 antequam

2045 3095 2433 3163 vespertinum
2469 3095 2855 3149 celebraretur
2888 3096 3163 3157 ofﬁcium,
3198 3095 3307 3148 nisi
3340 3102 3574 3166 prepter
3608 3098 3766 3149 infir-

2047 3183 2351 3236 mitatem?
2383 3183 2441 3238 Si
2472 3183 2671 3249 fecisti,
2725 3200 2828 3253 pro
2878 3200 3222 3254 unoquoque
3252 3185 3341 3237 die
3384 3190 3500 3237 tres
3539 3185 3660 3238 dies
3702 3186 3760 3238 in

2048 3286 2198 3341 pane
2230 3274 2285 3323 et
2315 3287 2463 3340 aqua
2495 3272 2774 3340 poenitere
2821 3270 2993 3323 debes
3027 3287 3039 3323 :
3097 3271 3233 3340 quia
3277 3287 3523 3325 canones
3560 3272 3762 3341 praeci-

2049 3358 2220 3427 piunt
2259 3359 2415 3428 quod
2471 3359 2529 3411 in
2608 3359 3058 3428 Quadragesima
3142 3360 3493 3413 currendum
3568 3361 3643 3413 sit
3695 3361 3767 3413 ad

2050 3446 2306 3511 missam,
2331 3451 2386 3499 et
2402 3446 2611 3499 auditis
2632 3447 2937 3499 missarum
2959 3448 3416 3500 solemnitatibus
3462 3452 3517 3500 et
3543 3464 3769 3517 vesper—

2049 3534 2186 3588 tinis
2218 3534 2438 3599 ofﬁciis,
2484 3536 2702 3604 largitis
2731 3536 3130 3606 eleemosynis,
3164 3538 3233 3589 ad
3267 3538 3455 3589 cibum
3499 3540 3770 3591 acceden-

2051 3622 2190 3677 dum
2221 3639 2363 3677 esse.
2405 3622 2463 3676 Si
2522 3628 2711 3676 autem
2769 3624 2975 3693 aliquis
3022 3624 3357 3677 necessitate
3429 3626 3769 3679 constrictus

2052 3712 2221 3766 fuerit
2255 3715 2316 3764 ut
2344 3710 2415 3764 ad
2452 3712 2748 3764 ecclesiam
2790 3712 2981 3763 venire
3034 3728 3150 3764 non
3185 3713 3381 3781 possit,
3414 3717 3469 3765 et
3533 3714 3768 3766 missam

2053 3799 2252 3853 audire
2284 3814 2398 3851 non
2446 3798 2647 3867 possit,
2696 3798 2975 3851 aestimata
3015 3798 3337 3869 vespertina
3382 3800 3543 3869 hora,
3602 3817 3762 3854 com-

2053 3888 2207 3958 pleta
2239 3887 2517 3952 oratione,
2544 3886 2833 3956 jejunium
2890 3888 3089 3939 solvat.

2126 3975 2528 4045 Contempsisti
2560 3975 2841 4028 indictum
2882 3975 3168 4044 jejunium
3202 3992 3233 4028 a
3264 3983 3455 4030 sancta
3489 3978 3759 4044 Ecclesia,

2055 4070 2110 4118 et
2139 4064 2372 4118 noluisti
2421 4064 2559 4118 illud
2610 4065 2909 4118 observare
2949 4080 3080 4117 cum
3126 4064 3347 4118 caeteris
3386 4066 3765 4121 Christianis?

2053 4153 2139 4207 XX
2174 4152 2294 4205 dies
2324 4151 2382 4203 in
2414 4167 2561 4220 pane
2595 4157 2650 4205 et
2673 4168 2821 4221 aqua
2854 4152 3150 4221 pceniteas.

2127 4239 2354 4295 Solvisti
2382 4239 2667 4309 jejunium
2686 4240 2944 4303 Quatuor
2960 4244 3307 4309 temporum,
3337 4246 3394 4295 et
3429 4258 3543 4296 non
3581 4248 3765 4297 custo-

2057 4328 2188 4382 disti
2246 4327 2385 4381 illud
2442 4343 2572 4381 cum
2654 4329 2875 4382 caeteris
2928 4328 3301 4383 Christianis?
3370 4331 3454 4385 XL
3514 4331 3635 4385 dies
3704 4332 3766 4385 in

2054 4435 2201 4489 pane
2223 4421 2279 4473 et
2308 4434 2456 4488 aqua
2489 4418 2789 4487 poeniteas.

2122 4505 2398 4575 Jejunasti
2427 4505 2579 4559 diem
2604 4506 2965 4561 Dominicum
2994 4511 3235 4576 propter
3258 4507 3665 4562 abstinentiam
3712 4511 3767 4561 et

2054 4596 2438 4665 religionem?
2465 4596 2546 4649 XX
2585 4595 2706 4649 dies
2739 4595 2798 4648 in
2824 4612 2971 4665 pane
3004 4598 3060 4649 et
3098 4613 3246 4666 aqua
3271 4597 3571 4665 pceniteas.

2126 4684 2327 4737 Sinon
2384 4682 2695 4737 observasti
2739 4673 3029 4752 jejunium
3106 4684 3344 4738 Litanize
3403 4686 3656 4755 majoris,
3711 4692 3767 4740 et

2055 4772 2279 4827 dierum
2342 4771 2749 4841 Rogationum,
2783 4776 2840 4824 et
2896 4770 3221 4840 vigiliarum
3270 4777 3622 4840 sanctorum,
3683 4775 3765 4828 ΧΧ

2056 4861 2177 4914 dies
2211 4861 2269 4913 in
2301 4876 2449 4929 pane
2479 4864 2535 4912 et
2561 4874 2710 4929 aqua
2740 4858 3043 4927 pmniteas.

2129 4947 2376 5017 Coegisti
2426 4946 2650 5016 publice
2704 4946 3080 5016 pmnitentem
3112 4948 3458 5003 manducare
3488 4953 3543 5003 et
3567 4950 3765 5004 bibere

2055 5036 2205 5089 ultra
2226 5035 2280 5089 id
2314 5034 2467 5105 quod
2498 5033 2605 5087 sibi
2628 5034 2973 5105 imperatum
3004 5036 3207 5102 fuerat,
3242 5037 3352 5090 nisi
3392 5038 3461 5091 ad
3515 5054 3768 5107 praesens

2057 5138 2162 5192 pro
2190 5139 2256 5176 eo
2288 5123 2707 5192 eleemosynam
2739 5123 3030 5177 dedisses?
3056 5123 3113 5177 Si
3148 5123 3347 5189 fecisti,
3387 5125 3583 5179 decem
3647 5126 3767 5180 dies

2057 5209 2118 5261 in
2149 5226 2296 5279 pane
2323 5212 2379 5262 et
2408 5226 2558 5280 aqua
2590 5210 2891 5279 poeniteas.

2129 5295 2535 5366 Contempsisti
2563 5296 2817 5367 aliquem
2870 5312 2996 5350 curn
3044 5302 3106 5351 tu
3133 5298 3447 5367 jejunares,
3499 5299 3773 5370 quijeju-

2059 5400 2195 5437 nare
2227 5400 2341 5437 non
2364 5392 2589 5454 poterat
2626 5392 2683 5438 et
2715 5386 3132 5441 manducabat?
3163 5387 3219 5441 Si
3246 5387 3450 5457 fecisti,
3509 5390 3766 5460 quinque

2061 5472 2181 5526 dies
2213 5471 2274 5525 in
2311 5489 2457 5543 pane
2491 5478 2538 5525 el
2576 5489 2725 5542 aqua
2752 5474 3047 5543 pmniteas.

2132 5560 2356 5615 Solvisti
2377 5560 2665 5631 jejunium
2700 5561 2762 5615 in
2811 5563 2983 5617 Coena
3032 5563 3283 5631 Domini,
3318 5570 3374 5619 et
3404 5566 3463 5619 in
3517 5564 3765 5619 Sabbato
