4014 6200
305 289 405 339 963

1390 280 1796 337 BURCHARIH
1838 279 2370 336 WORMACIENSIS
2409 279 2745 336 EPISCOPI.

3711 281 3819 334 964

305 412 520 473 sancto,
581 407 734 461 utin
780 405 892 459 illis
940 405 1162 459 duobus
1233 404 1434 458 diebus
1488 403 1846 475 frequentius
1904 420 1996 458 co-
2029 405 2075 457 A
2114 403 2347 476 spiritus
2405 403 2512 458 hoc
2559 404 2816 474 patitur“
2853 403 3104 459 inﬁdelis
3151 418 3316 458 mens
3369 404 3492 458 hinc
3564 420 3684 458 non
3759 405 3821 458 in

304 498 566 552 mederes
616 511 792 567 quam
846 496 906 547 in
956 493 1193 564 reliquis
1262 493 1727 563 Quadragesimas
1778 494 2000 558 diebus,

305 591 540 657 excepto
573 586 630 639 in
663 600 840 651 caena,
891 584 982 636 vel
1035 582 1385 636 inﬁrmitatis
1442 581 1651 636 causa?
1686 582 1743 637 Si
1799 582 1998 649 fecisti,

304 676 501 729 decem
543 675 663 729 dies
694 673 751 726 in
776 688 924 743 pane
947 676 1000 724 et
1025 687 1175 741 aqua
1207 670 1502 740 poeniteas.

836 761 918 813 De
945 761 1076 825 gula
1106 764 1155 812 et
1187 759 1464 812 ebrietate.

374 847 630 902 Habuisti
679 847 735 900 in
759 845 1168 899 consuetudine
1202 849 1262 897 ut
1292 845 1419 914 plus
1469 843 1797 899 comederes
1818 848 1873 897 et
1922 845 2002 898 bi-

303 939 465 994 beres
511 951 684 1008 quam
731 934 833 988 tibi
893 949 1120 987 necesse
1177 934 1367 986 esset?
1437 932 1493 986 Si
1531 933 1732 1001 fecisti,
1805 934 2003 986 decem

305 1027 425 1081 dies
470 1025 531 1078 in
575 1039 724 1094 pane
765 1028 818 1076 et
851 1038 1000 1092 aqua
1030 1021 1329 1092 pmniteas,
1373 1021 1507 1091 quia
1538 1021 1813 1074 Dominus
1865 1021 2005 1076 dicit

302 1116 362 1169 in
396 1112 696 1182 Evangelio
731 1127 742 1165 :
777 1132 798 1159 ε
835 1111 1106 1164 Videtene
1151 1115 1460 1180 graventur
1514 1110 1686 1163 corda
1719 1115 1904 1164 vestra
1942 1110 2004 1164 in

303 1204 534 1273 crapula
561 1205 618 1254 et
646 1199 936 1254 ebrietate.
964 1218 992 1248 ι)

375 1289 570 1345 Bibisti
610 1304 865 1359 unquam
895 1292 1140 1353 tantum,
1179 1291 1239 1340 ut
1276 1303 1380 1357 per
1422 1285 1759 1341 ebrietatem
1815 1286 2004 1340 vomi-

303 1386 426 1435 tum
455 1377 711 1433 faceres?
746 1377 804 1432 Si
833 1376 1036 1443 fecisti,
1090 1375 1419 1446 quindecim
1450 1375 1570 1430 dies
1616 1375 1888 1446 poeniteas
1943 1375 2005 1429 in

300 1484 450 1540 pane
478 1471 532 1520 et
563 1483 728 1538 aqua.

373 1555 671 1610 Inebriasti
710 1559 764 1608 te
815 1569 1066 1624 unquam
1125 1569 1228 1622 per
1251 1553 1610 1622 jactantiam,
1639 1553 1719 1606 ita
1771 1553 1896 1606 dico
1938 1557 2004 1604 ut

2114 493 2330 560 animo,
2365 493 2458 546 sed
2502 493 2559 546 in
2584 509 2824 564 corpore
2851 493 3080 547 evenire
3133 493 3425 564 opinatur.
3488 493 3625 558 Quis
3655 493 3819 548 enim

2114 596 2228 634 non
2256 581 2316 634 in
2345 581 2559 634 somnis
2580 585 2637 635 et
2669 582 2964 635 nocturnis
2989 581 3307 653 visionibus
3337 587 3494 636 extra
3563 583 3827 652 seipsum

2113 668 2392 737 educitur,
2427 673 2482 722 et
2531 670 2713 723 multa
2753 669 2905 722 videt
2951 669 3292 724 dormiendo
3341 686 3470 740 qua:
3517 686 3824 740 nunquam

2111 759 2330 812 viderat
2389 757 2724 829 vigilando?
2779 757 2918 822 Quis
2955 774 3085 811 vero
3139 764 3256 812 tam
3288 760 3496 812 stultus
3551 762 3608 812 et
3647 758 3828 812 hebes

2114 847 2187 900 sit
2206 847 2306 918 qui
2355 846 2478 900 haec
2515 846 2727 914 omnia,
2761 862 2892 917 quas
2920 846 2980 900 in
3021 847 3141 900 solo
3193 846 3398 916 spiritu
3429 846 3594 914 ﬁunt,
3648 845 3828 900 etiam

2113 934 2172 987 in
2248 950 2486 1005 corpore
2568 934 2818 988 accidere
2897 934 3246 988 arbitretur?
3329 936 3471 989 Cum
3565 935 3829 988 Ezechiel

2111 1024 2394 1094 propheta
2424 1023 2670 1077 visiones
2696 1023 2924 1077 Domini
2953 1023 3013 1076 in
3043 1023 3270 1093 spiritu,
3305 1039 3425 1101 non
3457 1022 3516 1077 in
3549 1039 3822 1093 corpore,

2112 1112 2252 1166 vidit
2309 1117 2366 1164 et
2429 1112 2666 1175 audivit,
2725 1111 2869 1166 sicut
2924 1111 3046 1182 ipse
3122 1110 3304 1165 dicit:
3357 1132 3384 1159 «
3437 1110 3665 1175 Statim,
3734 1112 3823 1164 in-

2114 1199 2256 1270 quit,
2290 1199 2372 1251 fui
2402 1198 2463 1251 in
2519 1199 2744 1268 spiritu.
2775 1219 2802 1248 ι
2860 1200 2920 1253 Et
2975 1199 3184 1252 Paulus
3214 1215 3328 1252 non
3383 1199 3556 1254 audet
3600 1214 3661 1253 se
3730 1199 3824 1253 di-

2113 1303 2240 1341 cere
2289 1293 2517 1356 raptum
2574 1287 2632 1340 in
2682 1303 2944 1358 corpore.
3002 1287 3279 1342 Omnibus
3326 1288 3520 1358 itaque
3592 1288 3821 1358 publice

2113 1375 2573 1430 annuntiandum
2637 1382 2722 1430 est
2791 1376 2944 1446 quod
3003 1376 3102 1447 qui
3158 1376 3296 1430 talia
3344 1381 3402 1430 et
3455 1376 3542 1430 his
3610 1376 3823 1430 similia

2114 1464 2314 1529 credit,
2375 1463 2546 1518 ﬁdem
2597 1465 2820 1534 perdit:
2854 1469 2910 1518 et
2941 1464 3040 1535 qui
3091 1465 3262 1519 ﬁdem
3322 1469 3532 1519 rectam
3585 1465 3646 1518 in
3709 1466 3821 1518 Deo

2115 1570 2230 1607 non
2291 1553 2480 1620 habet,
2541 1553 2635 1607 hic
2686 1569 2802 1607 non
2855 1558 2940 1607 est
2995 1553 3138 1623 ejus,
3198 1554 3291 1608 sed
3351 1553 3507 1607 illius
3537 1553 3599 1607 in
3646 1569 3824 1624 quem

302 1643 627 1715 gloriareris
655 1643 712 1695 in
746 1643 853 1695 hoc
899 1642 1049 1712 quod
1079 1641 1220 1694 alios
1253 1641 1310 1693 in
1344 1647 1484 1710 potu
1510 1641 1737 1694 vincere
1788 1658 2001 1711 posses,
2041 1682 2078 1734 Β
2117 1641 2315 1708 credit,
2359 1641 2414 1696 id
2453 1647 2538 1695 est
2575 1642 2807 1696 diaboli.
2852 1642 2991 1695 Nam
3047 1642 3116 1696 de
3169 1642 3410 1696 Domino
3440 1648 3636 1696 nostro
3694 1642 3828 1695 scri-

302 1739 359 1786 et
380 1733 478 1794 sic,
510 1747 614 1801 per
666 1736 824 1784 tuam
869 1730 1175 1782 vanitatem
1209 1734 1260 1782 et
1291 1745 1394 1798 per
1447 1735 1604 1782 tuam
1655 1730 2005 1784 exhortatio-

299 1837 454 1889 nem,
489 1826 542 1873 te
573 1825 630 1873 et
659 1819 800 1872 alios
829 1819 898 1871 ad
932 1818 1264 1870 ebrietatem
1297 1817 1658 1886 perduxisti?
1687 1817 1744 1873 Si
1803 1818 2005 1885 fecisti,

301 1910 540 1980 triginta
566 1907 686 1962 dies
717 1907 991 1977 poeniteas
1023 1906 1081 1958 in
1109 1921 1255 1974 pane
1285 1910 1340 1958 et
1358 1921 1526 1975 aqua.

377 1997 576 2052 Fecisti
637 1996 910 2049 vomitum
988 1994 1245 2062 corporis
1305 1998 1360 2047 et
1415 1994 1711 2065 sanguinis
1780 1995 2005 2048 Domini

299 2089 538 2155 propter
587 2081 964 2138 ebrietatem?
1006 2082 1061 2135 Si
1096 2081 1292 2144 fecisti,
1352 2083 1733 2152 quadraginta
1789 2083 1910 2136 dies
1946 2083 2006 2136 in

298 2189 448 2242 pane
479 2178 534 2224 et
562 2187 711 2242 aqua
742 2170 1038 2240 poeniteas.

372 2261 428 2316 Si
488 2277 590 2331 per
646 2258 962 2329 nequitiam
1035 2258 1212 2311 alium
1275 2257 1589 2322 inebriasti,
1623 2260 1704 2313 XX
1762 2259 1884 2313 dies
1947 2261 2007 2314 in

299 2366 448 2420 pane
471 2355 525 2403 et
553 2364 700 2418 aqua
734 2347 1027 2418 poeniteas.
1061 2347 1114 2401 Si
1156 2363 1261 2416 per
1293 2346 1505 2400 bonam
1566 2348 1937 2416 voluntatem,
1965 2350 2005 2403 X

302 2439 423 2492 dies
454 2438 511 2491 in
544 2453 689 2508 pane
721 2441 776 2490 et
801 2452 952 2506 aqua
991 2436 1290 2505 pceniteas.

886 2527 957 2578 De
981 2525 1412 2592 irreligiositate.

378 2613 682 2684 Neglexisti
715 2616 776 2665 ut
820 2629 939 2666 non
992 2613 1276 2682 acciperes
1307 2629 1513 2682 corpus
1542 2617 1598 2665 et
1664 2613 2002 2680 sanguinem

304 2703 554 2770 Domini,
587 2702 708 2755 istis
767 2706 1015 2772 quatuor
1074 2700 1445 2770 temporibus,
1478 2700 1533 2752 id
1587 2704 1673 2753 est
1731 2700 1790 2754 in
1843 2718 2004 2754 coena

304 2792 552 2857 Domini,
584 2795 641 2844 et
693 2790 753 2843 in
802 2790 1034 2854 Pascha,
1067 2793 1123 2842 et
1152 2788 1210 2840 in
1265 2790 1608 2851 Pentecoste,
1643 2794 1698 2841 et
1728 2789 1788 2842 in
1821 2790 2004 2843 Natali

303 2879 553 2944 Domini,
585 2884 641 2932 et
669 2882 848 2932 totam
890 2876 1401 2946 Quadragesimam
1434 2892 1551 2929 non
1591 2881 1644 2929 te
1679 2877 2002 2931 sustinuisti

300 2983 334 3020 a
362 2968 538 3036 coitu,
570 2972 627 3020 et
656 2971 851 3036 postea
880 2965 939 3018 in
974 2964 1098 3018 aliis
1149 2964 1432 3034 praedictis
1480 2965 1839 3034 temporibus
1900 2972 1997 3020 aut

300 3062 519 3126 septem
548 3055 686 3121 dies,
718 3059 817 3107 aut
838 3053 1092 3123 quinque
1118 3052 1238 3106 dies
1263 3059 1391 3106 ante
1427 3053 1811 3122 acceptionem
1853 3054 1997 3108 sacri

300 3144 555 3214 corporis
587 3141 858 3196 Domini?
888 3141 946 3195 Si
993 3141 1100 3194 ista
1135 3140 1458 3210 neglexisti,
1503 3141 1583 3194 XX
1610 3141 1730 3194 dies
1759 3142 1819 3194 in
1849 3158 1996 3212 pane

303 3238 361 3287 et
389 3248 537 3301 aqua
557 3231 730 3285 debes
760 3229 1056 3299 paenitere.

377 3317 650 3388 Sprevisti
701 3317 934 3370 missam
986 3317 1070 3368 vel
1130 3315 1469 3379 orationem,
1506 3317 1590 3369 vel
1650 3317 1997 3372 oblationem

302 3405 595 3476 conjugati
627 3404 961 3475 presbyteri,
1003 3403 1082 3457 ita
1127 3403 1252 3456 dico
1310 3409 1373 3455 ut
1405 3403 1581 3456 nolles
1615 3409 1712 3457 tua
1770 3412 1997 3474 peccata

302 3495 410 3548 sibi
442 3493 720 3558 conﬁteri,
749 3494 836 3546 vel
859 3493 928 3546 ab
959 3508 1026 3545 eo
1057 3491 1311 3560 accipere
1342 3507 1548 3560 corpus
1569 3495 1624 3545 et
1660 3495 1996 3564 sanguinem

306 3583 551 3650 Domini,
583 3583 654 3637 ob
682 3583 788 3636 hoc
812 3581 946 3652 quia
974 3585 1239 3650 peccator
1269 3578 1373 3633 tibi
1402 3595 1520 3633 esse
1571 3580 1897 3638 videretur?
1939 3584 1997 3638 Si

301 3673 504 3741 fecisti,
541 3687 718 3725 unum
745 3686 960 3724 annum
991 3685 1094 3740 per
1122 3669 1410 3739 legitimas
1434 3669 1600 3722 ferias
1626 3670 1921 3740 poeniteas.

832 3760 962 3813 Item
991 3758 1057 3812 de
1085 3763 1203 3812 arte
1232 3760 1462 3823 magica.

374 3848 677 3905 Credidisti
713 3852 810 3901 aut
848 3847 1130 3917 particeps
1175 3846 1330 3900 fuisti
1369 3845 1522 3897 illius
1562 3844 1996 3909 incredulitatis,

303 3938 456 4010 quod
487 3937 748 4008 quaedam
781 3936 1065 3988 sceleratae
1097 3934 1365 3986 mulieres
1383 3937 1530 3984 retro
1559 3939 1686 4000 post
1732 3934 1997 3987 Satanam

301 4042 607 4092 conversae,
641 4025 973 4078 daemonum
1013 4021 1376 4075 illusionibus
1407 4024 1464 4072 et
1506 4020 1999 4089 phantasmatibus

304 4117 570 4178 seductee,
617 4112 858 4166 credunt
888 4115 943 4165 et
990 4109 1338 4180 proﬁtentur
1385 4125 1442 4162 se
1491 4107 1783 4162 nocturnis
1841 4109 1998 4163 horis

299 4220 430 4259 cum
464 4203 641 4257 Diana
693 4213 1047 4270 paganorum
1081 4197 1206 4264 dea,
1239 4201 1296 4249 et
1325 4211 1452 4248 cum
1483 4197 1786 4249 innumera
1841 4198 1996 4251 mul-

301 4293 547 4347 titudine
581 4290 884 4343 mulierum
942 4285 1199 4356 equitare
1230 4300 1402 4353 super
1430 4283 1706 4355 quasdam
1765 4286 1992 4354 bestias,

301 4387 358 4436 et
387 4380 566 4434 multa
595 4383 875 4430 terrarum
923 4374 1106 4443 spatia
1146 4373 1506 4442 intempesta:
1557 4374 1736 4426 noctis
1767 4374 1996 4429 silentio

302 4465 672 4538 pertransire,
702 4465 940 4533 ejusque
968 4462 1322 4532 jussionibus
1354 4463 1506 4516 velut
1532 4463 1780 4516 dominae
1811 4463 2000 4516 obedi-

304 4573 387 4623 re,
411 4560 468 4609 et
513 4553 680 4608 certis
714 4552 973 4606 noctibus
1003 4551 1068 4605 ad
1119 4552 1242 4620 ejus
1272 4551 1565 4606 servitium
1593 4552 1852 4605 evocari?
1891 4551 2000 4607 Sed

303 4645 522 4699 utinam
559 4644 646 4696 lia:
704 4642 838 4694 solae
895 4641 952 4694 in
1010 4639 1250 4711 perﬁdia
1280 4655 1381 4692 sua
1433 4640 1731 4709 perissent,
1784 4645 1841 4693 et
1885 4654 2001 4692 non

301 4735 512 4788 multos
560 4747 751 4785 secum
826 4731 884 4784 in
942 4728 1292 4783 inﬁrmitatis
1351 4727 1646 4782 interitum
1691 4727 2004 4798 pertraxis-

302 4825 449 4878 sent!
493 4824 631 4876 Nam
663 4821 968 4874 innumera
1017 4817 1345 4883 multitudo,
1378 4817 1483 4870 hac
1539 4817 1678 4870 falsa
1733 4816 2004 4887 Opinione

302 4913 557 4982 decepta,
591 4911 710 4964 haec
759 4924 892 4962 vera
933 4923 1052 4960 esse
1093 4906 1289 4972 credit,
1345 4910 1401 4958 et
1444 4905 1726 4960 credendo
1757 4921 1789 4959 a
1854 4909 2008 4958 recta

301 5001 416 5055 ﬁde
472 4999 678 5064 deviat,
702 5002 760 5052 et
789 4997 848 5050 in
907 5011 1102 5050 errore
1151 5010 1508 5066 paganorum
1535 4995 1796 5061 volvitur,
1875 5009 2006 5047 cum

304 5089 523 5159 aliquid
559 5085 876 5142 divinitatis
929 5089 1028 5138 aut
1079 5084 1332 5137 numinis
1383 5089 1538 5137 extra
1595 5098 1775 5136 unum
1827 5083 2007 5136 Deum

305 5192 426 5230 esse
457 5177 786 5230 arbitratur.
819 5173 928 5228 Sed
961 5172 1221 5227 diabolus
1244 5171 1614 5226 transformat
1640 5187 1698 5224 se
1729 5171 1788 5224 in
1821 5169 2006 5223 diver-

303 5281 497 5318 sarum
549 5279 931 5334 personarum
984 5263 1197 5332 species
1253 5267 1424 5333 atque
1476 5261 1898 5326 similitudines,
1953 5264 2010 5313 et

301 5358 580 5421 mentem,
613 5369 784 5424 quam
819 5352 1102 5422 captivam
1137 5354 1310 5417 tenet,
1360 5350 1417 5404 in
1450 5349 1664 5404 somnis
1709 5349 2005 5416 deludens,

303 5442 473 5496 modo
507 5442 657 5511 laeta,
689 5441 860 5495 modo
890 5441 1101 5508 tristia,
1151 5439 1321 5494 modo
1371 5439 1692 5509 incognitas
1738 5453 2011 5508 personas

303 5531 627 5596 ostendens,
667 5545 772 5601 per
825 5529 987 5584 devia
1017 5544 1258 5599 quaeque
1288 5528 1538 5596 deducit,
1586 5531 1643 5582 et
1691 5543 1821 5582 cum
1859 5527 2012 5582 solus

2123 1735 2285 1798 ptum
2312 1735 2436 1783 est:
2472 1749 2500 1779 ‹
2560 1729 2768 1783 Omnia
2816 1745 2918 1799 per
2965 1729 3152 1799 ipsum
3208 1730 3354 1784 facta
3409 1735 3562 1797 sunt,
3597 1735 3654 1784 et
3700 1731 3826 1784 sine

2119 1817 2244 1887 ipso
2277 1817 2486 1870 factum
2527 1823 2611 1871 est
2659 1817 2822 1870 nihil.
2861 1836 2888 1868 »
2932 1817 2989 1870 Si
3035 1817 3328 1890 credidisti
3384 1818 3484 1871 has
3514 1817 3822 1884 vanitates,

2119 1905 2259 1958 duos
2289 1921 2468 1958 annos
2498 1921 2602 1976 per
2641 1904 2930 1974 legitimas
2968 1905 3140 1959 ferias
3167 1905 3462 1976 pceniteas.

2187 1994 2507 2048 Observasti
2554 1993 2819 2047 excubias
2866 1993 3106 2062 funeris,
3170 1994 3227 2048 id
3256 1999 3341 2048 est
3386 1993 3700 2048 interfuisti
3740 1995 3822 2048 vi-

2115 2082 2264 2152 giliis
2319 2083 2660 2136 cadaverum
2740 2086 3098 2136 mortuorum
3176 2081 3274 2135 ubi
3363 2081 3820 2136 Christianorum

2115 2185 2354 2239 corpora
2384 2170 2495 2223 ritu
2535 2185 2897 2240 paganorum
2947 2169 3436 2232 custodiebantur,
3483 2174 3541 2223 et
3577 2171 3821 2224 cantasti

2114 2257 2496 2311 ibidiabolica
2545 2257 2816 2322 carmina,
2845 2262 2901 2310 et
2935 2257 3122 2310 fecisti
3172 2257 3251 2310 ibi
3300 2256 3633 2310 saltationes
3677 2272 3818 2326 quas

2113 2347 2320 2417 pagani
2349 2346 2579 2422 diabolo
2613 2346 2851 2400 docente
2902 2345 3344 2410 adinvenerunt;
3400 2351 3454 2400 et
3487 2345 3566 2398 ibi
3598 2345 3816 2410 bibisti,

2113 2440 2171 2488 et
2197 2434 2489 2488 cachinnis
2533 2450 2633 2488 ora
2687 2434 3020 2502 dissolvisti,
3055 2440 3129 2501 et,
3182 2434 3339 2488 omni
3368 2434 3581 2504 pietate
3636 2439 3693 2487 et
3733 2433 3816 2486 af-

2110 2523 2264 2577 fectu
2317 2521 2609 2577 charitatis
2638 2523 2978 2594 postposito,
3031 2521 3192 2591 quasi
3232 2523 3302 2576 de
3341 2522 3594 2576 fraterna
3635 2526 3821 2576 morte

2113 2613 2394 2666 exsultare
2442 2611 2598 2664 visus
2633 2610 2730 2665 es?
2780 2612 2837 2666 Si
2881 2611 3082 2679 fecisti,
3121 2613 3245 2665 XXX
3291 2611 3413 2665 dies
3460 2610 3520 2664 in
3558 2626 3708 2682 pane
3765 2616 3824 2664 et

2112 2715 2260 2770 aqua
2290 2699 2589 2771 pceniteas.

2705 2791 2779 2842 De
2815 2791 3211 2858 superstitione.

2183 2875 2384 2930 Fecisti
2429 2876 2780 2947 phylacteria
2832 2877 3133 2943 diabolica,
3189 2877 3275 2930 vel
3333 2880 3648 2930 caracteres
3699 2875 3818 2930 dia-

2031 2960 2070 3013 C
2111 2963 2326 3017 bolicos
2359 2981 2502 3034 quos
2534 2964 2764 3034 quidam
2809 2964 3038 3018 diabolo
3077 2964 3353 3018 suadente
3385 2963 3567 3018 facere
3608 2964 3816 3028 solent,

2106 3053 2195 3106 vel
2227 3052 2452 3120 herbas,
2483 3054 2568 3106 vel
2607 3053 2894 3119 succinos;
2929 3053 3014 3106 vel
3047 3053 3307 3123 quintam
3365 3053 3565 3106 teriam
3615 3052 3676 3105 in
3720 3051 3820 3105 ho-

2107 3156 2304 3194 norem
2363 3141 2510 3195 Jovis
2558 3142 2894 3195 honorasti?
2951 3141 3005 3196 Si
3065 3141 3248 3195 fecisti
3296 3141 3383 3194 vel
3455 3141 3813 3206 consensisti,

2104 3229 2482 3299 quadraginta
2507 3229 2626 3283 dies
2654 3231 2713 3283 in
2754 3246 2902 3300 pane
2934 3235 2989 3283 et
3020 3247 3168 3300 aqua
3192 3230 3491 3301 poeniteas.

2175 3317 2523 3386 Conspirasti
2559 3334 2686 3371 cum
2724 3318 2850 3371 aliis
2891 3317 3322 3371 insidiatoribus
3352 3323 3551 3371 contra
3597 3316 3815 3387 episco-

2103 3421 2243 3476 pum
2273 3410 2459 3471 tuum,
2493 3410 2590 3459 aut
2628 3406 2896 3460 adversus
2937 3412 3334 3476 cooperatores
3364 3422 3518 3470 suos,
3547 3405 3627 3459 ita
3687 3405 3818 3459 dico

2111 3492 2210 3565 [ut]
2246 3494 2332 3546 vel
2367 3494 2684 3547 doctrinam
2715 3495 2802 3547 vel
2834 3499 3120 3564 praecepta
3150 3494 3236 3547 tui
3264 3493 3519 3564 episcopi
3550 3495 3638 3546 vel
3681 3509 3816 3563 pre-

2107 3581 2321 3652 sbyteri
2381 3581 2651 3635 irrideres
2701 3582 2787 3636 vel
2828 3581 3248 3636 subsannares?
3297 3581 3353 3636 Si
3403 3580 3604 3646 fecisti,
3672 3597 3816 3651 qua-

2107 3669 2374 3739 draginta
2401 3669 2520 3722 dies
2550 3669 2609 3722 in
2642 3685 2792 3739 pane
2818 3674 2874 3724 ut
2903 3685 3051 3740 aqua
3082 3669 3380 3739 pmniteas.

2177 3757 2483 3813 Comedisti
2530 3756 2748 3827 aliquid
2803 3756 2871 3810 de
2922 3757 3261 3827 idolothyto,
3321 3757 3377 3810 id
3422 3760 3505 3810 est
3533 3755 3602 3810 de
3655 3756 3819 3810 obla-

2109 3845 2356 3898 tionibus
2402 3861 2531 3916 quas
2562 3845 2620 3898 in
2653 3845 2997 3916 quibusdam
3048 3845 3188 3899 locis
3225 3845 3293 3898 ad
3339 3844 3600 3915 sepulcra
3654 3860 3824 3899 mor—

2107 3938 2340 3987 tuorum
2373 3934 2537 4001 ﬁunt,
2571 3934 2659 3987 vel
2715 3934 2782 3987 ad
2816 3933 3016 3997 fontes,
3068 3939 3168 3986 aut
3199 3933 3268 3987 ad
3319 3933 3570 3999 arbores,
3610 3939 3711 3987 aut
3749 3933 3820 3988 ad

2107 4021 2347 4092 lapides,
2389 4025 2486 4075 aut
2533 4023 2601 4075 ad
2631 4021 2800 4087 bivia,
2835 4027 2934 4075 aut
2973 4022 3214 4092 portasti
3245 4022 3305 4075 in
3363 4037 3632 4092 aggerem
3671 4022 3820 4092 lapi-

2107 4111 2228 4176 des,
2287 4116 2381 4164 aut
2440 4111 2641 4180 capitis
2685 4111 2960 4180 ligaturas
3007 4110 3077 4164 ad
3123 4127 3316 4165 cruces
3371 4127 3499 4181 quae
3532 4111 3590 4164 in
3654 4111 3825 4164 biviis

2025 4239 2067 4294 Β
2106 4200 2441 4270 ponuntur?
2489 4199 2544 4254 Si
2593 4199 2793 4265 fecisti,
2846 4204 2944 4252 aut
2989 4199 3350 4253 consentiens
3397 4199 3455 4252 in
3530 4199 3825 4270 aliquhius

2107 4288 2285 4353 fuisti,
2319 4287 2555 4358 triginta
2580 4288 2700 4342 dies
2728 4288 2787 4341 in
2817 4303 2964 4358 pane
2993 4292 3050 4342 et
3087 4304 3237 4358 aqua
3279 4289 3582 4358 paeniteas.

2646 4379 2778 4431 Item
2802 4377 2868 4430 de
2895 4382 3013 4430 arte
3042 4379 3272 4444 magica.

2181 4462 2376 4518 Misisti
2449 4461 2632 4518 filium
2672 4468 2837 4517 tuum
2893 4465 2983 4518 vel
3014 4463 3192 4517 ﬁliam
3249 4477 3422 4534 super
3467 4465 3685 4517 tectum
3724 4467 3820 4517 aut

2108 4569 2281 4624 super
2310 4553 2599 4607 fornacem
2657 4568 2764 4622 pro
2822 4551 3015 4622 aliqua
3065 4551 3329 4619 sanitate,
3376 4552 3465 4606 vel
3513 4551 3816 4606 incendisti

2110 4658 2290 4714 grana
2316 4641 2414 4696 ubi
2439 4647 2700 4695 mortuus
2730 4642 2905 4695 homo
2954 4645 3096 4707 erat,
3147 4641 3236 4694 vel
3267 4641 3566 4711 cingulum
3603 4641 3814 4694 mortui

2111 4747 2214 4802 pro
2247 4731 2455 4784 damno
2486 4730 2726 4800 alicujus
2756 4732 2815 4784 in
2854 4731 3032 4784 nodos
3081 4730 3381 4800 colligasti,
3421 4730 3512 4784 vel
3574 4731 3825 4800 pectines

2111 4819 2322 4890 quibus
2362 4819 2716 4873 mulierculae
2772 4819 2962 4873 lanam
3019 4819 3339 4889 discerpere
3392 4819 3580 4872 solent
3656 4833 3829 4888 supra

2113 4909 2284 4963 funus
2315 4907 2685 4977 complosisti,
2748 4909 2835 4961 vel
2895 4908 3126 4978 quando
3167 4907 3513 4962 efferebatur
3566 4907 3744 4962 funus
3799 4921 3830 4958 e

2116 4997 2307 5065 domo,
2336 4997 2660 5066 plaustrum
2711 4996 2771 5050 in
2802 4996 2915 5050 duo
2947 4995 3227 5061 dividisti,
3269 5001 3328 5050 et
3357 4995 3531 5049 funus
3565 5011 3672 5062 per
3708 5010 3828 5051 me-

2115 5086 2269 5142 diam
2317 5084 2655 5139 divisionem
2705 5085 2948 5155 plaustri
2991 5088 3288 5155 asportare
3336 5083 3564 5138 fecisti?
3620 5083 3681 5138 Si
3741 5083 3827 5137 fe-

2117 5173 2263 5241 cisti,
2296 5178 2395 5228 aut
2424 5174 2790 5228 consentiens
2817 5172 2998 5240 fuisti,
3029 5173 3114 5227 XX
3145 5172 3266 5227 dies
3291 5171 3351 5226 in
3383 5187 3534 5242 pane
3581 5176 3640 5226 et
3681 5187 3830 5243 aqua

2118 5261 2415 5333 posniteas.

2191 5349 2391 5404 Fecisti
2426 5349 2552 5403 illas
2607 5350 2882 5405 vanitates
2911 5353 3011 5404 aut
3065 5348 3403 5404 consensisti
3454 5363 3598 5420 quas
3642 5349 3830 5403 stulte

2119 5438 2390 5492 mulieres
2417 5439 2600 5494 facere
2644 5439 2849 5506 solent,
2896 5436 3088 5510 [qua3,]
3147 5438 3285 5493 dum
3323 5437 3564 5492 cadaver
3611 5439 3830 5492 mortui

2120 5525 2372 5580 hominis
2402 5526 2588 5582 adhuc
2607 5526 2671 5583 in
2698 5527 2868 5582 domo
2891 5526 3058 5597 jacet,
3090 5529 3330 5582 currunt
3375 5526 3444 5581 ad
3487 5541 3725 5597 aquam,
3770 5531 3829 5579 et
