4014 6200
220 300 324 350 965

1055 293 1525 349 DECRETORUM
1572 293 1755 347 LIBRI
1795 292 1895 345 ΧΧ.
1942 321 1988 329 -
2050 292 2259 346 LIBER
2299 290 2599 345 DECIMUS
2637 288 2886 343 NONUS.

3631 294 3731 343 966

220 421 515 476 adducunt
552 417 720 473 tacite
762 432 856 471 vas
890 433 1021 471 cum
1063 433 1229 487 aqua,
1278 422 1353 482 et,
1406 433 1536 471 cum
1568 417 1911 471 sublevatur.
1945 417 1992 469 Α
2030 419 2086 468 et
2131 430 2304 468 uxore
2348 418 2446 467 tua
2466 413 2785 482 ignorante,
2813 413 3049 466 intravit
3088 429 3251 465 soror
3282 414 3475 467 uxoris
3506 419 3641 480 tum,
3679 419 3735 467 et

225 522 437 575 corpus
477 504 711 567 mortui,
756 502 1014 556 eamdem
1054 518 1260 572 aquam
1280 502 1532 555 fundunt
1552 502 1751 555 subtus
1776 501 1924 554 fere-

216 600 392 659 trum,
426 598 482 645 et
512 594 616 645 hoc
648 591 969 655 observant,
1014 590 1151 643 dum
1183 595 1336 643 extra
1369 590 1605 643 domum
1640 594 1903 657 asporta—

218 688 315 737 tur
344 683 539 747 funus,
585 678 692 752 [ut]
718 696 832 732 non
859 679 1027 732 altius
1057 694 1229 749 quam
1263 678 1331 732 ad
1354 694 1541 747 genua
1562 678 1834 741 elevetur,
1859 681 1913 730 et

224 772 336 825 hoc
391 770 607 823 faciunt
661 785 765 838 pro
822 768 1069 838 quadam
1126 767 1412 821 sanitate?
1468 767 1525 821 Si
1567 766 1767 833 fecisti,
1830 771 1929 819 aut

222 856 586 924 consensisti,
620 858 660 910 Χ
704 856 824 910 dies
860 856 920 909 in
954 872 1101 927 pane
1141 860 1198 909 et
1238 872 1387 925 aqua
1426 855 1595 908 debes
1624 854 1923 924 poenitere-

299 945 503 1000 Fecisti
544 950 647 998 aut
694 945 1029 998 consensisti
1070 945 1224 1015 quod
1276 943 1511 1014 quidam
1560 943 1776 997 faciunt
1823 944 1927 997 ho-

224 1034 370 1089 mini
404 1033 612 1099 occiso,
641 1049 771 1087 cum
806 1033 1123 1104 sepelitur?
1166 1034 1312 1086 Dant
1358 1032 1411 1086 ei
1443 1032 1503 1085 in
1549 1048 1784 1085 manum
1816 1048 1931 1085 un—

227 1126 509 1193 guentum
541 1122 852 1192 quoddam,
888 1122 1048 1191 quasi
1080 1122 1180 1175 illo
1213 1126 1504 1191 unguento
1530 1126 1658 1191 post
1688 1126 1929 1174 mortem

229 1213 439 1265 vulnus
472 1211 660 1263 sanari
686 1210 883 1280 possit,
918 1215 975 1264 et
1007 1213 1087 1264 sic
1130 1226 1258 1263 cum
1296 1215 1591 1278 unguento
1620 1210 1922 1280 sepeliunt.

231 1300 291 1354 Si
323 1299 527 1365 fecisti,
555 1299 650 1354 XX
681 1299 801 1353 dies
827 1300 886 1353 in
906 1316 1052 1369 pane
1083 1304 1139 1352 et
1168 1315 1317 1369 aqua
1348 1298 1644 1367 paeniteas.

302 1388 504 1441 Fecisti
535 1387 753 1457 aliquid
788 1388 872 1440 vel
903 1388 1092 1441 dixisti
1127 1387 1188 1440 in
1209 1404 1549 1457 quocunque
1579 1402 1750 1456 opere
1778 1386 1931 1456 quod

228 1474 513 1530 inchoasti
572 1492 675 1545 per
732 1476 1061 1546 sortilegam
1110 1476 1198 1528 vel
1248 1476 1527 1544 magicam
1577 1479 1783 1544 artem,
1823 1474 1934 1527 nisi

234 1564 334 1616 Dei
366 1580 576 1617 nomen
608 1564 882 1617 invocasti
927 1564 1038 1618 ?Si
1076 1563 1276 1630 fecisti,
1328 1564 1370 1618 X
1420 1564 1541 1617 dies
1599 1563 1657 1615 in
1705 1579 1850 1633 pane
1878 1568 1935 1616 et

230 1668 383 1722 aqua
418 1652 588 1705 debes
618 1653 912 1721 paznitere.

305 1740 506 1793 Fecisti
538 1739 750 1810 aliquid
784 1741 892 1793 tale
920 1739 1088 1809 quale
1120 1738 1333 1808 pagani
1381 1738 1641 1792 fecerunt
1661 1743 1715 1792 et
1748 1739 1932 1792 adhuc

228 1830 451 1883 faciunt
482 1829 540 1881 in
583 1828 822 1881 Kalend.
872 1827 1148 1891 Januarii,
1192 1826 1251 1879 in
1295 1828 1539 1892 cervulo,
1587 1826 1671 1877 vel
1728 1826 1787 1879 in
1841 1841 1932 1878 ve-

233 1917 413 1987 gula?
441 1917 497 1971 Si
529 1916 727 1983 fecisti,
794 1916 1029 1985 triginta
1073 1914 1193 1968 dies
1224 1914 1282 1966 in
1341 1930 1486 1983 pane
1533 1918 1588 1966 et
1625 1930 1774 1983 aqua
1820 1929 1937 1982 poe-

237 2006 443 2059 niteas.

312 2092 613 2147 Detraxisti
643 2093 729 2146 vel
763 2090 1107 2145 maledixisti
1151 2089 1317 2143 alicui
1362 2105 1531 2142 causa
1581 2090 1847 2143 invidiae?
1879 2088 1936 2141 Si

228 2181 441 2247 fecisti,
499 2186 717 2250 septem
771 2180 889 2233 dies
941 2179 1000 2231 in
1054 2194 1200 2248 pane
1262 2182 1319 2231 et
1376 2194 1523 2247 aqua
1575 2177 1747 2231 debes
1816 2193 1934 2248 pae-

235 2268 449 2323 nitere.

309 2356 514 2409 Fecisti
563 2355 718 2426 quod
770 2356 966 2425 plures
1016 2354 1269 2409 faciunt?
1308 2355 1555 2425 Scopant
1610 2355 1797 2408 locum
1840 2354 1938 2407 ubi

231 2446 425 2499 facere
455 2445 641 2498 solent
672 2445 863 2513 ignem
896 2444 952 2496 in
985 2445 1157 2497 domo
1209 2460 1326 2506 sua,
1372 2449 1427 2496 et
1478 2443 1714 2496 mittunt
1760 2459 1938 2513 grana

239 2533 445 2587 hordei
479 2533 661 2586 adhuc
692 2534 814 2585 loco
833 2532 1017 2585 calido
1052 2547 1064 2584 :
1095 2537 1166 2595 et,
1205 2532 1251 2584 si
1281 2531 1537 2584 salierint
1559 2547 1756 2600 grana,
1787 2532 1938 2600 peri-

242 2623 506 2676 culosum
565 2622 700 2687 erit;
753 2622 799 2674 si
849 2626 1038 2674 autem
1094 2620 1173 2673 ibi
1217 2621 1659 2690 permanserint,
1722 2621 1939 2674 bonum

238 2713 371 2766 erit.
407 2711 465 2765 Si
499 2710 699 2776 fecisti,
758 2713 954 2765 decem
1007 2710 1128 2763 dies
1175 2709 1235 2763 in
1289 2726 1437 2780 pane
1489 2714 1544 2762 et
1584 2725 1732 2779 aqua
1762 2710 1940 2780 pceni-

245 2801 388 2850 teas.

316 2882 517 2937 Fecisti
548 2882 701 2953 quod
732 2882 967 2952 quidam
999 2881 1232 2949 faciunt,
1256 2882 1392 2935 dum
1426 2880 1659 2935 visitant
1689 2882 1942 2952 aliquem

240 2971 588 3024 inﬁrmum:
642 2986 771 3024 cum
819 2970 1409 3040 appropinquaverint
1456 2970 1652 3023 domui
1702 2970 1798 3023 ubi
1851 2970 1936 3023 in-
1974 2973 2013 3026 C

242 3058 447 3112 ﬁrmus
472 3058 781 3124 decumbit,
817 3059 863 3111 si
895 3058 1219 3112 invenerint
1242 3058 1492 3128 aliquem
1515 3058 1943 3128 lapidemjuxta

238 3149 545 3218 jacentem,
597 3148 899 3200 revolvunt
944 3146 1216 3216 lapidem,
1267 3151 1323 3199 et
1364 3146 1669 3216 requirunt
1713 3146 1772 3199 in
1818 3148 1941 3200 loco

244 3234 347 3288 ubi
371 3234 596 3304 jacebat
624 3233 790 3303 lapis,
819 3234 865 3286 si
892 3233 971 3287 ibi
1002 3233 1071 3286 sit
1102 3233 1317 3303 aliquid
1351 3233 1548 3286 subtus
1578 3234 1730 3303 quod
1770 3234 1941 3299 vivat,

244 3326 302 3376 et
352 3322 398 3373 si
447 3321 777 3374 invenerint
836 3321 917 3373 ibi
964 3320 1270 3387 lubricum,
1341 3326 1440 3373 aut
1504 3337 1779 3383 muscam,
1847 3326 1945 3375 aut

240 3410 567 3474 formicam,
600 3413 700 3462 aut
742 3408 959 3479 aliquid
1009 3408 1163 3478 quod
1207 3425 1266 3462 se
1307 3415 1553 3473 moveat,
1608 3416 1745 3463 tunc
1782 3410 1941 3463 affir-

244 3502 410 3551 mant
467 3502 749 3567 aegrotum
804 3498 1216 3550 convalescere.
1280 3497 1337 3550 Si
1392 3504 1583 3550 autem
1665 3498 1807 3551 nihil
1862 3498 1943 3551 ibi

241 3586 571 3640 invenerint
600 3585 751 3655 quod
784 3601 843 3639 se
889 3584 1373 3649 moveatrdicunt
1402 3601 1526 3638 esse
1576 3586 1940 3641 moriturum.

240 3674 299 3728 Si
334 3673 535 3737 fecisti,
561 3679 658 3727 aut
688 3673 997 3741 credidisti,
1032 3673 1239 3743 viginti
1276 3672 1396 3727 dies
1433 3673 1494 3726 in
1524 3689 1671 3742 pane
1707 3679 1764 3727 et
1795 3691 1945 3744 aqua

240 3762 541 3832 pceniteas.

316 3848 518 3904 Fecisti
544 3848 795 3919 pueriles
821 3865 984 3901 arcus
1012 3849 1302 3918 parvulos,
1336 3853 1392 3902 et
1439 3864 1751 3918 puerorum
1789 3853 1944 3902 sutu-

239 3935 408 4001 ralia,
460 3941 517 3988 et
565 3936 854 4005 projecisti
904 3936 1020 3988 sive
1087 3936 1147 3988 in
1194 3936 1491 3989 cellarium
1540 3936 1662 3989 sive
1711 3937 1770 3989 in
1816 3937 1944 3990 hor-

241 4039 411 4078 reum
441 4028 625 4090 tuum,
660 4030 722 4078 ut
746 4024 921 4094 satyri
950 4025 1038 4077 vel
1078 4024 1247 4094 pilosi
1289 4041 1419 4078 cum
1467 4026 1549 4079 eis
1582 4025 1661 4079 ibi
1684 4026 1943 4095 jocaren-

243 4115 358 4164 tnr.
407 4116 470 4165 ut
512 4112 617 4165 tibi
670 4112 914 4166 aliorum
982 4113 1132 4166 bona
1183 4119 1628 4183 comportarent,
1687 4120 1743 4167 et
1806 4114 1941 4168 inde

244 4199 422 4253 ditior
451 4198 656 4254 ﬁeres?
706 4200 763 4254 Si
818 4200 1020 4267 fecisti,
1051 4202 1092 4255 X
1126 4200 1245 4255 dies
1291 4203 1350 4254 in
1381 4218 1527 4271 pane
1553 4207 1608 4255 et
1639 4219 1788 4272 aqua
1816 4219 1941 4273 po:-

240 4288 447 4342 niieas.

318 4375 520 4429 Fecisti
555 4375 710 4446 quod
741 4376 972 4446 quidam
1004 4375 1221 4429 faciunt
1270 4376 1330 4429 in
1370 4376 1633 4431 Kalendis
1663 4378 1939 4443 Januarii,

240 4462 303 4515 id
364 4467 452 4516 est
495 4464 555 4516 in
613 4469 807 4517 octava
870 4463 1087 4517 Natalis
1144 4464 1410 4519 Domini?
1467 4464 1575 4528 Qui
1630 4481 1697 4519 ea
1749 4470 1943 4519 sancta

236 4555 412 4605 nocte
441 4551 624 4617 ﬁlant,
667 4556 824 4615 nent,
874 4557 1179 4618 consuunt,
1232 4569 1430 4606 omnes
1470 4570 1613 4622 opus
1644 4555 1940 4624 quodcun-

237 4655 354 4710 que
384 4637 635 4710 incipere
667 4645 924 4709 possunt.
950 4641 1177 4694 diabolo
1206 4640 1538 4711 instigante,
1565 4648 1799 4711 propter
1830 4660 1905 4697 no
1926 4673 1943 4683 -

241 4743 381 4780 vum
411 4744 624 4781 annum
690 4728 1008 4799 incipiunt?
1050 4729 1107 4782 Si
1135 4729 1338 4796 fecisti,
1394 4730 1773 4800 quadraginta
1823 4731 1943 4785 dies

239 4816 304 4869 in
334 4832 482 4885 pane
509 4822 564 4870 et
595 4834 739 4887 aqua
775 4817 1075 4887 pceniteas.

814 4908 943 4959 Item
971 4906 1037 4959 de
1065 4905 1353 4960 adulterio.

319 4992 690 5048 Concubuisti
746 5010 874 5047 cum
925 5010 1119 5047 sorore
1178 4996 1374 5047 uxoris
1421 4994 1576 5048 tuas?
1626 4994 1681 5049 Si
1736 4995 1939 5063 fecisti,

241 5086 511 5135 neutram
544 5082 772 5135 habeas.
832 5083 896 5135 Et
934 5082 980 5134 si
1010 5083 1109 5135 illa
1157 5098 1285 5152 qua:
1312 5099 1454 5135 uxor
1482 5088 1577 5135 tua
1627 5083 1754 5150 fuit,
1802 5100 1942 5137 con-

242 5169 359 5221 scia
393 5168 619 5221 sceleris
649 5185 768 5223 non
798 5168 925 5237 fuit,
961 5169 1008 5222 si
1037 5186 1093 5223 se
1121 5170 1415 5223 continere
1447 5187 1563 5224 non
1595 5172 1733 5237 vult,
1766 5172 1942 5225 nubat

242 5256 303 5309 in
336 5256 577 5309 Domino
603 5257 693 5309 cui
740 5258 894 5311 velit.
946 5259 1028 5311 Tu
1061 5262 1253 5311 autem
1307 5264 1362 5311 et
1392 5258 1648 5312 adultera
1680 5262 1801 5313 sine
1842 5276 1940 5329 spe

242 5344 499 5413 conjugii
566 5346 971 5414 permaneatis,
1062 5350 1135 5413 et,
1187 5346 1443 5416 quandiu
1500 5346 1720 5414 vivatis,
1764 5348 1941 5418 ,juxta

244 5438 533 5502 praecepta
564 5435 894 5500 sacerdotis,
926 5435 1321 5504 paenitentiam
1354 5436 1520 5505 agite.

319 5518 376 5573 Si
406 5521 639 5576 absente
670 5539 843 5577 uxore
874 5528 972 5578 tua
1010 5524 1070 5577 in
1098 5524 1308 5578 lectum
1349 5528 1534 5588 tuum,
1568 5529 1625 5579 te
1652 5524 1939 5580 nesciente

2034 508 2095 556 tu
2146 502 2360 573 putasti
2431 518 2556 555 eam
2618 518 2853 554 uxorem
2888 506 3043 555 tuam
3089 517 3230 565 esse,
3280 506 3334 554 et
3382 502 3737 556 concubuisti

2035 608 2166 645 cum
2214 608 2300 657 ea,
2359 591 2407 644 si
2466 590 2667 655 fecisti,
2730 590 3065 659 poenitentia
3122 594 3369 659 peracta,
3411 590 3735 659 legitimum

2032 682 2196 733 tuum
2226 677 2562 748 conjugium
2587 677 2795 730 habere
2819 678 3055 745 poteris.
3082 678 3176 730 llla
3221 683 3415 732 autem
3456 680 3733 745 adultera,

2034 767 2206 837 digna
2237 766 2486 820 vindicta
2519 764 2686 819 debet
2713 766 2916 835 afﬂigi,
2950 771 3006 817 et
3051 765 3107 818 in
3149 771 3431 819 aeternum
3467 767 3735 838 conjugio

2038 854 2267 926 privari,
2901 903 2905 907 .

2589 943 2719 995 Item
2741 940 2805 993 de
2822 943 3203 1006 fornicatione.

2111 1029 2311 1083 Fecisti
2361 1028 2793 1081 fornicationem
2842 1045 2968 1081 cum
3030 1029 3254 1082 duabus
3302 1030 3613 1097 sororibus,
3675 1036 3733 1085 et

2039 1134 2201 1173 soror
2230 1132 2483 1171 sororem
2515 1133 2547 1170 a
2578 1123 2632 1169 te
2662 1122 2976 1186 stupratam
3007 1134 3119 1170 non
3146 1118 3523 1187 intellexerat,
3575 1126 3632 1174 et
3672 1125 3735 1175 tu

2038 1205 2435 1276 posteriorem,
2484 1221 2741 1258 sororem
2791 1205 2995 1274 prioris
3052 1221 3173 1258 esse
3207 1206 3525 1275 ignorasti?
3558 1208 3615 1261 Si
3660 1208 3736 1261 fe-

2040 1296 2185 1360 cisti,
2222 1300 2440 1365 septem
2472 1310 2651 1348 annos
2680 1309 2783 1364 per
2826 1293 3111 1364 legitimas
3141 1294 3308 1347 ferias
3347 1295 3519 1349 debes
3548 1296 3735 1365 poeni-

2041 1390 2181 1445 tere,
2236 1388 2291 1437 et
2316 1388 2441 1453 post
2471 1388 2635 1452 potes
2665 1383 2750 1435 uti
2790 1382 3049 1452 legitimo
3098 1383 3387 1452 conjugio.
3426 1386 3487 1437 Et
3516 1384 3632 1438 illae
3659 1400 3742 1438 εο-

2043 1487 2218 1537 rores,
2254 1471 2299 1523 si
2339 1472 2509 1540 digne
2558 1471 2952 1540 pcenituerint,
3001 1475 3057 1523 et
3096 1471 3141 1523 si
3176 1488 3234 1523 se
3280 1472 3573 1526 continere
3622 1490 3739 1527 non

2044 1558 2347 1621 valuerint,
2374 1558 2596 1611 nubant
2622 1558 2680 1610 in
2734 1557 2995 1611 Domino.
3030 1557 3084 1610 Si
3114 1564 3304 1611 autem
3349 1574 3465 1611 non
3507 1560 3739 1630 ignora~

2044 1651 2267 1712 verunt,
2302 1661 2481 1715 usque
2512 1646 2581 1699 ad
2607 1649 2849 1699 mortem
2874 1645 3206 1715 poeniteant,
3237 1652 3294 1699 et
3322 1663 3380 1700 se
3408 1664 3441 1699 a
3470 1649 3739 1719 conjugio

2045 1736 2382 1789 abstineant.

2116 1823 2317 1877 Fecisti
2410 1822 2847 1876 fornicationem
2920 1839 3047 1877 cum
3116 1823 3311 1893 aliqua
3385 1824 3617 1891 femina,
3688 1830 3743 1879 et

2044 1911 2219 1964 frater
2272 1916 2403 1964 tuus
2448 1916 2505 1963 te
2558 1911 2769 1964 sciente
2823 1912 3083 1965 eamdem
3142 1912 3304 1966 duxit
3345 1914 3625 1968 uxorem?
3686 1915 3741 1969 Si

2046 1998 2244 2063 fecisti,
2296 2014 2363 2051 eo
2416 1998 2573 2068 quod
2638 1999 2875 2052 fratrem
2921 2004 3083 2053 tuum
3124 2000 3339 2053 crimen
3389 2002 3602 2069 celasti,
3655 2021 3741 2057 se-

2048 2091 2205 2156 ptem
2258 2102 2438 2139 annos
2478 2102 2582 2155 per
2619 2086 2906 2155 legitimas
2964 2087 3132 2140 ferias
3182 2089 3479 2157 paeniteas,
3511 2096 3570 2144 et
3615 2096 3740 2160 post

2046 2176 2466 2245 pcenitentiam,
2519 2179 2583 2228 tu
2624 2180 2680 2228 et
2717 2175 2894 2228 frater
2940 2192 3143 2229 uxores
3196 2177 3452 2246 accipere
3503 2181 3736 2247 potestis

2047 2269 2268 2317 tantum
2299 2264 2359 2317 in
2392 2263 2652 2317 Domino.
2687 2264 2887 2317 Mulier
2919 2268 3109 2315 autem
3140 2279 3322 2333 usque
3370 2265 3442 2318 ad
3487 2272 3739 2319 mortem

2047 2353 2341 2421 pmniteat,
2368 2358 2425 2404 et
2454 2352 2574 2404 sine
2607 2368 2706 2420 spe
2737 2351 2991 2422 conjugii
3022 2356 3374 2421 permaneat.

2121 2440 2319 2493 Fecisti
2350 2439 2786 2493 fornicationem
2816 2455 2946 2492 cum
2981 2440 3217 2492 tiliastra
3266 2442 3401 2494 tua?
3434 2440 3490 2495 Si
3534 2442 3740 2511 fecisti,

2050 2544 2153 2582 nec
2203 2533 2440 2581 matrem
2493 2544 2595 2581 nec
2640 2527 2818 2581 filiam
2860 2528 3071 2598 poteris
3121 2528 3354 2596 habere,
3406 2546 3510 2582 nec
3539 2535 3599 2584 tu
3630 2548 3742 2600 po—

2049 2617 2187 2669 teris
2215 2632 2448 2668 uxorem
2491 2614 2768 2685 accipere,
2820 2633 2924 2669 nec
2963 2616 3059 2669 illa
3089 2617 3382 2684 maritum,
3434 2619 3531 2672 sed
3566 2636 3743 2691 usque

2050 2705 2119 2759 ad
2174 2711 2419 2757 mortem
2458 2704 2741 2773 paenitere
2801 2705 3039 2757 debetis.
3098 2706 3243 2759 Uxor
3290 2712 3481 2760 autem
3527 2714 3643 2775 tua,
3697 2710 3744 2761 si

1984 2786 1995 2795 ’
2049 2797 2353 2862 postquam
2395 2793 2661 2861 cognovit
2700 2794 2855 2863 quod
2905 2809 3034 2846 cum
3082 2792 3200 2847 ﬁlia
3250 2811 3351 2847 sua
3398 2796 3744 2851 adulterium

2048 2885 2443 2950 perpetratum
2481 2881 2750 2947 habuisti,
2803 2886 2993 2934 tecum
3038 2897 3151 2934 non
3184 2883 3510 2951 concubuit,
3564 2885 3744 2939 nubat

2049 2968 2110 3022 in
2142 2968 2412 3034 Domino,
2443 2969 2488 3020 si
2521 2968 2782 3022 voluerit.

2126 3057 2331 3111 Fecisti
2361 3057 2799 3111 fornicationem
2834 3073 2962 3111 cum
3013 3074 3253 3111 noverca
3283 3061 3420 3113 tua?
3449 3061 3506 3115 Si
3539 3061 3740 3129 fecisti,

2052 3162 2240 3216 neque
2272 3152 2330 3198 tu
2363 3162 2547 3216 neque
2596 3146 2719 3216 ipsa
2765 3147 3005 3199 ulterius
3052 3148 3122 3199 ad
3167 3149 3503 3217 conjugium
3552 3167 3747 3219 perve-

2051 3235 2176 3288 nire
2228 3235 2480 3304 potestis.
2534 3235 2702 3288 Pater
2741 3239 2935 3289 autem
2987 3240 3143 3299 tuus,
3193 3236 3238 3288 si
3275 3238 3539 3305 voluerit,
3574 3239 3744 3293 aliam

2051 3323 2306 3392 accipere
2328 3328 2535 3392 potest‘

2124 3411 2327 3464 Fecisti
2373 3410 2813 3464 fornicationem
2866 3427 2997 3465 cum
3047 3428 3222 3465 uxore
3273 3412 3466 3466 fratris
3517 3413 3646 3467 tui?
3689 3414 3747 3468 Si

2051 3498 2252 3563 fecisti,
2286 3499 2564 3567 pamitere
2597 3499 2840 3563 debetis,
2881 3505 2940 3551 tu
2987 3504 3043 3551 et
3075 3501 3198 3569 ipsa
3248 3516 3428 3569 usque
3475 3502 3544 3554 ad
3591 3518 3745 3556 mor-

2053 3590 2188 3650 tem,
2217 3590 2274 3639 et
2307 3585 2429 3638 sine
2460 3601 2559 3654 spe
2586 3586 2839 3654 conjugii
2887 3602 3245 3655 permanere.
3299 3590 3492 3641 Frater
3555 3596 3746 3644 autem

2053 3678 2201 3735 tuus,
2235 3673 2282 3725 si
2311 3674 2449 3737 vult,
2482 3672 2650 3725 aliam
2673 3673 2927 3742 accipiat.

2124 3760 2326 3815 Fecisti
2378 3759 2814 3814 fornicationem
2886 3777 3015 3813 cum
3071 3778 3281 3831 sponsa
3344 3763 3449 3816 filii
3516 3764 3619 3830 tui,
3690 3770 3746 3819 et

2050 3853 2247 3919 postea
2285 3848 2438 3902 ﬁlius
2467 3853 2599 3901 tuus
2629 3849 2791 3902 duxit
2820 3866 2946 3902 eam
3005 3851 3283 3904 uxorem?
3316 3852 3373 3905 Si
3419 3853 3620 3918 fecisti,
3674 3870 3742 3907 eo

2052 3937 2205 4008 quod
2242 3938 2457 3990 crimen
2489 3936 2682 3989 celasti
2716 3936 2900 3990 ﬁlium
2940 3942 3127 4003 tuum,
3162 3954 3341 4008 usque
3377 3940 3448 3993 ad
3504 3947 3745 3996 mortem

2052 4026 2351 4095 pazniteas,
2402 4031 2461 4078 et
2518 4025 2641 4077 sine
2706 4041 2805 4094 spe
2861 4026 3116 4096 conjugii
3168 4031 3749 4095 permaneas._Filius

2054 4121 2243 4168 autem
2274 4118 2425 4178 tuus,
2459 4130 2526 4166 eo
2579 4114 2729 4183 quod
2777 4116 3079 4185 ignorabat
3136 4122 3430 4186 peccatum
3490 4122 3749 4187 tuum,si

2053 4204 2192 4270 vult,
2227 4204 2399 4256 aliam
2426 4202 2687 4272 accipiat.
2723 4203 2824 4256 llla
2856 4210 3068 4271 autem,
3105 4206 3440 4274 pamitentia
3492 4215 3746 4278 peracta,

2052 4292 2173 4344 sine
2206 4307 2304 4361 spe
2333 4291 2583 4361 conjugii
2613 4297 2964 4361 permaneat.
3609 4348 3613 4351 Α

2126 4379 2328 4433 Fecisti
2381 4379 2817 4434 fornicationem
2862 4397 2993 4436 cum
3043 4388 3226 4436 matre
3276 4384 3412 4437 tua?
3456 4384 3515 4439 Si
3542 4384 3749 4453 fecisti,

2050 4470 2134 4522 XV
2164 4484 2344 4522 annos
2372 4484 2475 4538 per
2518 4468 2801 4539 legitimas
2849 4470 3019 4524 ferias
3072 4473 3392 4541 poeniteas:
3445 4489 3628 4527 unum
3671 4474 3752 4545 ζει

2051 4556 2141 4610 his
2172 4556 2229 4609 in
2270 4573 2416 4625 pane
2450 4561 2506 4610 et
2536 4574 2702 4627 aqua,
2734 4562 2787 4612 et
2817 4559 3032 4630 absque
3066 4577 3166 4630 spe
3212 4562 3471 4631 conjugii
3520 4579 3748 4633 perma-

2051 4660 2206 4711 neas,
2240 4650 2295 4698 et
2326 4662 2625 4715 nunquam
2655 4647 2732 4699 sis
2772 4647 2894 4700 sine
2942 4650 3300 4717 ptenitentia.
3356 4652 3528 4704 Mater
3556 4658 3749 4705 autem

2050 4737 2169 4799 tua,
2204 4734 2250 4785 si
2298 4735 2658 4787 consentiens
2699 4751 2814 4788 non
2866 4734 2992 4801 fuit,
3036 4736 3196 4805 juxta
3232 4738 3535 4792 arbitrium
3567 4756 3749 4794 sacer-

2051 4821 2198 4875 dotis
2230 4822 2504 4892 poeniteat
2538 4838 2550 4875 :
2581 4826 2637 4875 et
2664 4822 2713 4876 si
2742 4838 2800 4875 se
2827 4824 3119 4878 continere
3148 4841 3264 4879 non
3296 4827 3435 4892 vult,
3471 4827 3648 4881 nubat
3690 4828 3750 4881 in

2053 4910 2316 4963 Domino.

2122 4997 2322 5051 Fecisti
2357 4997 2795 5053 fornicationem
2842 5015 2976 5054 cum
3027 5006 3282 5055 comatre
3329 5004 3469 5056 tua?
3515 5002 3573 5057 Si
3618 5003 3751 5057 feci-

2051 5084 2141 5149 sti,
2187 5085 2439 5155 separari
2489 5085 2663 5139 debes
2706 5086 2775 5140 ab
2829 5104 2915 5154 ea,
2966 5092 3023 5142 et
3070 5088 3450 5159 quadraginta
3499 5091 3639 5157 dies,
3691 5092 3750 5146 id

2050 5176 2133 5225 est
2163 5172 2436 5240 carinam,
2471 5173 2530 5227 in
2571 5191 2719 5243 pane
2763 5180 2818 5229 et
2865 5192 3034 5245 aqua,
3083 5193 3214 5230 cum
3259 5182 3477 5247 septem
3505 5194 3752 5249 sequen-

2050 5261 2203 5313 tibus
2235 5262 2400 5314 annis
2432 5262 2725 5332 poenitere.
3350 5268 3360 5275 ’

2124 5349 2325 5402 Fecisti
2373 5350 2805 5404 fornicationem
2864 5368 2993 5405 cum
3063 5352 3241 5407 ﬁliola
3304 5358 3403 5408 tua
3464 5356 3751 5425 spirituali

2051 5453 2223 5507 quam
2264 5437 2333 5491 de
2378 5438 2532 5492 fonte
2588 5440 2905 5510 suscepisti,
2969 5446 3065 5494 aut
3120 5444 3188 5496 ad
3244 5460 3446 5498 manus
3499 5444 3751 5515 episcopi

2050 5525 2321 5580 tenuisti?
2354 5526 2409 5581 Si
2438 5527 2641 5595 fecisti,
2670 5530 2921 5599 separari
2972 5530 3144 5585 debes
3173 5531 3242 5585 ab
3290 5548 3377 5599 ea,
3413 5538 3469 5587 et
3494 5534 3576 5587 XL
3604 5533 3746 5597 dies,
