  <div class='ocr_page' id='page_1' title='image "/cluster/home/n/w/nwhite01/storage/ocr_20150623/140/hvd.32044054760004/489.png"; bbox 0 0 4010 6192; ppageno 0'>
   <div class='ocr_carea' id='block_1_1' title="bbox 287 267 3788 348">
    <p class='ocr_par' dir='ltr' id='par_1_1' title="bbox 287 267 3788 348">
     <span class='ocr_line' id='line_1_1' title="bbox 287 267 3788 348; baseline -0.003 0"><span class='ocrx_word' id='word_1_1' title='bbox 287 297 386 348; x_wconf 84' lang='lat'>967</span> <span class='ocrx_word' id='word_1_2' title='bbox 1363 267 1768 344; x_wconf 56' lang='lat' dir='ltr'><strong>suaenam)!</strong></span> <span class='ocrx_word' id='word_1_3' title='bbox 1810 285 2354 344; x_wconf 56' lang='lat' dir='ltr'><strong>woauacmnsrs</strong></span> <span class='ocrx_word' id='word_1_4' title='bbox 2392 285 2725 341; x_wconf 85' lang='lat' dir='ltr'><strong>EPISCOPI.</strong></span> <span class='ocrx_word' id='word_1_5' title='bbox 3689 287 3788 338; x_wconf 82' lang='lat'><strong>968</strong></span> 
     </span>
    </p>
   </div>
   <div class='ocr_carea' id='block_1_2' title="bbox 285 410 3792 489">
    <p class='ocr_par' dir='ltr' id='par_1_2' title="bbox 285 410 3792 489">
     <span class='ocr_line' id='line_1_2' title="bbox 285 410 3792 489; baseline -0.002 -17"><span class='ocrx_word' id='word_1_6' title='bbox 285 419 438 489; x_wconf 91' lang='lat' dir='ltr'><strong>quod</strong></span> <span class='ocrx_word' id='word_1_7' title='bbox 466 416 719 470; x_wconf 87' lang='lat' dir='ltr'><strong>carinam</strong></span> <span class='ocrx_word' id='word_1_8' title='bbox 760 419 982 479; x_wconf 86' lang='lat' dir='ltr'><strong>vocant,</strong></span> <span class='ocrx_word' id='word_1_9' title='bbox 1015 429 1143 466; x_wconf 90' lang='lat' dir='ltr'><strong>cum</strong></span> <span class='ocrx_word' id='word_1_10' title='bbox 1177 416 1395 482; x_wconf 82' lang='lat' dir='ltr'><strong>septem</strong></span> <span class='ocrx_word' id='word_1_11' title='bbox 1427 412 1795 482; x_wconf 86' lang='lat' dir='ltr'><strong>sequentibus</strong></span> <span class='ocrx_word' id='word_1_12' title='bbox 1824 413 1990 466; x_wconf 89' lang='lat' dir='ltr'><strong>annis</strong></span> <span class='ocrx_word' id='word_1_13' title='bbox 2015 418 2060 468; x_wconf 82' lang='lat' dir='ltr'><strong>A</strong></span> <span class='ocrx_word' id='word_1_14' title='bbox 2101 413 2273 467; x_wconf 83' lang='lat' dir='ltr'><strong>fratre</strong></span> <span class='ocrx_word' id='word_1_15' title='bbox 2303 423 2402 466; x_wconf 91' lang='lat' dir='ltr'><strong>tuo</strong></span> <span class='ocrx_word' id='word_1_16' title='bbox 2430 410 2644 466; x_wconf 84' lang='lat' dir='ltr'><strong>carnali</strong></span> <span class='ocrx_word' id='word_1_17' title='bbox 2681 410 2838 464; x_wconf 89' lang='lat' dir='ltr'><strong>idem</strong></span> <span class='ocrx_word' id='word_1_18' title='bbox 2885 410 3070 464; x_wconf 89' lang='lat' dir='ltr'><strong>scelus</strong></span> <span class='ocrx_word' id='word_1_19' title='bbox 3101 411 3464 480; x_wconf 88' lang='lat' dir='ltr'><strong>perpetrasti,</strong></span> <span class='ocrx_word' id='word_1_20' title='bbox 3497 412 3587 465; x_wconf 80' lang='lat' dir='ltr'><strong>XV</strong></span> <span class='ocrx_word' id='word_1_21' title='bbox 3618 427 3792 465; x_wconf 87' lang='lat' dir='ltr'><strong>annos</strong></span> 
     </span>
    </p>
   </div>
   <div class='ocr_carea' id='block_1_3' title="bbox 285 505 585 576">
    <p class='ocr_par' dir='ltr' id='par_1_3' title="bbox 285 505 585 576">
     <span class='ocr_line' id='line_1_3' title="bbox 285 505 585 576; baseline -0.007 -16"><span class='ocrx_word' id='word_1_22' title='bbox 285 505 585 576; x_wconf 76' lang='lat' dir='ltr'><strong>poenitere.</strong></span> 
     </span>
    </p>
   </div>
   <div class='ocr_carea' id='block_1_4' title="bbox 818 589 1446 658">
    <p class='ocr_par' dir='ltr' id='par_1_4' title="bbox 818 589 1446 658">
     <span class='ocr_line' id='line_1_4' title="bbox 818 589 1446 658; baseline -0.005 -13"><span class='ocrx_word' id='word_1_23' title='bbox 818 595 892 646; x_wconf 85' lang='lat' dir='ltr'><strong>De</strong></span> <span class='ocrx_word' id='word_1_24' title='bbox 915 589 1146 644; x_wconf 76' lang='lat' dir='ltr'><strong>discidio</strong></span> <span class='ocrx_word' id='word_1_25' title='bbox 1180 589 1446 658; x_wconf 79' lang='lat' dir='ltr'><strong>conjugii.</strong></span> 
     </span>
    </p>
   </div>
   <div class='ocr_carea' id='block_1_5' title="bbox 354 677 1985 746">
    <p class='ocr_par' dir='ltr' id='par_1_5' title="bbox 354 677 1985 746">
     <span class='ocr_line' id='line_1_5' title="bbox 354 677 1985 746; baseline -0.004 -10"><span class='ocrx_word' id='word_1_26' title='bbox 354 681 610 736; x_wconf 88' lang='lat' dir='ltr'><strong>Tenuisti</strong></span> <span class='ocrx_word' id='word_1_27' title='bbox 661 680 846 735; x_wconf 88' lang='lat' dir='ltr'><strong>tilium</strong></span> <span class='ocrx_word' id='word_1_28' title='bbox 905 685 1087 746; x_wconf 91' lang='lat' dir='ltr'><strong>tuum,</strong></span> <span class='ocrx_word' id='word_1_29' title='bbox 1147 679 1236 732; x_wconf 95' lang='lat' dir='ltr'><strong>vel</strong></span> <span class='ocrx_word' id='word_1_30' title='bbox 1286 677 1484 744; x_wconf 87' lang='lat' dir='ltr'><strong>ﬁliam,</strong></span> <span class='ocrx_word' id='word_1_31' title='bbox 1538 679 1622 731; x_wconf 87' lang='lat' dir='ltr'><strong>vel</strong></span> <span class='ocrx_word' id='word_1_32' title='bbox 1678 678 1985 730; x_wconf 80' lang='lat' dir='ltr'><strong>tiliastrum</strong></span> 
     </span>
    </p>
   </div>
   <div class='ocr_carea' id='block_1_6' title="bbox 287 765 1981 836">
    <p class='ocr_par' dir='ltr' id='par_1_6' title="bbox 287 765 1981 836">
     <span class='ocr_line' id='line_1_6' title="bbox 287 765 1981 836; baseline -0.005 -11"><span class='ocrx_word' id='word_1_33' title='bbox 287 776 474 836; x_wconf 88' lang='lat' dir='ltr'><strong>tuum,</strong></span> <span class='ocrx_word' id='word_1_34' title='bbox 505 771 591 823; x_wconf 87' lang='lat' dir='ltr'><strong>vel</strong></span> <span class='ocrx_word' id='word_1_35' title='bbox 647 769 944 822; x_wconf 83' lang='lat' dir='ltr'><strong>ﬁliastram</strong></span> <span class='ocrx_word' id='word_1_36' title='bbox 984 773 1164 833; x_wconf 88' lang='lat' dir='ltr'><strong>tuam,</strong></span> <span class='ocrx_word' id='word_1_37' title='bbox 1220 766 1290 820; x_wconf 90' lang='lat' dir='ltr'><strong>ad</strong></span> <span class='ocrx_word' id='word_1_38' title='bbox 1337 765 1854 832; x_wconf 88' lang='lat' dir='ltr'><strong>confirmationem,</strong></span> <span class='ocrx_word' id='word_1_39' title='bbox 1897 766 1981 816; x_wconf 69' lang='lat' dir='ltr'><strong>vvl</strong></span> 
     </span>
    </p>
   </div>
   <div class='ocr_carea' id='block_1_7' title="bbox 283 853 1984 926">
    <p class='ocr_par' dir='ltr' id='par_1_7' title="bbox 283 853 1984 926">
     <span class='ocr_line' id='line_1_7' title="bbox 283 853 1984 926; baseline -0.005 -13"><span class='ocrx_word' id='word_1_40' title='bbox 283 874 315 912; x_wconf 88' lang='lat' dir='ltr'><strong>a</strong></span> <span class='ocrx_word' id='word_1_41' title='bbox 348 859 504 912; x_wconf 88' lang='lat' dir='ltr'><strong>fonte</strong></span> <span class='ocrx_word' id='word_1_42' title='bbox 545 855 868 926; x_wconf 81' lang='lat' dir='ltr'><strong>suscepisti,</strong></span> <span class='ocrx_word' id='word_1_43' title='bbox 912 859 968 909; x_wconf 89' lang='lat' dir='ltr'><strong>et</strong></span> <span class='ocrx_word' id='word_1_44' title='bbox 1006 855 1134 908; x_wconf 92' lang='lat' dir='ltr'><strong>ideo</strong></span> <span class='ocrx_word' id='word_1_45' title='bbox 1181 855 1288 908; x_wconf 90' lang='lat' dir='ltr'><strong>hoc</strong></span> <span class='ocrx_word' id='word_1_46' title='bbox 1337 855 1512 907; x_wconf 78' lang='lat' dir='ltr'><strong>fecisti</strong></span> <span class='ocrx_word' id='word_1_47' title='bbox 1567 861 1630 908; x_wconf 91' lang='lat' dir='ltr'><strong>ut</strong></span> <span class='ocrx_word' id='word_1_48' title='bbox 1681 853 1984 907; x_wconf 76' lang='lat' dir='ltr'><strong>discidium</strong></span> 
     </span>
    </p>
   </div>
   <div class='ocr_carea' id='block_1_8' title="bbox 285 941 1987 1011">
    <p class='ocr_par' dir='ltr' id='par_1_8' title="bbox 285 941 1987 1011">
     <span class='ocr_line' id='line_1_8' title="bbox 285 941 1987 1011; baseline -0.004 -11"><span class='ocrx_word' id='word_1_49' title='bbox 285 948 503 1001; x_wconf 86' lang='lat' dir='ltr'><strong>faceres</strong></span> <span class='ocrx_word' id='word_1_50' title='bbox 532 947 683 999; x_wconf 91' lang='lat' dir='ltr'><strong>inter</strong></span> <span class='ocrx_word' id='word_1_51' title='bbox 711 951 766 998; x_wconf 93' lang='lat' dir='ltr'><strong>te</strong></span> <span class='ocrx_word' id='word_1_52' title='bbox 797 950 856 998; x_wconf 90' lang='lat' dir='ltr'><strong>et</strong></span> <span class='ocrx_word' id='word_1_53' title='bbox 885 959 1120 997; x_wconf 79' lang='lat' dir='ltr'><strong>uxorem</strong></span> <span class='ocrx_word' id='word_1_54' title='bbox 1150 945 1347 996; x_wconf 86' lang='lat' dir='ltr'><strong>tuam?</strong></span> <span class='ocrx_word' id='word_1_55' title='bbox 1378 943 1433 996; x_wconf 91' lang='lat' dir='ltr'><strong>Si</strong></span> <span class='ocrx_word' id='word_1_56' title='bbox 1482 943 1780 1011; x_wconf 91' lang='lat' dir='ltr'><strong>episcopus</strong></span> <span class='ocrx_word' id='word_1_57' title='bbox 1828 941 1987 995; x_wconf 87' lang='lat' dir='ltr'>aliud</span> 
     </span>
    </p>
   </div>
   <div class='ocr_carea' id='block_1_9' title="bbox 285 1029 1988 1100">
    <p class='ocr_par' dir='ltr' id='par_1_9' title="bbox 285 1029 1988 1100">
     <span class='ocr_line' id='line_1_9' title="bbox 285 1029 1988 1100; baseline -0.004 -12"><span class='ocrx_word' id='word_1_58' title='bbox 285 1035 584 1088; x_wconf 86' lang='lat' dir='ltr'><strong>consilium</strong></span> <span class='ocrx_word' id='word_1_59' title='bbox 611 1033 740 1086; x_wconf 90' lang='lat' dir='ltr'><strong>inde</strong></span> <span class='ocrx_word' id='word_1_60' title='bbox 772 1032 957 1085; x_wconf 91' lang='lat' dir='ltr'><strong>facere</strong></span> <span class='ocrx_word' id='word_1_61' title='bbox 1000 1032 1270 1098; x_wconf 85' lang='lat' dir='ltr'>noluerit,</span> <span class='ocrx_word' id='word_1_62' title='bbox 1327 1036 1458 1083; x_wconf 86' lang='lat' dir='ltr'><strong>tunc</strong></span> <span class='ocrx_word' id='word_1_63' title='bbox 1503 1030 1756 1100; x_wconf 85' lang='lat' dir='ltr'><strong>separari</strong></span> <span class='ocrx_word' id='word_1_64' title='bbox 1812 1029 1988 1084; x_wconf 90' lang='lat' dir='ltr'><strong>debes</strong></span> 
     </span>
    </p>
   </div>
   <div class='ocr_carea' id='block_1_10' title="bbox 286 1116 1988 1190">
    <p class='ocr_par' dir='ltr' id='par_1_10' title="bbox 286 1116 1988 1190">
     <span class='ocr_line' id='line_1_10' title="bbox 286 1116 1988 1190; baseline -0.003 -16"><span class='ocrx_word' id='word_1_65' title='bbox 286 1123 358 1175; x_wconf 90' lang='lat' dir='ltr'><strong>ab</strong></span> <span class='ocrx_word' id='word_1_66' title='bbox 388 1136 562 1174; x_wconf 84' lang='lat' dir='ltr'><strong>uxore</strong></span> <span class='ocrx_word' id='word_1_67' title='bbox 592 1125 710 1185; x_wconf 82' lang='lat' dir='ltr'><strong>tua,</strong></span> <span class='ocrx_word' id='word_1_68' title='bbox 754 1124 810 1173; x_wconf 91' lang='lat' dir='ltr'><strong>et</strong></span> <span class='ocrx_word' id='word_1_69' title='bbox 851 1120 935 1173; x_wconf 88' lang='lat' dir='ltr'><strong>XL</strong></span> <span class='ocrx_word' id='word_1_70' title='bbox 983 1119 1124 1185; x_wconf 90' lang='lat' dir='ltr'><strong>dies,</strong></span> <span class='ocrx_word' id='word_1_71' title='bbox 1181 1120 1335 1190; x_wconf 90' lang='lat' dir='ltr'><strong>quod</strong></span> <span class='ocrx_word' id='word_1_72' title='bbox 1370 1120 1620 1172; x_wconf 87' lang='lat' dir='ltr'><strong>carinam</strong></span> <span class='ocrx_word' id='word_1_73' title='bbox 1669 1125 1892 1184; x_wconf 88' lang='lat' dir='ltr'><strong>vocant,</strong></span> <span class='ocrx_word' id='word_1_74' title='bbox 1926 1116 1988 1170; x_wconf 92' lang='lat' dir='ltr'><strong>in</strong></span> 
     </span>
    </p>
   </div>
   <div class='ocr_carea' id='block_1_11' title="bbox 285 1205 1988 1279">
    <p class='ocr_par' dir='ltr' id='par_1_11' title="bbox 285 1205 1988 1279">
     <span class='ocr_line' id='line_1_11' title="bbox 285 1205 1988 1279; baseline -0.003 -16"><span class='ocrx_word' id='word_1_75' title='bbox 285 1225 432 1279; x_wconf 91' lang='lat' dir='ltr'><strong>pane</strong></span> <span class='ocrx_word' id='word_1_76' title='bbox 464 1214 520 1263; x_wconf 91' lang='lat' dir='ltr'><strong>et</strong></span> <span class='ocrx_word' id='word_1_77' title='bbox 551 1224 700 1279; x_wconf 91' lang='lat' dir='ltr'><strong>aqua</strong></span> <span class='ocrx_word' id='word_1_78' title='bbox 729 1223 862 1261; x_wconf 90' lang='lat' dir='ltr'>cum</span> <span class='ocrx_word' id='word_1_79' title='bbox 911 1211 1133 1276; x_wconf 84' lang='lat' dir='ltr'><strong>septem</strong></span> <span class='ocrx_word' id='word_1_80' title='bbox 1185 1207 1555 1277; x_wconf 80' lang='lat' dir='ltr'><strong>sequentibus</strong></span> <span class='ocrx_word' id='word_1_81' title='bbox 1601 1207 1767 1260; x_wconf 90' lang='lat' dir='ltr'><strong>annis</strong></span> <span class='ocrx_word' id='word_1_82' title='bbox 1797 1205 1988 1276; x_wconf 57' lang='lat' dir='ltr'><strong>paeni-</strong></span> 
     </span>
    </p>
   </div>
   <div class='ocr_carea' id='block_1_12' title="bbox 285 1293 1981 1366">
    <p class='ocr_par' dir='ltr' id='par_1_12' title="bbox 285 1293 1981 1366">
     <span class='ocr_line' id='line_1_12' title="bbox 285 1293 1981 1366; baseline -0.004 -15"><span class='ocrx_word' id='word_1_83' title='bbox 285 1303 406 1352; x_wconf 93' lang='lat' dir='ltr'><strong>tere</strong></span> <span class='ocrx_word' id='word_1_84' title='bbox 437 1297 631 1363; x_wconf 83' lang='lat' dir='ltr'><strong>debes,</strong></span> <span class='ocrx_word' id='word_1_85' title='bbox 665 1302 721 1350; x_wconf 92' lang='lat' dir='ltr'><strong>et</strong></span> <span class='ocrx_word' id='word_1_86' title='bbox 751 1311 1050 1366; x_wconf 84' lang='lat' dir='ltr'>nunquam</span> <span class='ocrx_word' id='word_1_87' title='bbox 1095 1295 1265 1349; x_wconf 89' lang='lat' dir='ltr'><strong>debes</strong></span> <span class='ocrx_word' id='word_1_88' title='bbox 1299 1311 1419 1348; x_wconf 91' lang='lat' dir='ltr'><strong>esse</strong></span> <span class='ocrx_word' id='word_1_89' title='bbox 1445 1295 1567 1348; x_wconf 90' lang='lat' dir='ltr'><strong>sine</strong></span> <span class='ocrx_word' id='word_1_90' title='bbox 1624 1293 1981 1364; x_wconf 74' lang='lat' dir='ltr'><strong>paenitentia,</strong></span> 
     </span>
    </p>
   </div>
   <div class='ocr_carea' id='block_1_13' title="bbox 287 1383 1985 1455">
    <p class='ocr_par' dir='ltr' id='par_1_13' title="bbox 287 1383 1985 1455">
     <span class='ocr_line' id='line_1_13' title="bbox 287 1383 1985 1455; baseline -0.003 -16"><span class='ocrx_word' id='word_1_91' title='bbox 287 1390 342 1439; x_wconf 91' lang='lat' dir='ltr'><strong>et</strong></span> <span class='ocrx_word' id='word_1_92' title='bbox 371 1386 492 1439; x_wconf 90' lang='lat' dir='ltr'><strong>sine</strong></span> <span class='ocrx_word' id='word_1_93' title='bbox 521 1401 622 1455; x_wconf 88' lang='lat' dir='ltr'><strong>spe</strong></span> <span class='ocrx_word' id='word_1_94' title='bbox 656 1384 914 1454; x_wconf 86' lang='lat' dir='ltr'><strong>conjugii</strong></span> <span class='ocrx_word' id='word_1_95' title='bbox 965 1383 1135 1437; x_wconf 91' lang='lat' dir='ltr'><strong>debes</strong></span> <span class='ocrx_word' id='word_1_96' title='bbox 1183 1399 1542 1453; x_wconf 85' lang='lat' dir='ltr'><strong>permanere.</strong></span> <span class='ocrx_word' id='word_1_97' title='bbox 1594 1384 1744 1438; x_wconf 83' lang='lat' dir='ltr'><strong>Uxor</strong></span> <span class='ocrx_word' id='word_1_98' title='bbox 1794 1387 1985 1436; x_wconf 89' lang='lat' dir='ltr'><strong>autem</strong></span> 
     </span>
    </p>
   </div>
   <div class='ocr_carea' id='block_1_14' title="bbox 286 1470 1875 1542">
    <p class='ocr_par' dir='ltr' id='par_1_14' title="bbox 286 1470 1875 1542">
     <span class='ocr_line' id='line_1_14' title="bbox 286 1470 1875 1542; baseline -0.001 -16"><span class='ocrx_word' id='word_1_99' title='bbox 286 1478 404 1540; x_wconf 91' lang='lat' dir='ltr'><strong>tua,</strong></span> <span class='ocrx_word' id='word_1_100' title='bbox 439 1474 483 1526; x_wconf 89' lang='lat' dir='ltr'><strong>si</strong></span> <span class='ocrx_word' id='word_1_101' title='bbox 516 1490 573 1526; x_wconf 91' lang='lat' dir='ltr'><strong>se</strong></span> <span class='ocrx_word' id='word_1_102' title='bbox 606 1474 898 1526; x_wconf 91' lang='lat' dir='ltr'><strong>continere</strong></span> <span class='ocrx_word' id='word_1_103' title='bbox 934 1489 1047 1525; x_wconf 90' lang='lat' dir='ltr'><strong>nou</strong></span> <span class='ocrx_word' id='word_1_104' title='bbox 1080 1476 1284 1542; x_wconf 80' lang='lat' dir='ltr'><strong>potest,</strong></span> <span class='ocrx_word' id='word_1_105' title='bbox 1320 1472 1498 1525; x_wconf 88' lang='lat' dir='ltr'><strong>nubat</strong></span> <span class='ocrx_word' id='word_1_106' title='bbox 1526 1471 1585 1524; x_wconf 90' lang='lat' dir='ltr'><strong>in</strong></span> <span class='ocrx_word' id='word_1_107' title='bbox 1614 1470 1875 1524; x_wconf 88' lang='lat' dir='ltr'><strong>Domino.</strong></span> 
     </span>
    </p>
   </div>
   <div class='ocr_carea' id='block_1_15' title="bbox 356 1558 1987 1632">
    <p class='ocr_par' dir='ltr' id='par_1_15' title="bbox 356 1558 1987 1632">
     <span class='ocr_line' id='line_1_15' title="bbox 356 1558 1987 1632; baseline -0.003 -17"><span class='ocrx_word' id='word_1_108' title='bbox 356 1561 638 1632; x_wconf 85' lang='lat' dir='ltr'><strong>Accepisti</strong></span> <span class='ocrx_word' id='word_1_109' title='bbox 667 1561 991 1625; x_wconf 90' lang='lat' dir='ltr'><strong>mulierem,</strong></span> <span class='ocrx_word' id='word_1_110' title='bbox 1027 1563 1084 1613; x_wconf 89' lang='lat' dir='ltr'><strong>et</strong></span> <span class='ocrx_word' id='word_1_111' title='bbox 1133 1560 1382 1613; x_wconf 85' lang='lat' dir='ltr'><strong>habuisti</strong></span> <span class='ocrx_word' id='word_1_112' title='bbox 1423 1576 1549 1613; x_wconf 91' lang='lat' dir='ltr'><strong>eam</strong></span> <span class='ocrx_word' id='word_1_113' title='bbox 1582 1558 1816 1629; x_wconf 87' lang='lat' dir='ltr'>aliquod</span> <span class='ocrx_word' id='word_1_114' title='bbox 1850 1564 1987 1611; x_wconf 86' lang='lat' dir='ltr'><strong>tem-</strong></span> 
     </span>
    </p>
   </div>
   <div class='ocr_carea' id='block_1_16' title="bbox 286 1651 1985 1721">
    <p class='ocr_par' dir='ltr' id='par_1_16' title="bbox 286 1651 1985 1721">
     <span class='ocr_line' id='line_1_16' title="bbox 286 1651 1985 1721; baseline -0.004 -17"><span class='ocrx_word' id='word_1_115' title='bbox 286 1667 414 1721; x_wconf 88' lang='lat' dir='ltr'><strong>pus,</strong></span> <span class='ocrx_word' id='word_1_116' title='bbox 468 1664 747 1711; x_wconf 89' lang='lat' dir='ltr'><strong>mensem,</strong></span> <span class='ocrx_word' id='word_1_117' title='bbox 799 1654 898 1702; x_wconf 89' lang='lat' dir='ltr'><strong>aut</strong></span> <span class='ocrx_word' id='word_1_118' title='bbox 947 1655 1079 1714; x_wconf 90' lang='lat' dir='ltr'><strong>tres,</strong></span> <span class='ocrx_word' id='word_1_119' title='bbox 1137 1654 1236 1701; x_wconf 88' lang='lat' dir='ltr'><strong>aut</strong></span> <span class='ocrx_word' id='word_1_120' title='bbox 1281 1653 1574 1717; x_wconf 89' lang='lat' dir='ltr'><strong>postremo</strong></span> <span class='ocrx_word' id='word_1_121' title='bbox 1635 1662 1873 1710; x_wconf 85' lang='lat' dir='ltr'><strong>annum,</strong></span> <span class='ocrx_word' id='word_1_122' title='bbox 1930 1651 1985 1700; x_wconf 92' lang='lat' dir='ltr'><strong>et</strong></span> 
     </span>
    </p>
   </div>
   <div class='ocr_carea' id='block_1_17' title="bbox 285 1737 1985 1808">
    <p class='ocr_par' dir='ltr' id='par_1_17' title="bbox 285 1737 1985 1808">
     <span class='ocr_line' id='line_1_17' title="bbox 285 1737 1985 1808; baseline -0.003 -15"><span class='ocrx_word' id='word_1_123' title='bbox 285 1747 425 1793; x_wconf 90' lang='lat' dir='ltr'><strong>tunc</strong></span> <span class='ocrx_word' id='word_1_124' title='bbox 465 1739 722 1808; x_wconf 90' lang='lat' dir='ltr'><strong>primum</strong></span> <span class='ocrx_word' id='word_1_125' title='bbox 763 1737 954 1791; x_wconf 83' lang='lat' dir='ltr'><strong>dixisti</strong></span> <span class='ocrx_word' id='word_1_126' title='bbox 1002 1742 1058 1790; x_wconf 92' lang='lat' dir='ltr'><strong>te</strong></span> <span class='ocrx_word' id='word_1_127' title='bbox 1106 1753 1227 1789; x_wconf 87' lang='lat' dir='ltr'><strong>esse</strong></span> <span class='ocrx_word' id='word_1_128' title='bbox 1258 1737 1480 1806; x_wconf 75' lang='lat' dir='ltr'><strong>frigidae</strong></span> <span class='ocrx_word' id='word_1_129' title='bbox 1514 1741 1754 1803; x_wconf 65' lang='lat' dir='ltr'><strong>naturas,</strong></span> <span class='ocrx_word' id='word_1_130' title='bbox 1813 1737 1893 1788; x_wconf 90' lang='lat' dir='ltr'><strong>ita</strong></span> <span class='ocrx_word' id='word_1_131' title='bbox 1922 1741 1985 1788; x_wconf 92' lang='lat' dir='ltr'><strong>ut</strong></span> 
     </span>
    </p>
   </div>
   <div class='ocr_carea' id='block_1_18' title="bbox 288 1824 1987 1896">
    <p class='ocr_par' dir='ltr' id='par_1_18' title="bbox 288 1824 1987 1896">
     <span class='ocr_line' id='line_1_18' title="bbox 288 1824 1987 1896; baseline -0.002 -16"><span class='ocrx_word' id='word_1_132' title='bbox 288 1843 404 1881; x_wconf 92' lang='lat' dir='ltr'><strong>non</strong></span> <span class='ocrx_word' id='word_1_133' title='bbox 433 1827 715 1896; x_wconf 84' lang='lat' dir='ltr'><strong>potuisses</strong></span> <span class='ocrx_word' id='word_1_134' title='bbox 746 1825 896 1878; x_wconf 89' lang='lat' dir='ltr'><strong>coire</strong></span> <span class='ocrx_word' id='word_1_135' title='bbox 931 1841 1060 1878; x_wconf 89' lang='lat' dir='ltr'><strong>cum</strong></span> <span class='ocrx_word' id='word_1_136' title='bbox 1092 1842 1156 1878; x_wconf 91' lang='lat' dir='ltr'><strong>ea</strong></span> <span class='ocrx_word' id='word_1_137' title='bbox 1192 1841 1292 1878; x_wconf 89' lang='lat' dir='ltr'><strong>nec</strong></span> <span class='ocrx_word' id='word_1_138' title='bbox 1321 1840 1451 1877; x_wconf 93' lang='lat' dir='ltr'>cum</span> <span class='ocrx_word' id='word_1_139' title='bbox 1501 1824 1610 1877; x_wconf 88' lang='lat' dir='ltr'><strong>alia</strong></span> <span class='ocrx_word' id='word_1_140' title='bbox 1635 1824 1826 1893; x_wconf 87' lang='lat' dir='ltr'><strong>aliqua</strong></span> <span class='ocrx_word' id='word_1_141' title='bbox 1861 1841 1872 1877; x_wconf 92' lang='lat'><strong>:</strong></span> <span class='ocrx_word' id='word_1_142' title='bbox 1929 1829 1987 1876; x_wconf 90' lang='lat' dir='ltr'><strong>et</strong></span> 
     </span>
    </p>
   </div>
   <div class='ocr_carea' id='block_1_19' title="bbox 287 1912 1983 1984">
    <p class='ocr_par' dir='ltr' id='par_1_19' title="bbox 287 1912 1983 1984">
     <span class='ocr_line' id='line_1_19' title="bbox 287 1912 1983 1984; baseline -0.002 -16"><span class='ocrx_word' id='word_1_143' title='bbox 287 1915 333 1968; x_wconf 92' lang='lat' dir='ltr'><strong>si</strong></span> <span class='ocrx_word' id='word_1_144' title='bbox 366 1915 463 1968; x_wconf 91' lang='lat' dir='ltr'><strong>illa</strong></span> <span class='ocrx_word' id='word_1_145' title='bbox 490 1930 619 1984; x_wconf 66' lang='lat' dir='ltr'><strong>quae</strong></span> <span class='ocrx_word' id='word_1_146' title='bbox 650 1930 790 1967; x_wconf 82' lang='lat' dir='ltr'><strong>uxor</strong></span> <span class='ocrx_word' id='word_1_147' title='bbox 816 1919 912 1966; x_wconf 92' lang='lat' dir='ltr'><strong>tua</strong></span> <span class='ocrx_word' id='word_1_148' title='bbox 943 1929 1063 1966; x_wconf 87' lang='lat' dir='ltr'><strong>esse</strong></span> <span class='ocrx_word' id='word_1_149' title='bbox 1096 1912 1313 1980; x_wconf 87' lang='lat' dir='ltr'><strong>debuit,</strong></span> <span class='ocrx_word' id='word_1_150' title='bbox 1343 1912 1542 1965; x_wconf 90' lang='lat' dir='ltr'><strong>eadem</strong></span> <span class='ocrx_word' id='word_1_151' title='bbox 1576 1912 1825 1965; x_wconf 81' lang='lat' dir='ltr'><strong>affirmat</strong></span> <span class='ocrx_word' id='word_1_152' title='bbox 1854 1927 1983 1982; x_wconf 66' lang='lat' dir='ltr'><strong>quae</strong></span> 
     </span>
    </p>
   </div>
   <div class='ocr_carea' id='block_1_20' title="bbox 287 2000 1982 2071">
    <p class='ocr_par' dir='ltr' id='par_1_20' title="bbox 287 2000 1982 2071">
     <span class='ocr_line' id='line_1_20' title="bbox 287 2000 1982 2071; baseline -0.002 -15"><span class='ocrx_word' id='word_1_153' title='bbox 287 2007 348 2057; x_wconf 87' lang='lat' dir='ltr'><strong>tu</strong></span> <span class='ocrx_word' id='word_1_154' title='bbox 378 2003 517 2056; x_wconf 87' lang='lat' dir='ltr'><strong>dicis</strong></span> <span class='ocrx_word' id='word_1_155' title='bbox 553 2019 564 2055; x_wconf 93' lang='lat'><strong>:</strong></span> <span class='ocrx_word' id='word_1_156' title='bbox 601 2007 656 2055; x_wconf 92' lang='lat' dir='ltr'><strong>et</strong></span> <span class='ocrx_word' id='word_1_157' title='bbox 695 2002 741 2053; x_wconf 91' lang='lat' dir='ltr'><strong>si</strong></span> <span class='ocrx_word' id='word_1_158' title='bbox 793 2001 1022 2070; x_wconf 90' lang='lat' dir='ltr'><strong>probari</strong></span> <span class='ocrx_word' id='word_1_159' title='bbox 1048 2005 1238 2070; x_wconf 86' lang='lat' dir='ltr'><strong>potest</strong></span> <span class='ocrx_word' id='word_1_160' title='bbox 1282 2016 1387 2069; x_wconf 92' lang='lat' dir='ltr'><strong>per</strong></span> <span class='ocrx_word' id='word_1_161' title='bbox 1434 2006 1652 2054; x_wconf 90' lang='lat' dir='ltr'><strong>rectum</strong></span> <span class='ocrx_word' id='word_1_162' title='bbox 1681 2000 1982 2071; x_wconf 86' lang='lat' dir='ltr'><strong>judicium,</strong></span> 
     </span>
    </p>
   </div>
   <div class='ocr_carea' id='block_1_21' title="bbox 286 2089 1982 2158">
    <p class='ocr_par' dir='ltr' id='par_1_21' title="bbox 286 2089 1982 2158">
     <span class='ocr_line' id='line_1_21' title="bbox 286 2089 1982 2158; baseline -0.002 -14"><span class='ocrx_word' id='word_1_163' title='bbox 286 2092 366 2145; x_wconf 88' lang='lat' dir='ltr'><strong>ita</strong></span> <span class='ocrx_word' id='word_1_164' title='bbox 414 2107 536 2144; x_wconf 91' lang='lat' dir='ltr'><strong>esse</strong></span> <span class='ocrx_word' id='word_1_165' title='bbox 589 2095 654 2143; x_wconf 94' lang='lat' dir='ltr'><strong>ut</strong></span> <span class='ocrx_word' id='word_1_166' title='bbox 697 2090 904 2156; x_wconf 89' lang='lat' dir='ltr'><strong>dicitis,</strong></span> <span class='ocrx_word' id='word_1_167' title='bbox 954 2089 1205 2158; x_wconf 90' lang='lat' dir='ltr'><strong>separari</strong></span> <span class='ocrx_word' id='word_1_168' title='bbox 1250 2089 1506 2158; x_wconf 88' lang='lat' dir='ltr'><strong>potestis,</strong></span> <span class='ocrx_word' id='word_1_169' title='bbox 1557 2094 1749 2142; x_wconf 91' lang='lat' dir='ltr'><strong>tamen</strong></span> <span class='ocrx_word' id='word_1_170' title='bbox 1791 2106 1856 2142; x_wconf 91' lang='lat' dir='ltr'><strong>ea</strong></span> <span class='ocrx_word' id='word_1_171' title='bbox 1889 2106 1982 2141; x_wconf 77' lang='lat' dir='ltr'><strong>ra-</strong></span> 
     </span>
    </p>
   </div>
   <div class='ocr_carea' id='block_1_22' title="bbox 289 2176 1984 2247">
    <p class='ocr_par' dir='ltr' id='par_1_22' title="bbox 289 2176 1984 2247">
     <span class='ocr_line' id='line_1_22' title="bbox 289 2176 1984 2247; baseline -0.002 -14"><span class='ocrx_word' id='word_1_172' title='bbox 289 2181 444 2234; x_wconf 89' lang='lat' dir='ltr'><strong>tione</strong></span> <span class='ocrx_word' id='word_1_173' title='bbox 493 2182 576 2242; x_wconf 90' lang='lat' dir='ltr'><strong>ut,</strong></span> <span class='ocrx_word' id='word_1_174' title='bbox 610 2178 658 2230; x_wconf 88' lang='lat' dir='ltr'><strong>si</strong></span> <span class='ocrx_word' id='word_1_175' title='bbox 705 2181 766 2230; x_wconf 90' lang='lat' dir='ltr'><strong>tu</strong></span> <span class='ocrx_word' id='word_1_176' title='bbox 814 2181 948 2247; x_wconf 89' lang='lat' dir='ltr'><strong>post</strong></span> <span class='ocrx_word' id='word_1_177' title='bbox 995 2177 1167 2230; x_wconf 91' lang='lat' dir='ltr'>aliam</span> <span class='ocrx_word' id='word_1_178' title='bbox 1215 2176 1518 2247; x_wconf 89' lang='lat' dir='ltr'><strong>acceperis,</strong></span> <span class='ocrx_word' id='word_1_179' title='bbox 1568 2193 1699 2230; x_wconf 92' lang='lat' dir='ltr'><strong>reus</strong></span> <span class='ocrx_word' id='word_1_180' title='bbox 1745 2177 1984 2246; x_wconf 87' lang='lat' dir='ltr'><strong>perjurii</strong></span> 
     </span>
    </p>
   </div>
   <div class='ocr_carea' id='block_1_23' title="bbox 287 2265 1982 2337">
    <p class='ocr_par' dir='ltr' id='par_1_23' title="bbox 287 2265 1982 2337">
     <span class='ocr_line' id='line_1_23' title="bbox 287 2265 1982 2337; baseline -0.002 -16"><span class='ocrx_word' id='word_1_181' title='bbox 287 2265 637 2337; x_wconf 89' lang='lat' dir='ltr'><strong>dijudiceris,</strong></span> <span class='ocrx_word' id='word_1_182' title='bbox 680 2272 738 2319; x_wconf 89' lang='lat' dir='ltr'><strong>et</strong></span> <span class='ocrx_word' id='word_1_183' title='bbox 779 2266 1011 2333; x_wconf 89' lang='lat' dir='ltr'><strong>iterum,</strong></span> <span class='ocrx_word' id='word_1_184' title='bbox 1061 2269 1190 2335; x_wconf 87' lang='lat' dir='ltr'><strong>post</strong></span> <span class='ocrx_word' id='word_1_185' title='bbox 1236 2270 1526 2335; x_wconf 83' lang='lat' dir='ltr'><strong>peractam</strong></span> <span class='ocrx_word' id='word_1_186' title='bbox 1567 2265 1982 2335; x_wconf 74' lang='lat' dir='ltr'><strong>paenitentiam,</strong></span> 
     </span>
    </p>
   </div>
   <div class='ocr_carea' id='block_1_24' title="bbox 285 2353 1982 2426">
    <p class='ocr_par' dir='ltr' id='par_1_24' title="bbox 285 2353 1982 2426">
     <span class='ocr_line' id='line_1_24' title="bbox 285 2353 1982 2426; baseline -0.001 -18"><span class='ocrx_word' id='word_1_187' title='bbox 285 2356 479 2426; x_wconf 88' lang='lat' dir='ltr'><strong>priora</strong></span> <span class='ocrx_word' id='word_1_188' title='bbox 503 2354 790 2407; x_wconf 90' lang='lat' dir='ltr'><strong>connubia</strong></span> <span class='ocrx_word' id='word_1_189' title='bbox 820 2369 1095 2406; x_wconf 91' lang='lat' dir='ltr'><strong>renovare</strong></span> <span class='ocrx_word' id='word_1_190' title='bbox 1117 2353 1354 2406; x_wconf 81' lang='lat' dir='ltr'><strong>debetis.</strong></span> <span class='ocrx_word' id='word_1_191' title='bbox 1383 2353 1486 2406; x_wconf 85' lang='lat' dir='ltr'><strong>Illa</strong></span> <span class='ocrx_word' id='word_1_192' title='bbox 1515 2358 1704 2406; x_wconf 83' lang='lat' dir='ltr'><strong>autem</strong></span> <span class='ocrx_word' id='word_1_193' title='bbox 1737 2353 1783 2405; x_wconf 90' lang='lat' dir='ltr'><strong>si</strong></span> <span class='ocrx_word' id='word_1_194' title='bbox 1805 2353 1982 2422; x_wconf 89' lang='lat' dir='ltr'><strong>prior,</strong></span> 
     </span>
    </p>
   </div>
   <div class='ocr_carea' id='block_1_25' title="bbox 287 2441 1986 2513">
    <p class='ocr_par' dir='ltr' id='par_1_25' title="bbox 287 2441 1986 2513">
     <span class='ocr_line' id='line_1_25' title="bbox 287 2441 1986 2513; baseline -0.001 -17"><span class='ocrx_word' id='word_1_195' title='bbox 287 2447 417 2513; x_wconf 92' lang='lat' dir='ltr'><strong>post</strong></span> <span class='ocrx_word' id='word_1_196' title='bbox 469 2458 684 2495; x_wconf 88' lang='lat' dir='ltr'><strong>annum</strong></span> <span class='ocrx_word' id='word_1_197' title='bbox 738 2446 838 2495; x_wconf 89' lang='lat' dir='ltr'><strong>aut</strong></span> <span class='ocrx_word' id='word_1_198' title='bbox 879 2441 1204 2507; x_wconf 92' lang='lat' dir='ltr'><strong>dimidium,</strong></span> <span class='ocrx_word' id='word_1_199' title='bbox 1257 2441 1327 2494; x_wconf 89' lang='lat' dir='ltr'><strong>ad</strong></span> <span class='ocrx_word' id='word_1_200' title='bbox 1374 2441 1706 2511; x_wconf 88' lang='lat' dir='ltr'><strong>episcopum</strong></span> <span class='ocrx_word' id='word_1_201' title='bbox 1763 2448 1863 2495; x_wconf 91' lang='lat' dir='ltr'><strong>aut</strong></span> <span class='ocrx_word' id='word_1_202' title='bbox 1913 2441 1986 2495; x_wconf 90' lang='lat' dir='ltr'><strong>ad</strong></span> 
     </span>
    </p>
   </div>
   <div class='ocr_carea' id='block_1_26' title="bbox 289 2529 1983 2601">
    <p class='ocr_par' dir='ltr' id='par_1_26' title="bbox 289 2529 1983 2601">
     <span class='ocr_line' id='line_1_26' title="bbox 289 2529 1983 2601; baseline -0.001 -17"><span class='ocrx_word' id='word_1_203' title='bbox 289 2531 413 2601; x_wconf 86' lang='lat' dir='ltr'><strong>ejus</strong></span> <span class='ocrx_word' id='word_1_204' title='bbox 467 2531 709 2583; x_wconf 88' lang='lat' dir='ltr'><strong>missum</strong></span> <span class='ocrx_word' id='word_1_205' title='bbox 759 2546 817 2582; x_wconf 89' lang='lat' dir='ltr'><strong>se</strong></span> <span class='ocrx_word' id='word_1_206' title='bbox 862 2529 1324 2598; x_wconf 84' lang='lat' dir='ltr'><strong>proclamaverit,</strong></span> <span class='ocrx_word' id='word_1_207' title='bbox 1383 2535 1440 2583; x_wconf 90' lang='lat' dir='ltr'><strong>et</strong></span> <span class='ocrx_word' id='word_1_208' title='bbox 1486 2529 1624 2583; x_wconf 91' lang='lat' dir='ltr'><strong>dicit</strong></span> <span class='ocrx_word' id='word_1_209' title='bbox 1670 2530 1821 2600; x_wconf 92' lang='lat' dir='ltr'><strong>quod</strong></span> <span class='ocrx_word' id='word_1_210' title='bbox 1871 2545 1983 2583; x_wconf 92' lang='lat' dir='ltr'><strong>non</strong></span> 
     </span>
    </p>
   </div>
   <div class='ocr_carea' id='block_1_27' title="bbox 289 2618 1984 2688">
    <p class='ocr_par' dir='ltr' id='par_1_27' title="bbox 289 2618 1984 2688">
     <span class='ocr_line' id='line_1_27' title="bbox 289 2618 1984 2688; baseline -0.001 -16"><span class='ocrx_word' id='word_1_211' title='bbox 289 2618 653 2688; x_wconf 90' lang='lat' dir='ltr'><strong>cognovisses</strong></span> <span class='ocrx_word' id='word_1_212' title='bbox 692 2633 842 2685; x_wconf 91' lang='lat' dir='ltr'><strong>eam,</strong></span> <span class='ocrx_word' id='word_1_213' title='bbox 889 2624 947 2670; x_wconf 92' lang='lat' dir='ltr'><strong>et</strong></span> <span class='ocrx_word' id='word_1_214' title='bbox 993 2623 1165 2688; x_wconf 88' lang='lat' dir='ltr'><strong>negat</strong></span> <span class='ocrx_word' id='word_1_215' title='bbox 1213 2618 1466 2688; x_wconf 88' lang='lat' dir='ltr'><strong>aliquam</strong></span> <span class='ocrx_word' id='word_1_216' title='bbox 1518 2619 1984 2672; x_wconf 86' lang='lat' dir='ltr'><strong>commixtionem</strong></span> 
     </span>
    </p>
   </div>
   <div class='ocr_carea' id='block_1_28' title="bbox 288 2705 2028 2782">
    <p class='ocr_par' dir='ltr' id='par_1_28' title="bbox 288 2705 2028 2782">
     <span class='ocr_line' id='line_1_28' title="bbox 288 2705 2028 2782; baseline 0.001 -22"><span class='ocrx_word' id='word_1_217' title='bbox 288 2707 442 2760; x_wconf 91' lang='lat' dir='ltr'><strong>inter</strong></span> <span class='ocrx_word' id='word_1_218' title='bbox 470 2723 569 2760; x_wconf 88' lang='lat' dir='ltr'><strong>vos</strong></span> <span class='ocrx_word' id='word_1_219' title='bbox 598 2722 719 2760; x_wconf 87' lang='lat' dir='ltr'><strong>esse</strong></span> <span class='ocrx_word' id='word_1_220' title='bbox 753 2723 766 2760; x_wconf 89' lang='lat'>:</span> <span class='ocrx_word' id='word_1_221' title='bbox 800 2711 866 2760; x_wconf 92' lang='lat' dir='ltr'><strong>tu</strong></span> <span class='ocrx_word' id='word_1_222' title='bbox 896 2711 1087 2759; x_wconf 91' lang='lat' dir='ltr'><strong>autem</strong></span> <span class='ocrx_word' id='word_1_223' title='bbox 1115 2705 1366 2760; x_wconf 84' lang='lat' dir='ltr'><strong>affirmas</strong></span> <span class='ocrx_word' id='word_1_224' title='bbox 1397 2707 1552 2776; x_wconf 90' lang='lat' dir='ltr'><strong>quod</strong></span> <span class='ocrx_word' id='word_1_225' title='bbox 1581 2723 1727 2760; x_wconf 84' lang='lat' dir='ltr'><strong>uxor</strong></span> <span class='ocrx_word' id='word_1_226' title='bbox 1765 2713 1862 2761; x_wconf 89' lang='lat' dir='ltr'><strong>tua</strong></span> <span class='ocrx_word' id='word_1_227' title='bbox 1893 2709 1982 2774; x_wconf 88' lang='lat' dir='ltr'><strong>sit,</strong></span> <span class='ocrx_word' id='word_1_228' title='bbox 2017 2771 2028 2782; x_wconf 31' lang='grc' dir='ltr'><strong><em>ς</em></strong></span> 
     </span>
    </p>
   </div>
   <div class='ocr_carea' id='block_1_29' title="bbox 287 2795 1988 2867">
    <p class='ocr_par' dir='ltr' id='par_1_29' title="bbox 287 2795 1988 2867">
     <span class='ocr_line' id='line_1_29' title="bbox 287 2795 1988 2867; baseline 0.001 -19"><span class='ocrx_word' id='word_1_229' title='bbox 287 2795 392 2850; x_wconf 91' lang='lat' dir='ltr'><strong>tibi</strong></span> <span class='ocrx_word' id='word_1_230' title='bbox 413 2795 763 2850; x_wconf 90' lang='lat' dir='ltr'><strong>credendum</strong></span> <span class='ocrx_word' id='word_1_231' title='bbox 794 2799 896 2858; x_wconf 91' lang='lat' dir='ltr'><strong>est,</strong></span> <span class='ocrx_word' id='word_1_232' title='bbox 928 2811 995 2848; x_wconf 91' lang='lat' dir='ltr'><strong>eo</strong></span> <span class='ocrx_word' id='word_1_233' title='bbox 1030 2795 1185 2866; x_wconf 91' lang='lat' dir='ltr'><strong>quod</strong></span> <span class='ocrx_word' id='word_1_234' title='bbox 1213 2798 1394 2866; x_wconf 39' lang='lat' dir='ltr'><strong>,caput</strong></span> <span class='ocrx_word' id='word_1_235' title='bbox 1426 2795 1683 2848; x_wconf 84' lang='lat' dir='ltr'><strong>mulieris</strong></span> <span class='ocrx_word' id='word_1_236' title='bbox 1713 2811 1772 2849; x_wconf 89' lang='lat' dir='ltr'><strong>es</strong></span> <span class='ocrx_word' id='word_1_237' title='bbox 1803 2813 1816 2850; x_wconf 91' lang='lat'><strong>:</strong></span> <span class='ocrx_word' id='word_1_238' title='bbox 1853 2796 1988 2867; x_wconf 86' lang='lat' dir='ltr'><strong>quia</strong></span> 
     </span>
    </p>
   </div>
   <div class='ocr_carea' id='block_1_30' title="bbox 289 2883 1986 2954">
    <p class='ocr_par' dir='ltr' id='par_1_30' title="bbox 289 2883 1986 2954">
     <span class='ocr_line' id='line_1_30' title="bbox 289 2883 1986 2954; baseline 0.003 -18"><span class='ocrx_word' id='word_1_239' title='bbox 289 2883 336 2936; x_wconf 90' lang='lat' dir='ltr'><strong>si</strong></span> <span class='ocrx_word' id='word_1_240' title='bbox 366 2900 424 2937; x_wconf 91' lang='lat' dir='ltr'><strong>se</strong></span> <span class='ocrx_word' id='word_1_241' title='bbox 473 2885 825 2954; x_wconf 86' lang='lat' dir='ltr'><strong>proclamare</strong></span> <span class='ocrx_word' id='word_1_242' title='bbox 870 2883 1146 2950; x_wconf 90' lang='lat' dir='ltr'><strong>voluerat,</strong></span> <span class='ocrx_word' id='word_1_243' title='bbox 1209 2899 1310 2936; x_wconf 89' lang='lat' dir='ltr'><strong>cur</strong></span> <span class='ocrx_word' id='word_1_244' title='bbox 1353 2883 1551 2938; x_wconf 91' lang='lat' dir='ltr'><strong>tandiu</strong></span> <span class='ocrx_word' id='word_1_245' title='bbox 1607 2884 1823 2938; x_wconf 82' lang='lat' dir='ltr'><strong>tacuit?</strong></span> <span class='ocrx_word' id='word_1_246' title='bbox 1863 2886 1986 2941; x_wconf 89' lang='lat' dir='ltr'><strong>Cito</strong></span> 
     </span>
    </p>
   </div>
   <div class='ocr_carea' id='block_1_31' title="bbox 2096 495 3216 572">
    <p class='ocr_par' dir='ltr' id='par_1_31' title="bbox 2096 495 3216 572">
     <span class='ocr_line' id='line_1_31' title="bbox 2096 495 3216 572; baseline -0.002 -16"><span class='ocrx_word' id='word_1_247' title='bbox 2096 517 2200 572; x_wconf 91' lang='lat' dir='ltr'><strong>per</strong></span> <span class='ocrx_word' id='word_1_248' title='bbox 2229 501 2516 572; x_wconf 82' lang='lat' dir='ltr'><strong>legitimas</strong></span> <span class='ocrx_word' id='word_1_249' title='bbox 2535 500 2704 554; x_wconf 88' lang='lat' dir='ltr'><strong>ferias</strong></span> <span class='ocrx_word' id='word_1_250' title='bbox 2728 495 3010 569; x_wconf 75' lang='lat' dir='ltr'><strong>poenitere</strong></span> <span class='ocrx_word' id='word_1_251' title='bbox 3027 499 3216 554; x_wconf 90' lang='lat' dir='ltr'><strong>debes.</strong></span> 
     </span>
    </p>
   </div>
   <div class='ocr_carea' id='block_1_32' title="bbox 2165 587 3793 658">
    <p class='ocr_par' dir='ltr' id='par_1_32' title="bbox 2165 587 3793 658">
     <span class='ocr_line' id='line_1_32' title="bbox 2165 587 3793 658; baseline -0.001 -15"><span class='ocrx_word' id='word_1_252' title='bbox 2165 589 2224 644; x_wconf 93' lang='lat' dir='ltr'><strong>Si</strong></span> <span class='ocrx_word' id='word_1_253' title='bbox 2271 605 2401 643; x_wconf 93' lang='lat' dir='ltr'><strong>cum</strong></span> <span class='ocrx_word' id='word_1_254' title='bbox 2452 588 2702 642; x_wconf 90' lang='lat' dir='ltr'><strong>masculo</strong></span> <span class='ocrx_word' id='word_1_255' title='bbox 2747 587 2897 641; x_wconf 91' lang='lat' dir='ltr'><strong>intra</strong></span> <span class='ocrx_word' id='word_1_256' title='bbox 2943 603 3122 654; x_wconf 83' lang='lat' dir='ltr'><strong>coxas,</strong></span> <span class='ocrx_word' id='word_1_257' title='bbox 3182 593 3247 641; x_wconf 91' lang='lat' dir='ltr'><strong>ut</strong></span> <span class='ocrx_word' id='word_1_258' title='bbox 3293 588 3533 658; x_wconf 89' lang='lat' dir='ltr'><strong>quidam</strong></span> <span class='ocrx_word' id='word_1_259' title='bbox 3590 589 3793 652; x_wconf 88' lang='lat' dir='ltr'><strong>solent,</strong></span> 
     </span>
    </p>
   </div>
   <div class='ocr_carea' id='block_1_33' title="bbox 2095 675 3797 742">
    <p class='ocr_par' dir='ltr' id='par_1_33' title="bbox 2095 675 3797 742">
     <span class='ocr_line' id='line_1_33' title="bbox 2095 675 3797 742; baseline -0.002 -10"><span class='ocrx_word' id='word_1_260' title='bbox 2095 678 2530 732; x_wconf 86' lang='lat' dir='ltr'><strong>fornicationem</strong></span> <span class='ocrx_word' id='word_1_261' title='bbox 2564 675 2765 742; x_wconf 85' lang='lat' dir='ltr'><strong>fecisti,</strong></span> <span class='ocrx_word' id='word_1_262' title='bbox 2806 675 2886 729; x_wconf 89' lang='lat' dir='ltr'><strong>ita</strong></span> <span class='ocrx_word' id='word_1_263' title='bbox 2923 675 3066 740; x_wconf 90' lang='lat' dir='ltr'><strong>dico,</strong></span> <span class='ocrx_word' id='word_1_264' title='bbox 3107 679 3172 729; x_wconf 89' lang='lat' dir='ltr'><strong>ut</strong></span> <span class='ocrx_word' id='word_1_265' title='bbox 3198 679 3360 729; x_wconf 92' lang='lat' dir='ltr'><strong>tuum</strong></span> <span class='ocrx_word' id='word_1_266' title='bbox 3401 675 3572 729; x_wconf 88' lang='lat' dir='ltr'><strong>virile</strong></span> <span class='ocrx_word' id='word_1_267' title='bbox 3615 691 3797 729; x_wconf 88' lang='lat' dir='ltr'><strong>mem-</strong></span> 
     </span>
    </p>
   </div>
   <div class='ocr_carea' id='block_1_34' title="bbox 2095 763 3799 834">
    <p class='ocr_par' dir='ltr' id='par_1_34' title="bbox 2095 763 3799 834">
     <span class='ocr_line' id='line_1_34' title="bbox 2095 763 3799 834; baseline -0.001 -15"><span class='ocrx_word' id='word_1_268' title='bbox 2095 766 2267 819; x_wconf 88' lang='lat' dir='ltr'><strong>brum</strong></span> <span class='ocrx_word' id='word_1_269' title='bbox 2315 766 2467 819; x_wconf 90' lang='lat' dir='ltr'><strong>intra</strong></span> <span class='ocrx_word' id='word_1_270' title='bbox 2495 780 2657 818; x_wconf 86' lang='lat' dir='ltr'><strong>coxas</strong></span> <span class='ocrx_word' id='word_1_271' title='bbox 2706 763 2939 818; x_wconf 88' lang='lat' dir='ltr'><strong>alterius</strong></span> <span class='ocrx_word' id='word_1_272' title='bbox 2984 764 3263 831; x_wconf 88' lang='lat' dir='ltr'><strong>mitteres,</strong></span> <span class='ocrx_word' id='word_1_273' title='bbox 3288 768 3344 818; x_wconf 88' lang='lat' dir='ltr'><strong>et</strong></span> <span class='ocrx_word' id='word_1_274' title='bbox 3389 764 3473 817; x_wconf 89' lang='lat' dir='ltr'><strong>sic</strong></span> <span class='ocrx_word' id='word_1_275' title='bbox 3522 763 3799 834; x_wconf 86' lang='lat' dir='ltr'><strong>agitando</strong></span> 
     </span>
    </p>
   </div>
   <div class='ocr_carea' id='block_1_35' title="bbox 2067 851 3800 922">
    <p class='ocr_par' dir='ltr' id='par_1_35' title="bbox 2067 851 3800 922">
     <span class='ocr_line' id='line_1_35' title="bbox 2067 851 3800 922; baseline -0.001 -15"><span class='ocrx_word' id='word_1_276' title='bbox 2067 869 2290 908; x_wconf 76' lang='lat' dir='ltr'><strong>semen</strong></span> <span class='ocrx_word' id='word_1_277' title='bbox 2343 852 2732 915; x_wconf 44' lang='lat' dir='ltr'><strong>etfunderes‘f</strong></span> <span class='ocrx_word' id='word_1_278' title='bbox 2762 853 2820 906; x_wconf 89' lang='lat' dir='ltr'><strong>Si</strong></span> <span class='ocrx_word' id='word_1_279' title='bbox 2876 851 3076 919; x_wconf 88' lang='lat' dir='ltr'><strong>fecisti,</strong></span> <span class='ocrx_word' id='word_1_280' title='bbox 3128 853 3211 906; x_wconf 81' lang='lat' dir='ltr'><strong>XL</strong></span> <span class='ocrx_word' id='word_1_281' title='bbox 3259 852 3382 906; x_wconf 91' lang='lat' dir='ltr'><strong>dies</strong></span> <span class='ocrx_word' id='word_1_282' title='bbox 3433 852 3497 906; x_wconf 90' lang='lat' dir='ltr'><strong>in</strong></span> <span class='ocrx_word' id='word_1_283' title='bbox 3543 867 3698 922; x_wconf 88' lang='lat' dir='ltr'><strong>pane</strong></span> <span class='ocrx_word' id='word_1_284' title='bbox 3746 857 3800 906; x_wconf 89' lang='lat' dir='ltr'><strong>et</strong></span> 
     </span>
    </p>
   </div>
   <div class='ocr_carea' id='block_1_36' title="bbox 2097 942 2572 1013">
    <p class='ocr_par' dir='ltr' id='par_1_36' title="bbox 2097 942 2572 1013">
     <span class='ocr_line' id='line_1_36' title="bbox 2097 942 2572 1013; baseline -0.008 -16"><span class='ocrx_word' id='word_1_285' title='bbox 2097 958 2247 1013; x_wconf 91' lang='lat' dir='ltr'><strong>aqua</strong></span> <span class='ocrx_word' id='word_1_286' title='bbox 2277 942 2572 1012; x_wconf 82' lang='lat' dir='ltr'><strong>pceniteas.</strong></span> 
     </span>
    </p>
   </div>
   <div class='ocr_carea' id='block_1_37' title="bbox 2169 1028 3798 1099">
    <p class='ocr_par' dir='ltr' id='par_1_37' title="bbox 2169 1028 3798 1099">
     <span class='ocr_line' id='line_1_37' title="bbox 2169 1028 3798 1099; baseline -0.002 -15"><span class='ocrx_word' id='word_1_287' title='bbox 2169 1030 2368 1084; x_wconf 87' lang='lat' dir='ltr'><strong>Fecisti</strong></span> <span class='ocrx_word' id='word_1_288' title='bbox 2434 1028 2892 1091; x_wconf 85' lang='lat' dir='ltr'><strong>fornicationem,</strong></span> <span class='ocrx_word' id='word_1_289' title='bbox 2949 1033 3012 1080; x_wconf 90' lang='lat' dir='ltr'><strong>ut</strong></span> <span class='ocrx_word' id='word_1_290' title='bbox 3067 1028 3303 1099; x_wconf 89' lang='lat' dir='ltr'><strong>quidam</strong></span> <span class='ocrx_word' id='word_1_291' title='bbox 3353 1028 3547 1082; x_wconf 85' lang='lat' dir='ltr'><strong>facere</strong></span> <span class='ocrx_word' id='word_1_292' title='bbox 3592 1028 3798 1092; x_wconf 86' lang='lat' dir='ltr'><strong>solent,</strong></span> 
     </span>
    </p>
   </div>
   <div class='ocr_carea' id='block_1_38' title="bbox 2096 1117 3800 1172">
    <p class='ocr_par' dir='ltr' id='par_1_38' title="bbox 2096 1117 3800 1172">
     <span class='ocr_line' id='line_1_38' title="bbox 2096 1117 3800 1172; baseline -0.002 0"><span class='ocrx_word' id='word_1_293' title='bbox 2096 1119 2176 1172; x_wconf 87' lang='lat' dir='ltr'><strong>ita</strong></span> <span class='ocrx_word' id='word_1_294' title='bbox 2215 1119 2342 1172; x_wconf 90' lang='lat' dir='ltr'><strong>dico</strong></span> <span class='ocrx_word' id='word_1_295' title='bbox 2373 1123 2437 1171; x_wconf 89' lang='lat' dir='ltr'><strong>ut</strong></span> <span class='ocrx_word' id='word_1_296' title='bbox 2490 1122 2554 1171; x_wconf 91' lang='lat' dir='ltr'><strong>tu</strong></span> <span class='ocrx_word' id='word_1_297' title='bbox 2617 1117 2677 1170; x_wconf 92' lang='lat' dir='ltr'>in</span> <span class='ocrx_word' id='word_1_298' title='bbox 2725 1132 2965 1170; x_wconf 88' lang='lat' dir='ltr'>manum</span> <span class='ocrx_word' id='word_1_299' title='bbox 3013 1121 3169 1170; x_wconf 90' lang='lat' dir='ltr'><strong>tuam</strong></span> <span class='ocrx_word' id='word_1_300' title='bbox 3211 1121 3505 1170; x_wconf 91' lang='lat' dir='ltr'><strong>veretrum</strong></span> <span class='ocrx_word' id='word_1_301' title='bbox 3565 1117 3800 1170; x_wconf 87' lang='lat' dir='ltr'><strong>alterius</strong></span> 
     </span>
    </p>
   </div>
   <div class='ocr_carea' id='block_1_39' title="bbox 2096 1204 3800 1277">
    <p class='ocr_par' dir='ltr' id='par_1_39' title="bbox 2096 1204 3800 1277">
     <span class='ocr_line' id='line_1_39' title="bbox 2096 1204 3800 1277; baseline -0.001 -17"><span class='ocrx_word' id='word_1_302' title='bbox 2096 1207 2399 1277; x_wconf 90' lang='lat' dir='ltr'><strong>acciperes,</strong></span> <span class='ocrx_word' id='word_1_303' title='bbox 2433 1211 2491 1259; x_wconf 91' lang='lat' dir='ltr'><strong>et</strong></span> <span class='ocrx_word' id='word_1_304' title='bbox 2519 1206 2663 1259; x_wconf 89' lang='lat' dir='ltr'><strong>alter</strong></span> <span class='ocrx_word' id='word_1_305' title='bbox 2698 1209 2862 1258; x_wconf 90' lang='lat' dir='ltr'><strong>tuum</strong></span> <span class='ocrx_word' id='word_1_306' title='bbox 2914 1204 2975 1258; x_wconf 90' lang='lat' dir='ltr'><strong>in</strong></span> <span class='ocrx_word' id='word_1_307' title='bbox 3020 1220 3202 1270; x_wconf 90' lang='lat' dir='ltr'><strong>suam,</strong></span> <span class='ocrx_word' id='word_1_308' title='bbox 3261 1210 3319 1258; x_wconf 93' lang='lat' dir='ltr'><strong>et</strong></span> <span class='ocrx_word' id='word_1_309' title='bbox 3347 1204 3428 1258; x_wconf 90' lang='lat' dir='ltr'><strong>sic</strong></span> <span class='ocrx_word' id='word_1_310' title='bbox 3469 1204 3800 1258; x_wconf 85' lang='lat' dir='ltr'><strong>alternatim</strong></span> 
     </span>
    </p>
   </div>
   <div class='ocr_carea' id='block_1_40' title="bbox 2094 1293 3801 1363">
    <p class='ocr_par' dir='ltr' id='par_1_40' title="bbox 2094 1293 3801 1363">
     <span class='ocr_line' id='line_1_40' title="bbox 2094 1293 3801 1363; baseline -0.002 -14"><span class='ocrx_word' id='word_1_311' title='bbox 2094 1303 2318 1350; x_wconf 87' lang='lat' dir='ltr'><strong>veretra</strong></span> <span class='ocrx_word' id='word_1_312' title='bbox 2378 1295 2642 1349; x_wconf 87' lang='lat' dir='ltr'><strong>manibus</strong></span> <span class='ocrx_word' id='word_1_313' title='bbox 2697 1295 2899 1348; x_wconf 84' lang='lat' dir='ltr'><strong>vestris</strong></span> <span class='ocrx_word' id='word_1_314' title='bbox 2947 1293 3393 1359; x_wconf 91' lang='lat' dir='ltr'><strong>commoveritis,</strong></span> <span class='ocrx_word' id='word_1_315' title='bbox 3445 1296 3513 1347; x_wconf 86' lang='lat' dir='ltr'><strong>ut</strong></span> <span class='ocrx_word' id='word_1_316' title='bbox 3565 1293 3648 1346; x_wconf 90' lang='lat' dir='ltr'><strong>sic</strong></span> <span class='ocrx_word' id='word_1_317' title='bbox 3703 1309 3801 1363; x_wconf 88' lang='lat' dir='ltr'><strong>per</strong></span> 
     </span>
    </p>
   </div>
   <div class='ocr_carea' id='block_1_41' title="bbox 2094 1375 3797 1452">
    <p class='ocr_par' dir='ltr' id='par_1_41' title="bbox 2094 1375 3797 1452">
     <span class='ocr_line' id='line_1_41' title="bbox 2094 1375 3797 1452; baseline -0.002 -14"><span class='ocrx_word' id='word_1_318' title='bbox 2094 1385 2253 1438; x_wconf 90' lang='lat' dir='ltr'>illam</span> <span class='ocrx_word' id='word_1_319' title='bbox 2289 1385 2721 1438; x_wconf 88' lang='lat' dir='ltr'><strong>delectationem</strong></span> <span class='ocrx_word' id='word_1_320' title='bbox 2760 1375 2959 1437; x_wconf 84' lang='lat' dir='ltr'><strong>semen</strong></span> <span class='ocrx_word' id='word_1_321' title='bbox 2988 1399 3020 1436; x_wconf 91' lang='lat' dir='ltr'><strong>a</strong></span> <span class='ocrx_word' id='word_1_322' title='bbox 3051 1389 3104 1436; x_wconf 92' lang='lat' dir='ltr'><strong>te</strong></span> <span class='ocrx_word' id='word_1_323' title='bbox 3131 1381 3567 1452; x_wconf 79' lang='lat' dir='ltr'><strong>projiceres?Si</strong></span> <span class='ocrx_word' id='word_1_324' title='bbox 3594 1382 3797 1446; x_wconf 85' lang='lat' dir='ltr'><strong>fecisti,</strong></span> 
     </span>
    </p>
   </div>
   <div class='ocr_carea' id='block_1_42' title="bbox 2097 1471 3322 1544">
    <p class='ocr_par' dir='ltr' id='par_1_42' title="bbox 2097 1471 3322 1544">
     <span class='ocr_line' id='line_1_42' title="bbox 2097 1471 3322 1544; baseline -0.002 -17"><span class='ocrx_word' id='word_1_325' title='bbox 2097 1473 2335 1544; x_wconf 86' lang='lat' dir='ltr'><strong>triginta</strong></span> <span class='ocrx_word' id='word_1_326' title='bbox 2366 1473 2486 1527; x_wconf 89' lang='lat' dir='ltr'><strong>dies</strong></span> <span class='ocrx_word' id='word_1_327' title='bbox 2518 1473 2576 1526; x_wconf 92' lang='lat' dir='ltr'>in</span> <span class='ocrx_word' id='word_1_328' title='bbox 2600 1489 2746 1543; x_wconf 91' lang='lat' dir='ltr'><strong>pane</strong></span> <span class='ocrx_word' id='word_1_329' title='bbox 2770 1476 2827 1525; x_wconf 90' lang='lat' dir='ltr'><strong>et</strong></span> <span class='ocrx_word' id='word_1_330' title='bbox 2851 1488 2999 1542; x_wconf 88' lang='lat' dir='ltr'><strong>aqua</strong></span> <span class='ocrx_word' id='word_1_331' title='bbox 3027 1471 3322 1542; x_wconf 81' lang='lat' dir='ltr'><strong>poeniteas.</strong></span> 
     </span>
    </p>
   </div>
   <div class='ocr_carea' id='block_1_43' title="bbox 2169 1557 3798 1628">
    <p class='ocr_par' dir='ltr' id='par_1_43' title="bbox 2169 1557 3798 1628">
     <span class='ocr_line' id='line_1_43' title="bbox 2169 1557 3798 1628; baseline -0.002 -14"><span class='ocrx_word' id='word_1_332' title='bbox 2169 1561 2369 1615; x_wconf 85' lang='lat' dir='ltr'><strong>Fecisti</strong></span> <span class='ocrx_word' id='word_1_333' title='bbox 2397 1561 2553 1614; x_wconf 91' lang='lat' dir='ltr'><strong>solus</strong></span> <span class='ocrx_word' id='word_1_334' title='bbox 2602 1566 2790 1613; x_wconf 86' lang='lat' dir='ltr'><strong>tecum</strong></span> <span class='ocrx_word' id='word_1_335' title='bbox 2832 1559 3288 1623; x_wconf 87' lang='lat' dir='ltr'><strong>fornicationem,</strong></span> <span class='ocrx_word' id='word_1_336' title='bbox 3348 1562 3415 1611; x_wconf 89' lang='lat' dir='ltr'><strong>ut</strong></span> <span class='ocrx_word' id='word_1_337' title='bbox 3445 1557 3689 1628; x_wconf 86' lang='lat' dir='ltr'><strong>quidam</strong></span> <span class='ocrx_word' id='word_1_338' title='bbox 3721 1558 3798 1610; x_wconf 79' lang='lat' dir='ltr'><strong>fa-</strong></span> 
     </span>
    </p>
   </div>
   <div class='ocr_carea' id='block_1_44' title="bbox 2097 1646 3799 1722">
    <p class='ocr_par' dir='ltr' id='par_1_44' title="bbox 2097 1646 3799 1722">
     <span class='ocr_line' id='line_1_44' title="bbox 2097 1646 3799 1722; baseline -0.004 -18"><span class='ocrx_word' id='word_1_339' title='bbox 2097 1667 2222 1704; x_wconf 89' lang='lat' dir='ltr'><strong>cere</strong></span> <span class='ocrx_word' id='word_1_340' title='bbox 2256 1651 2461 1722; x_wconf 80' lang='lat' dir='ltr'><strong>solent,</strong></span> <span class='ocrx_word' id='word_1_341' title='bbox 2495 1650 2572 1702; x_wconf 89' lang='lat' dir='ltr'><strong>ita</strong></span> <span class='ocrx_word' id='word_1_342' title='bbox 2602 1649 2727 1703; x_wconf 89' lang='lat' dir='ltr'><strong>dico</strong></span> <span class='ocrx_word' id='word_1_343' title='bbox 2779 1653 2841 1701; x_wconf 89' lang='lat' dir='ltr'><strong>ut</strong></span> <span class='ocrx_word' id='word_1_344' title='bbox 2879 1648 2999 1717; x_wconf 90' lang='lat' dir='ltr'><strong>ipse</strong></span> <span class='ocrx_word' id='word_1_345' title='bbox 3055 1652 3219 1701; x_wconf 89' lang='lat' dir='ltr'><strong>tuum</strong></span> <span class='ocrx_word' id='word_1_346' title='bbox 3262 1646 3428 1700; x_wconf 87' lang='lat' dir='ltr'><strong>virile</strong></span> <span class='ocrx_word' id='word_1_347' title='bbox 3472 1646 3799 1700; x_wconf 86' lang='lat' dir='ltr'><strong>membrum</strong></span> 
     </span>
    </p>
   </div>
   <div class='ocr_carea' id='block_1_45' title="bbox 2097 1735 3795 1806">
    <p class='ocr_par' dir='ltr' id='par_1_45' title="bbox 2097 1735 3795 1806">
     <span class='ocr_line' id='line_1_45' title="bbox 2097 1735 3795 1806; baseline -0.002 -14"><span class='ocrx_word' id='word_1_348' title='bbox 2097 1741 2158 1793; x_wconf 91' lang='lat' dir='ltr'><strong>in</strong></span> <span class='ocrx_word' id='word_1_349' title='bbox 2183 1754 2418 1792; x_wconf 90' lang='lat' dir='ltr'><strong>manum</strong></span> <span class='ocrx_word' id='word_1_350' title='bbox 2457 1741 2616 1791; x_wconf 91' lang='lat' dir='ltr'><strong>tuam</strong></span> <span class='ocrx_word' id='word_1_351' title='bbox 2642 1737 2951 1806; x_wconf 89' lang='lat' dir='ltr'><strong>acciperes,</strong></span> <span class='ocrx_word' id='word_1_352' title='bbox 2983 1740 3039 1789; x_wconf 92' lang='lat' dir='ltr'><strong>et</strong></span> <span class='ocrx_word' id='word_1_353' title='bbox 3068 1736 3146 1789; x_wconf 90' lang='lat' dir='ltr'><strong>sic</strong></span> <span class='ocrx_word' id='word_1_354' title='bbox 3177 1737 3419 1790; x_wconf 82' lang='lat' dir='ltr'><strong>duceres</strong></span> <span class='ocrx_word' id='word_1_355' title='bbox 3450 1735 3795 1806; x_wconf 65' lang='lat' dir='ltr'><strong>praeputium</strong></span> 
     </span>
    </p>
   </div>
   <div class='ocr_carea' id='block_1_46' title="bbox 2096 1823 3798 1895">
    <p class='ocr_par' dir='ltr' id='par_1_46' title="bbox 2096 1823 3798 1895">
     <span class='ocr_line' id='line_1_46' title="bbox 2096 1823 3798 1895; baseline -0.002 -15"><span class='ocrx_word' id='word_1_356' title='bbox 2096 1835 2282 1892; x_wconf 89' lang='lat' dir='ltr'><strong>tuum,</strong></span> <span class='ocrx_word' id='word_1_357' title='bbox 2313 1832 2368 1879; x_wconf 91' lang='lat' dir='ltr'><strong>et</strong></span> <span class='ocrx_word' id='word_1_358' title='bbox 2399 1843 2573 1879; x_wconf 88' lang='lat' dir='ltr'><strong>manu</strong></span> <span class='ocrx_word' id='word_1_359' title='bbox 2603 1825 2840 1895; x_wconf 89' lang='lat' dir='ltr'><strong>propria</strong></span> <span class='ocrx_word' id='word_1_360' title='bbox 2868 1840 3260 1878; x_wconf 87' lang='lat' dir='ltr'><strong>commoveres</strong></span> <span class='ocrx_word' id='word_1_361' title='bbox 3311 1829 3374 1877; x_wconf 90' lang='lat' dir='ltr'><strong>ut</strong></span> <span class='ocrx_word' id='word_1_362' title='bbox 3402 1824 3484 1876; x_wconf 91' lang='lat' dir='ltr'><strong>sic</strong></span> <span class='ocrx_word' id='word_1_363' title='bbox 3515 1840 3624 1892; x_wconf 90' lang='lat' dir='ltr'><strong>per</strong></span> <span class='ocrx_word' id='word_1_364' title='bbox 3648 1823 3798 1876; x_wconf 88' lang='lat' dir='ltr'><strong>dele-</strong></span> 
     </span>
    </p>
   </div>
   <div class='ocr_carea' id='block_1_47' title="bbox 2095 1911 3797 1983">
    <p class='ocr_par' dir='ltr' id='par_1_47' title="bbox 2095 1911 3797 1983">
     <span class='ocr_line' id='line_1_47' title="bbox 2095 1911 3797 1983; baseline -0.004 -14"><span class='ocrx_word' id='word_1_365' title='bbox 2095 1917 2401 1969; x_wconf 89' lang='lat' dir='ltr'><strong>ctationem</strong></span> <span class='ocrx_word' id='word_1_366' title='bbox 2432 1930 2629 1968; x_wconf 90' lang='lat' dir='ltr'><strong>semen</strong></span> <span class='ocrx_word' id='word_1_367' title='bbox 2658 1930 2692 1967; x_wconf 90' lang='lat' dir='ltr'><strong>a</strong></span> <span class='ocrx_word' id='word_1_368' title='bbox 2721 1918 2778 1967; x_wconf 90' lang='lat' dir='ltr'><strong>te</strong></span> <span class='ocrx_word' id='word_1_369' title='bbox 2814 1913 3158 1983; x_wconf 85' lang='lat' dir='ltr'><strong>projiceres?</strong></span> <span class='ocrx_word' id='word_1_370' title='bbox 3188 1912 3248 1966; x_wconf 91' lang='lat' dir='ltr'><strong>Si</strong></span> <span class='ocrx_word' id='word_1_371' title='bbox 3282 1911 3486 1979; x_wconf 89' lang='lat' dir='ltr'><strong>fecisti,</strong></span> <span class='ocrx_word' id='word_1_372' title='bbox 3520 1913 3560 1965; x_wconf 87' lang='lat' dir='ltr'><strong>X</strong></span> <span class='ocrx_word' id='word_1_373' title='bbox 3598 1912 3721 1966; x_wconf 90' lang='lat' dir='ltr'><strong>dies</strong></span> <span class='ocrx_word' id='word_1_374' title='bbox 3741 1912 3797 1964; x_wconf 91' lang='lat' dir='ltr'><strong>in</strong></span> 
     </span>
    </p>
   </div>
   <div class='ocr_carea' id='block_1_48' title="bbox 2094 2002 2832 2074">
    <p class='ocr_par' dir='ltr' id='par_1_48' title="bbox 2094 2002 2832 2074">
     <span class='ocr_line' id='line_1_48' title="bbox 2094 2002 2832 2074; baseline -0.004 -17"><span class='ocrx_word' id='word_1_375' title='bbox 2094 2020 2243 2073; x_wconf 87' lang='lat' dir='ltr'><strong>pane</strong></span> <span class='ocrx_word' id='word_1_376' title='bbox 2273 2008 2330 2057; x_wconf 90' lang='lat' dir='ltr'><strong>et</strong></span> <span class='ocrx_word' id='word_1_377' title='bbox 2358 2019 2506 2074; x_wconf 88' lang='lat' dir='ltr'><strong>aqua</strong></span> <span class='ocrx_word' id='word_1_378' title='bbox 2535 2002 2832 2073; x_wconf 87' lang='lat' dir='ltr'><strong>poeniteas.</strong></span> 
     </span>
    </p>
   </div>
   <div class='ocr_carea' id='block_1_49' title="bbox 2167 2087 3796 2159">
    <p class='ocr_par' dir='ltr' id='par_1_49' title="bbox 2167 2087 3796 2159">
     <span class='ocr_line' id='line_1_49' title="bbox 2167 2087 3796 2159; baseline -0.002 -14"><span class='ocrx_word' id='word_1_379' title='bbox 2167 2091 2365 2145; x_wconf 84' lang='lat' dir='ltr'><strong>Fecisti</strong></span> <span class='ocrx_word' id='word_1_380' title='bbox 2391 2091 2850 2158; x_wconf 88' lang='lat' dir='ltr'><strong>fornicationem,</strong></span> <span class='ocrx_word' id='word_1_381' title='bbox 2891 2094 2956 2143; x_wconf 89' lang='lat' dir='ltr'><strong>ut</strong></span> <span class='ocrx_word' id='word_1_382' title='bbox 2985 2087 3216 2159; x_wconf 87' lang='lat' dir='ltr'><strong>quidam</strong></span> <span class='ocrx_word' id='word_1_383' title='bbox 3270 2087 3458 2141; x_wconf 90' lang='lat' dir='ltr'><strong>facere</strong></span> <span class='ocrx_word' id='word_1_384' title='bbox 3490 2089 3700 2154; x_wconf 89' lang='lat' dir='ltr'><strong>solent,</strong></span> <span class='ocrx_word' id='word_1_385' title='bbox 3738 2095 3796 2141; x_wconf 91' lang='lat' dir='ltr'><strong>ut</strong></span> 
     </span>
    </p>
   </div>
   <div class='ocr_carea' id='block_1_50' title="bbox 2095 2175 3796 2247">
    <p class='ocr_par' dir='ltr' id='par_1_50' title="bbox 2095 2175 3796 2247">
     <span class='ocr_line' id='line_1_50' title="bbox 2095 2175 3796 2247; baseline -0.002 -14"><span class='ocrx_word' id='word_1_386' title='bbox 2095 2185 2156 2233; x_wconf 94' lang='lat' dir='ltr'><strong>tu</strong></span> <span class='ocrx_word' id='word_1_387' title='bbox 2188 2183 2351 2233; x_wconf 90' lang='lat' dir='ltr'><strong>tuum</strong></span> <span class='ocrx_word' id='word_1_388' title='bbox 2378 2179 2538 2232; x_wconf 90' lang='lat' dir='ltr'><strong>virile</strong></span> <span class='ocrx_word' id='word_1_389' title='bbox 2572 2179 2896 2231; x_wconf 88' lang='lat' dir='ltr'><strong>membrum</strong></span> <span class='ocrx_word' id='word_1_390' title='bbox 2928 2177 2988 2230; x_wconf 92' lang='lat' dir='ltr'><strong>in</strong></span> <span class='ocrx_word' id='word_1_391' title='bbox 3016 2177 3240 2247; x_wconf 80' lang='lat' dir='ltr'>lignum</span> <span class='ocrx_word' id='word_1_392' title='bbox 3283 2175 3670 2245; x_wconf 87' lang='lat' dir='ltr'><strong>perforatum,</strong></span> <span class='ocrx_word' id='word_1_393' title='bbox 3702 2182 3796 2229; x_wconf 87' lang='lat' dir='ltr'><strong>aut</strong></span> 
     </span>
    </p>
   </div>
   <div class='ocr_carea' id='block_1_51' title="bbox 2095 2264 3791 2337">
    <p class='ocr_par' dir='ltr' id='par_1_51' title="bbox 2095 2264 3791 2337">
     <span class='ocr_line' id='line_1_51' title="bbox 2095 2264 3791 2337; baseline -0.003 -17"><span class='ocrx_word' id='word_1_394' title='bbox 2095 2267 2156 2320; x_wconf 93' lang='lat' dir='ltr'><strong>in</strong></span> <span class='ocrx_word' id='word_1_395' title='bbox 2186 2267 2414 2337; x_wconf 89' lang='lat' dir='ltr'><strong>aliquod</strong></span> <span class='ocrx_word' id='word_1_396' title='bbox 2447 2265 2779 2336; x_wconf 91' lang='lat' dir='ltr'><strong>hujusmodi</strong></span> <span class='ocrx_word' id='word_1_397' title='bbox 2813 2265 3069 2319; x_wconf 89' lang='lat' dir='ltr'><strong>mitteres</strong></span> <span class='ocrx_word' id='word_1_398' title='bbox 3103 2269 3164 2318; x_wconf 92' lang='lat' dir='ltr'><strong>ut</strong></span> <span class='ocrx_word' id='word_1_399' title='bbox 3192 2265 3272 2318; x_wconf 91' lang='lat' dir='ltr'><strong>sic</strong></span> <span class='ocrx_word' id='word_1_400' title='bbox 3307 2280 3413 2334; x_wconf 89' lang='lat' dir='ltr'><strong>per</strong></span> <span class='ocrx_word' id='word_1_401' title='bbox 3442 2264 3602 2317; x_wconf 89' lang='lat' dir='ltr'><strong>illam</strong></span> <span class='ocrx_word' id='word_1_402' title='bbox 3642 2279 3791 2316; x_wconf 90' lang='lat' dir='ltr'>com-</span> 
     </span>
    </p>
   </div>
   <div class='ocr_carea' id='block_1_52' title="bbox 2099 2351 3797 2422">
    <p class='ocr_par' dir='ltr' id='par_1_52' title="bbox 2099 2351 3797 2422">
     <span class='ocr_line' id='line_1_52' title="bbox 2099 2351 3797 2422; baseline -0.002 -15"><span class='ocrx_word' id='word_1_403' title='bbox 2099 2355 2413 2408; x_wconf 89' lang='lat' dir='ltr'><strong>motionem</strong></span> <span class='ocrx_word' id='word_1_404' title='bbox 2443 2359 2498 2406; x_wconf 90' lang='lat' dir='ltr'><strong>et</strong></span> <span class='ocrx_word' id='word_1_405' title='bbox 2539 2353 2978 2409; x_wconf 84' lang='lat' dir='ltr'><strong>delectationem</strong></span> <span class='ocrx_word' id='word_1_406' title='bbox 3027 2370 3060 2407; x_wconf 92' lang='lat' dir='ltr'><strong>a</strong></span> <span class='ocrx_word' id='word_1_407' title='bbox 3098 2359 3152 2406; x_wconf 91' lang='lat' dir='ltr'><strong>te</strong></span> <span class='ocrx_word' id='word_1_408' title='bbox 3203 2368 3401 2406; x_wconf 88' lang='lat' dir='ltr'><strong>semen</strong></span> <span class='ocrx_word' id='word_1_409' title='bbox 3449 2351 3797 2422; x_wconf 80' lang='lat' dir='ltr'><strong>projiceres?</strong></span> 
     </span>
    </p>
   </div>
   <div class='ocr_carea' id='block_1_53' title="bbox 2098 2441 3509 2514">
    <p class='ocr_par' dir='ltr' id='par_1_53' title="bbox 2098 2441 3509 2514">
     <span class='ocr_line' id='line_1_53' title="bbox 2098 2441 3509 2514; baseline -0.003 -17"><span class='ocrx_word' id='word_1_410' title='bbox 2098 2443 2156 2497; x_wconf 93' lang='lat' dir='ltr'><strong>Si</strong></span> <span class='ocrx_word' id='word_1_411' title='bbox 2187 2444 2388 2508; x_wconf 90' lang='lat' dir='ltr'><strong>fecisti,</strong></span> <span class='ocrx_word' id='word_1_412' title='bbox 2417 2443 2510 2497; x_wconf 84' lang='lat' dir='ltr'><strong>XX</strong></span> <span class='ocrx_word' id='word_1_413' title='bbox 2537 2443 2657 2496; x_wconf 92' lang='lat' dir='ltr'><strong>dies</strong></span> <span class='ocrx_word' id='word_1_414' title='bbox 2685 2443 2744 2496; x_wconf 93' lang='lat' dir='ltr'><strong>in</strong></span> <span class='ocrx_word' id='word_1_415' title='bbox 2776 2459 2926 2514; x_wconf 89' lang='lat' dir='ltr'><strong>pane</strong></span> <span class='ocrx_word' id='word_1_416' title='bbox 2953 2447 3008 2496; x_wconf 92' lang='lat' dir='ltr'><strong>et</strong></span> <span class='ocrx_word' id='word_1_417' title='bbox 3033 2458 3182 2512; x_wconf 92' lang='lat' dir='ltr'><strong>aqua</strong></span> <span class='ocrx_word' id='word_1_418' title='bbox 3211 2441 3509 2512; x_wconf 79' lang='lat' dir='ltr'><strong>pceniteas.</strong></span> 
     </span>
    </p>
   </div>
   <div class='ocr_carea' id='block_1_54' title="bbox 2169 2527 3797 2599">
    <p class='ocr_par' dir='ltr' id='par_1_54' title="bbox 2169 2527 3797 2599">
     <span class='ocr_line' id='line_1_54' title="bbox 2169 2527 3797 2599; baseline -0.003 -14"><span class='ocrx_word' id='word_1_419' title='bbox 2169 2532 2384 2585; x_wconf 88' lang='lat' dir='ltr'><strong>Dedisti</strong></span> <span class='ocrx_word' id='word_1_420' title='bbox 2441 2533 2697 2585; x_wconf 88' lang='lat' dir='ltr'><strong>osculum</strong></span> <span class='ocrx_word' id='word_1_421' title='bbox 2750 2531 2922 2584; x_wconf 89' lang='lat' dir='ltr'><strong>alicui</strong></span> <span class='ocrx_word' id='word_1_422' title='bbox 2986 2530 3216 2584; x_wconf 66' lang='lat' dir='ltr'><strong>feminae</strong></span> <span class='ocrx_word' id='word_1_423' title='bbox 3269 2545 3376 2599; x_wconf 92' lang='lat' dir='ltr'><strong>per</strong></span> <span class='ocrx_word' id='word_1_424' title='bbox 3427 2527 3797 2582; x_wconf 87' lang='lat' dir='ltr'><strong>immundum</strong></span> 
     </span>
    </p>
   </div>
   <div class='ocr_carea' id='block_1_55' title="bbox 2095 2617 3799 2690">
    <p class='ocr_par' dir='ltr' id='par_1_55' title="bbox 2095 2617 3799 2690">
     <span class='ocr_line' id='line_1_55' title="bbox 2095 2617 3799 2690; baseline -0.003 -16"><span class='ocrx_word' id='word_1_425' title='bbox 2095 2621 2462 2684; x_wconf 89' lang='lat' dir='ltr'><strong>desiderium,</strong></span> <span class='ocrx_word' id='word_1_426' title='bbox 2498 2625 2556 2674; x_wconf 91' lang='lat' dir='ltr'><strong>et</strong></span> <span class='ocrx_word' id='word_1_427' title='bbox 2579 2620 2657 2673; x_wconf 91' lang='lat' dir='ltr'><strong>sic</strong></span> <span class='ocrx_word' id='word_1_428' title='bbox 2685 2625 2740 2673; x_wconf 93' lang='lat' dir='ltr'><strong>te</strong></span> <span class='ocrx_word' id='word_1_429' title='bbox 2765 2618 3056 2690; x_wconf 82' lang='lat' dir='ltr'><strong>polluisti?</strong></span> <span class='ocrx_word' id='word_1_430' title='bbox 3085 2619 3143 2672; x_wconf 92' lang='lat' dir='ltr'><strong>Si</strong></span> <span class='ocrx_word' id='word_1_431' title='bbox 3179 2618 3382 2685; x_wconf 87' lang='lat' dir='ltr'><strong>fecisti,</strong></span> <span class='ocrx_word' id='word_1_432' title='bbox 3429 2622 3547 2671; x_wconf 91' lang='lat' dir='ltr'><strong>tres</strong></span> <span class='ocrx_word' id='word_1_433' title='bbox 3578 2617 3701 2670; x_wconf 86' lang='lat' dir='ltr'><strong>dies</strong></span> <span class='ocrx_word' id='word_1_434' title='bbox 3740 2617 3799 2669; x_wconf 91' lang='lat' dir='ltr'><strong>in</strong></span> 
     </span>
    </p>
   </div>
   <div class='ocr_carea' id='block_1_56' title="bbox 2098 2705 3800 2779">
    <p class='ocr_par' dir='ltr' id='par_1_56' title="bbox 2098 2705 3800 2779">
     <span class='ocr_line' id='line_1_56' title="bbox 2098 2705 3800 2779; baseline -0.004 -16"><span class='ocrx_word' id='word_1_435' title='bbox 2098 2725 2245 2779; x_wconf 90' lang='lat' dir='ltr'><strong>pane</strong></span> <span class='ocrx_word' id='word_1_436' title='bbox 2277 2715 2334 2762; x_wconf 91' lang='lat' dir='ltr'><strong>et</strong></span> <span class='ocrx_word' id='word_1_437' title='bbox 2361 2725 2510 2779; x_wconf 90' lang='lat' dir='ltr'><strong>aqua</strong></span> <span class='ocrx_word' id='word_1_438' title='bbox 2539 2708 2816 2778; x_wconf 69' lang='lat' dir='ltr'><strong>poenitere</strong></span> <span class='ocrx_word' id='word_1_439' title='bbox 2849 2707 3041 2763; x_wconf 87' lang='lat' dir='ltr'><strong>debes.</strong></span> <span class='ocrx_word' id='word_1_440' title='bbox 3080 2708 3138 2763; x_wconf 92' lang='lat' dir='ltr'><strong>Si</strong></span> <span class='ocrx_word' id='word_1_441' title='bbox 3166 2708 3322 2761; x_wconf 88' lang='lat' dir='ltr'><strong>intra</strong></span> <span class='ocrx_word' id='word_1_442' title='bbox 3363 2706 3662 2760; x_wconf 89' lang='lat' dir='ltr'><strong>ecclesiam</strong></span> <span class='ocrx_word' id='word_1_443' title='bbox 3694 2705 3800 2758; x_wconf 87' lang='lat' dir='ltr'><strong>hoc</strong></span> 
     </span>
    </p>
   </div>
   <div class='ocr_carea' id='block_1_57' title="bbox 2097 2795 3544 2867">
    <p class='ocr_par' dir='ltr' id='par_1_57' title="bbox 2097 2795 3544 2867">
     <span class='ocr_line' id='line_1_57' title="bbox 2097 2795 3544 2867; baseline -0.002 -16"><span class='ocrx_word' id='word_1_444' title='bbox 2097 2797 2433 2867; x_wconf 84' lang='lat' dir='ltr'><strong>contigerat,</strong></span> <span class='ocrx_word' id='word_1_445' title='bbox 2460 2798 2544 2851; x_wconf 85' lang='lat' dir='ltr'><strong>XX</strong></span> <span class='ocrx_word' id='word_1_446' title='bbox 2576 2797 2696 2850; x_wconf 91' lang='lat' dir='ltr'><strong>dies</strong></span> <span class='ocrx_word' id='word_1_447' title='bbox 2723 2797 2783 2850; x_wconf 92' lang='lat' dir='ltr'>in</span> <span class='ocrx_word' id='word_1_448' title='bbox 2810 2812 2959 2867; x_wconf 90' lang='lat' dir='ltr'><strong>pane</strong></span> <span class='ocrx_word' id='word_1_449' title='bbox 2981 2801 3037 2850; x_wconf 91' lang='lat' dir='ltr'><strong>et</strong></span> <span class='ocrx_word' id='word_1_450' title='bbox 3064 2812 3214 2866; x_wconf 87' lang='lat' dir='ltr'><strong>aqua</strong></span> <span class='ocrx_word' id='word_1_451' title='bbox 3239 2795 3544 2866; x_wconf 70' lang='lat' dir='ltr'><strong>paenitens.</strong></span> 
     </span>
    </p>
   </div>
   <div class='ocr_carea' id='block_1_58' title="bbox 2170 2881 3800 2946">
    <p class='ocr_par' dir='ltr' id='par_1_58' title="bbox 2170 2881 3800 2946">
     <span class='ocr_line' id='line_1_58' title="bbox 2170 2881 3800 2946; baseline -0.004 -7"><span class='ocrx_word' id='word_1_452' title='bbox 2170 2885 2371 2940; x_wconf 90' lang='lat' dir='ltr'><strong>Fecisti</strong></span> <span class='ocrx_word' id='word_1_453' title='bbox 2429 2884 2866 2938; x_wconf 88' lang='lat' dir='ltr'><strong>fornicationem</strong></span> <span class='ocrx_word' id='word_1_454' title='bbox 2918 2889 3112 2937; x_wconf 83' lang='lat' dir='ltr'><strong>contra</strong></span> <span class='ocrx_word' id='word_1_455' title='bbox 3167 2888 3454 2946; x_wconf 89' lang='lat' dir='ltr'><strong>naturam,</strong></span> <span class='ocrx_word' id='word_1_456' title='bbox 3501 2881 3559 2936; x_wconf 88' lang='lat' dir='ltr'><strong>id</strong></span> <span class='ocrx_word' id='word_1_457' title='bbox 3612 2886 3699 2934; x_wconf 88' lang='lat' dir='ltr'><strong>est</strong></span> <span class='ocrx_word' id='word_1_458' title='bbox 3740 2886 3800 2934; x_wconf 91' lang='lat' dir='ltr'><strong>ut</strong></span> 
     </span>
    </p>
   </div>
   <div class='ocr_carea' id='block_1_59' title="bbox 290 2969 3799 3042">
    <p class='ocr_par' dir='ltr' id='par_1_59' title="bbox 290 2969 3799 3042">
     <span class='ocr_line' id='line_1_59' title="bbox 290 2969 3799 3042; baseline -0.001 -17"><span class='ocrx_word' id='word_1_459' title='bbox 290 2977 346 3025; x_wconf 92' lang='lat' dir='ltr'><strong>et</strong></span> <span class='ocrx_word' id='word_1_460' title='bbox 384 2971 442 3024; x_wconf 94' lang='lat' dir='ltr'><strong>in</strong></span> <span class='ocrx_word' id='word_1_461' title='bbox 492 2988 662 3042; x_wconf 92' lang='lat' dir='ltr'><strong>parvo</strong></span> <span class='ocrx_word' id='word_1_462' title='bbox 708 2976 969 3041; x_wconf 91' lang='lat' dir='ltr'><strong>tempore</strong></span> <span class='ocrx_word' id='word_1_463' title='bbox 1017 2971 1159 3024; x_wconf 90' lang='lat' dir='ltr'><strong>scire</strong></span> <span class='ocrx_word' id='word_1_464' title='bbox 1215 2972 1422 3026; x_wconf 90' lang='lat' dir='ltr'><strong>mulier</strong></span> <span class='ocrx_word' id='word_1_465' title='bbox 1468 2971 1656 3041; x_wconf 91' lang='lat' dir='ltr'><strong>potuit</strong></span> <span class='ocrx_word' id='word_1_466' title='bbox 1701 2972 1748 3026; x_wconf 93' lang='lat' dir='ltr'><strong>si</strong></span> <span class='ocrx_word' id='word_1_467' title='bbox 1795 2990 1986 3028; x_wconf 89' lang='lat' dir='ltr'><strong>secum</strong></span> <span class='ocrx_word' id='word_1_468' title='bbox 2023 2971 2062 3023; x_wconf 90' lang='lat' dir='ltr'>C</span> <span class='ocrx_word' id='word_1_469' title='bbox 2099 2991 2227 3028; x_wconf 91' lang='lat' dir='ltr'><strong>cum</strong></span> <span class='ocrx_word' id='word_1_470' title='bbox 2288 2974 2556 3027; x_wconf 84' lang='lat' dir='ltr'><strong>masculis</strong></span> <span class='ocrx_word' id='word_1_471' title='bbox 2611 2974 2698 3026; x_wconf 88' lang='lat' dir='ltr'><strong>vel</strong></span> <span class='ocrx_word' id='word_1_472' title='bbox 2757 2989 2889 3026; x_wconf 92' lang='lat' dir='ltr'><strong>cum</strong></span> <span class='ocrx_word' id='word_1_473' title='bbox 2947 2971 3293 3026; x_wconf 87' lang='lat' dir='ltr'><strong>animalibus</strong></span> <span class='ocrx_word' id='word_1_474' title='bbox 3345 2970 3552 3034; x_wconf 82' lang='lat' dir='ltr'><strong>coires,</strong></span> <span class='ocrx_word' id='word_1_475' title='bbox 3606 2969 3664 3023; x_wconf 91' lang='lat' dir='ltr'><strong>id</strong></span> <span class='ocrx_word' id='word_1_476' title='bbox 3714 2973 3799 3021; x_wconf 91' lang='lat' dir='ltr'><strong>est</strong></span> 
     </span>
    </p>
   </div>
   <div class='ocr_carea' id='block_1_60' title="bbox 289 3059 1986 3130">
    <p class='ocr_par' dir='ltr' id='par_1_60' title="bbox 289 3059 1986 3130">
     <span class='ocr_line' id='line_1_60' title="bbox 289 3059 1986 3130; baseline 0.001 -16"><span class='ocrx_word' id='word_1_477' title='bbox 289 3061 440 3114; x_wconf 93' lang='lat' dir='ltr'><strong>coire</strong></span> <span class='ocrx_word' id='word_1_478' title='bbox 472 3061 772 3130; x_wconf 90' lang='lat' dir='ltr'><strong>potuisses,</strong></span> <span class='ocrx_word' id='word_1_479' title='bbox 820 3059 868 3111; x_wconf 91' lang='lat' dir='ltr'><strong>si</strong></span> <span class='ocrx_word' id='word_1_480' title='bbox 894 3064 1088 3113; x_wconf 91' lang='lat' dir='ltr'><strong>autem</strong></span> <span class='ocrx_word' id='word_1_481' title='bbox 1130 3076 1187 3113; x_wconf 89' lang='lat' dir='ltr'><strong>se</strong></span> <span class='ocrx_word' id='word_1_482' title='bbox 1231 3061 1423 3113; x_wconf 89' lang='lat' dir='ltr'><strong>statim</strong></span> <span class='ocrx_word' id='word_1_483' title='bbox 1463 3061 1523 3113; x_wconf 94' lang='lat' dir='ltr'><strong>in</strong></span> <span class='ocrx_word' id='word_1_484' title='bbox 1564 3061 1687 3130; x_wconf 88' lang='lat' dir='ltr'><strong>ipsa</strong></span> <span class='ocrx_word' id='word_1_485' title='bbox 1716 3061 1986 3129; x_wconf 86' lang='lat' dir='ltr'><strong>novitate,</strong></span> 
     </span>
    </p>
   </div>
   <div class='ocr_carea' id='block_1_61' title="bbox 292 3150 1989 3220">
    <p class='ocr_par' dir='ltr' id='par_1_61' title="bbox 292 3150 1989 3220">
     <span class='ocr_line' id='line_1_61' title="bbox 292 3150 1989 3220; baseline 0.001 -18"><span class='ocrx_word' id='word_1_486' title='bbox 292 3153 425 3218; x_wconf 85' lang='lat' dir='ltr'><strong>post</strong></span> <span class='ocrx_word' id='word_1_487' title='bbox 455 3164 710 3201; x_wconf 87' lang='lat' dir='ltr'><strong>mensem</strong></span> <span class='ocrx_word' id='word_1_488' title='bbox 737 3151 839 3200; x_wconf 91' lang='lat' dir='ltr'><strong>aut</strong></span> <span class='ocrx_word' id='word_1_489' title='bbox 883 3151 1240 3217; x_wconf 88' lang='lat' dir='ltr'><strong>postremum</strong></span> <span class='ocrx_word' id='word_1_490' title='bbox 1291 3153 1421 3218; x_wconf 89' lang='lat' dir='ltr'><strong>post</strong></span> <span class='ocrx_word' id='word_1_491' title='bbox 1450 3150 1611 3214; x_wconf 89' lang='lat' dir='ltr'><strong>duos,</strong></span> <span class='ocrx_word' id='word_1_492' title='bbox 1661 3166 1719 3202; x_wconf 91' lang='lat' dir='ltr'><strong>se</strong></span> <span class='ocrx_word' id='word_1_493' title='bbox 1768 3150 1836 3203; x_wconf 89' lang='lat' dir='ltr'><strong>ad</strong></span> <span class='ocrx_word' id='word_1_494' title='bbox 1863 3151 1989 3220; x_wconf 83' lang='lat' dir='ltr'><strong>epi—</strong></span> 
     </span>
    </p>
   </div>
   <div class='ocr_carea' id='block_1_62' title="bbox 289 3235 1985 3306">
    <p class='ocr_par' dir='ltr' id='par_1_62' title="bbox 289 3235 1985 3306">
     <span class='ocr_line' id='line_1_62' title="bbox 289 3235 1985 3306; baseline 0.002 -17"><span class='ocrx_word' id='word_1_495' title='bbox 289 3252 530 3306; x_wconf 84' lang='lat' dir='ltr'><strong>scopum</strong></span> <span class='ocrx_word' id='word_1_496' title='bbox 556 3236 641 3290; x_wconf 85' lang='lat' dir='ltr'><strong>vel</strong></span> <span class='ocrx_word' id='word_1_497' title='bbox 672 3236 739 3290; x_wconf 90' lang='lat' dir='ltr'><strong>ad</strong></span> <span class='ocrx_word' id='word_1_498' title='bbox 774 3235 898 3304; x_wconf 86' lang='lat' dir='ltr'><strong>ejus</strong></span> <span class='ocrx_word' id='word_1_499' title='bbox 948 3235 1187 3289; x_wconf 90' lang='lat' dir='ltr'><strong>missum</strong></span> <span class='ocrx_word' id='word_1_500' title='bbox 1233 3237 1688 3306; x_wconf 90' lang='lat' dir='ltr'><strong>proclamaverit,</strong></span> <span class='ocrx_word' id='word_1_501' title='bbox 1745 3238 1941 3292; x_wconf 91' lang='lat' dir='ltr'><strong>dicens</strong></span> <span class='ocrx_word' id='word_1_502' title='bbox 1973 3257 1985 3292; x_wconf 89' lang='lat'><strong>:</strong></span> 
     </span>
    </p>
   </div>
   <div class='ocr_carea' id='block_1_63' title="bbox 289 3324 1990 3393">
    <p class='ocr_par' dir='ltr' id='par_1_63' title="bbox 289 3324 1990 3393">
     <span class='ocr_line' id='line_1_63' title="bbox 289 3324 1990 3393; baseline 0.002 -17"><span class='ocrx_word' id='word_1_503' title='bbox 289 3324 427 3377; x_wconf 88' lang='lat' dir='ltr'><strong>Volo</strong></span> <span class='ocrx_word' id='word_1_504' title='bbox 454 3329 636 3377; x_wconf 91' lang='lat' dir='ltr'><strong>mater</strong></span> <span class='ocrx_word' id='word_1_505' title='bbox 667 3340 810 3390; x_wconf 89' lang='lat' dir='ltr'><strong>esse,</strong></span> <span class='ocrx_word' id='word_1_506' title='bbox 844 3325 973 3377; x_wconf 90' lang='lat' dir='ltr'><strong>volo</strong></span> <span class='ocrx_word' id='word_1_507' title='bbox 1011 3324 1162 3377; x_wconf 84' lang='lat' dir='ltr'><strong>ﬁlios</strong></span> <span class='ocrx_word' id='word_1_508' title='bbox 1226 3341 1542 3393; x_wconf 88' lang='lat' dir='ltr'><strong>procreare,</strong></span> <span class='ocrx_word' id='word_1_509' title='bbox 1593 3331 1650 3379; x_wconf 89' lang='lat' dir='ltr'><strong>et</strong></span> <span class='ocrx_word' id='word_1_510' title='bbox 1699 3326 1829 3380; x_wconf 90' lang='lat' dir='ltr'><strong>ideo</strong></span> <span class='ocrx_word' id='word_1_511' title='bbox 1864 3343 1990 3380; x_wconf 90' lang='lat' dir='ltr'><strong>ma-</strong></span> 
     </span>
    </p>
   </div>
   <div class='ocr_carea' id='block_1_64' title="bbox 290 3411 1991 3484">
    <p class='ocr_par' dir='ltr' id='par_1_64' title="bbox 290 3411 1991 3484">
     <span class='ocr_line' id='line_1_64' title="bbox 290 3411 1991 3484; baseline 0.002 -20"><span class='ocrx_word' id='word_1_512' title='bbox 290 3413 464 3464; x_wconf 92' lang='lat' dir='ltr'><strong>ritum</strong></span> <span class='ocrx_word' id='word_1_513' title='bbox 517 3412 739 3482; x_wconf 89' lang='lat' dir='ltr'><strong>accepi;</strong></span> <span class='ocrx_word' id='word_1_514' title='bbox 793 3412 891 3465; x_wconf 91' lang='lat' dir='ltr'><strong>sed</strong></span> <span class='ocrx_word' id='word_1_515' title='bbox 951 3413 1092 3483; x_wconf 87' lang='lat' dir='ltr'><strong>quia</strong></span> <span class='ocrx_word' id='word_1_516' title='bbox 1140 3411 1226 3464; x_wconf 89' lang='lat' dir='ltr'><strong>vir</strong></span> <span class='ocrx_word' id='word_1_517' title='bbox 1290 3428 1461 3481; x_wconf 89' lang='lat' dir='ltr'><strong>quem</strong></span> <span class='ocrx_word' id='word_1_518' title='bbox 1518 3413 1710 3483; x_wconf 90' lang='lat' dir='ltr'><strong>accepi</strong></span> <span class='ocrx_word' id='word_1_519' title='bbox 1766 3413 1991 3484; x_wconf 67' lang='lat' dir='ltr'><strong>frigidas</strong></span> 
     </span>
    </p>
   </div>
   <div class='ocr_carea' id='block_1_65' title="bbox 290 3499 1989 3571">
    <p class='ocr_par' dir='ltr' id='par_1_65' title="bbox 290 3499 1989 3571">
     <span class='ocr_line' id='line_1_65' title="bbox 290 3499 1989 3571; baseline 0.002 -19"><span class='ocrx_word' id='word_1_520' title='bbox 290 3505 515 3553; x_wconf 62' lang='lat' dir='ltr'><strong>natura;</strong></span> <span class='ocrx_word' id='word_1_521' title='bbox 545 3504 649 3566; x_wconf 87' lang='lat' dir='ltr'><strong>est,</strong></span> <span class='ocrx_word' id='word_1_522' title='bbox 683 3515 796 3553; x_wconf 90' lang='lat' dir='ltr'><strong>non</strong></span> <span class='ocrx_word' id='word_1_523' title='bbox 853 3505 1041 3570; x_wconf 82' lang='lat' dir='ltr'><strong>potest</strong></span> <span class='ocrx_word' id='word_1_524' title='bbox 1071 3515 1138 3553; x_wconf 89' lang='lat' dir='ltr'><strong>ea</strong></span> <span class='ocrx_word' id='word_1_525' title='bbox 1173 3499 1357 3552; x_wconf 84' lang='lat' dir='ltr'><strong>facere</strong></span> <span class='ocrx_word' id='word_1_526' title='bbox 1401 3504 1637 3569; x_wconf 89' lang='lat' dir='ltr'><strong>propter</strong></span> <span class='ocrx_word' id='word_1_527' title='bbox 1686 3517 1816 3571; x_wconf 64' lang='lat' dir='ltr'><strong>qua:</strong></span> <span class='ocrx_word' id='word_1_528' title='bbox 1855 3517 1989 3555; x_wconf 90' lang='lat' dir='ltr'><strong>eum</strong></span> 
     </span>
    </p>
   </div>
   <div class='ocr_carea' id='block_1_66' title="bbox 290 3587 1987 3659">
    <p class='ocr_par' dir='ltr' id='par_1_66' title="bbox 290 3587 1987 3659">
     <span class='ocr_line' id='line_1_66' title="bbox 290 3587 1987 3659; baseline 0.001 -18"><span class='ocrx_word' id='word_1_529' title='bbox 290 3587 480 3658; x_wconf 85' lang='lat' dir='ltr'><strong>accepi</strong></span> <span class='ocrx_word' id='word_1_530' title='bbox 517 3604 528 3641; x_wconf 94' lang='lat'>:</span> <span class='ocrx_word' id='word_1_531' title='bbox 563 3587 609 3641; x_wconf 91' lang='lat' dir='ltr'><strong>si</strong></span> <span class='ocrx_word' id='word_1_532' title='bbox 636 3587 868 3659; x_wconf 89' lang='lat' dir='ltr'><strong>probari</strong></span> <span class='ocrx_word' id='word_1_533' title='bbox 897 3592 1082 3658; x_wconf 88' lang='lat' dir='ltr'><strong>potest</strong></span> <span class='ocrx_word' id='word_1_534' title='bbox 1111 3603 1212 3657; x_wconf 91' lang='lat' dir='ltr'><strong>per</strong></span> <span class='ocrx_word' id='word_1_535' title='bbox 1241 3592 1459 3641; x_wconf 91' lang='lat' dir='ltr'><strong>rectum</strong></span> <span class='ocrx_word' id='word_1_536' title='bbox 1485 3588 1789 3658; x_wconf 87' lang='lat' dir='ltr'><strong>judicium,</strong></span> <span class='ocrx_word' id='word_1_537' title='bbox 1824 3605 1987 3658; x_wconf 88' lang='lat' dir='ltr'><strong>sepa-</strong></span> 
     </span>
    </p>
   </div>
   <div class='ocr_carea' id='block_1_67' title="bbox 288 3675 1746 3746">
    <p class='ocr_par' dir='ltr' id='par_1_67' title="bbox 288 3675 1746 3746">
     <span class='ocr_line' id='line_1_67' title="bbox 288 3675 1746 3746; baseline 0.001 -17"><span class='ocrx_word' id='word_1_538' title='bbox 288 3677 403 3730; x_wconf 90' lang='lat' dir='ltr'><strong>rari</strong></span> <span class='ocrx_word' id='word_1_539' title='bbox 435 3677 692 3746; x_wconf 89' lang='lat' dir='ltr'><strong>potestis,</strong></span> <span class='ocrx_word' id='word_1_540' title='bbox 725 3680 781 3729; x_wconf 94' lang='lat' dir='ltr'><strong>et</strong></span> <span class='ocrx_word' id='word_1_541' title='bbox 810 3676 908 3728; x_wconf 89' lang='lat' dir='ltr'><strong>illa</strong></span> <span class='ocrx_word' id='word_1_542' title='bbox 938 3675 1117 3729; x_wconf 89' lang='lat' dir='ltr'><strong>nubat</strong></span> <span class='ocrx_word' id='word_1_543' title='bbox 1139 3675 1198 3728; x_wconf 90' lang='lat' dir='ltr'>in</span> <span class='ocrx_word' id='word_1_544' title='bbox 1234 3675 1496 3742; x_wconf 92' lang='lat' dir='ltr'><strong>Domino,</strong></span> <span class='ocrx_word' id='word_1_545' title='bbox 1529 3676 1574 3729; x_wconf 92' lang='lat' dir='ltr'><strong>si</strong></span> <span class='ocrx_word' id='word_1_546' title='bbox 1604 3677 1746 3730; x_wconf 85' lang='lat' dir='ltr'><strong>vult.</strong></span> 
     </span>
    </p>
   </div>
   <div class='ocr_carea' id='block_1_68' title="bbox 815 3763 1463 3829">
    <p class='ocr_par' dir='ltr' id='par_1_68' title="bbox 815 3763 1463 3829">
     <span class='ocr_line' id='line_1_68' title="bbox 815 3763 1463 3829; baseline -0.002 -12"><span class='ocrx_word' id='word_1_547' title='bbox 815 3765 957 3817; x_wconf 86' lang='lat' dir='ltr'><strong>Item</strong></span> <span class='ocrx_word' id='word_1_548' title='bbox 988 3763 1054 3817; x_wconf 87' lang='lat' dir='ltr'><strong>de</strong></span> <span class='ocrx_word' id='word_1_549' title='bbox 1082 3765 1463 3829; x_wconf 76' lang='lat' dir='ltr'><strong>fornicatione.</strong></span> 
     </span>
    </p>
   </div>
   <div class='ocr_carea' id='block_1_69' title="bbox 363 3851 1984 3920">
    <p class='ocr_par' dir='ltr' id='par_1_69' title="bbox 363 3851 1984 3920">
     <span class='ocr_line' id='line_1_69' title="bbox 363 3851 1984 3920; baseline -0.001 -12"><span class='ocrx_word' id='word_1_550' title='bbox 363 3852 563 3908; x_wconf 86' lang='lat' dir='ltr'><strong>Fecisti</strong></span> <span class='ocrx_word' id='word_1_551' title='bbox 604 3851 1042 3906; x_wconf 89' lang='lat' dir='ltr'><strong>fornicationem</strong></span> <span class='ocrx_word' id='word_1_552' title='bbox 1090 3867 1220 3904; x_wconf 93' lang='lat' dir='ltr'><strong>cum</strong></span> <span class='ocrx_word' id='word_1_553' title='bbox 1252 3868 1445 3906; x_wconf 89' lang='lat' dir='ltr'><strong>sorore</strong></span> <span class='ocrx_word' id='word_1_554' title='bbox 1476 3852 1619 3907; x_wconf 76' lang='lat' dir='ltr'><strong>tua?</strong></span> <span class='ocrx_word' id='word_1_555' title='bbox 1674 3852 1732 3907; x_wconf 92' lang='lat' dir='ltr'><strong>Si</strong></span> <span class='ocrx_word' id='word_1_556' title='bbox 1783 3852 1984 3920; x_wconf 88' lang='lat' dir='ltr'><strong>fecisti,</strong></span> 
     </span>
    </p>
   </div>
   <div class='ocr_carea' id='block_1_70' title="bbox 287 3941 1987 4012">
    <p class='ocr_par' dir='ltr' id='par_1_70' title="bbox 287 3941 1987 4012">
     <span class='ocr_line' id='line_1_70' title="bbox 287 3941 1987 4012; baseline -0.001 -15"><span class='ocrx_word' id='word_1_557' title='bbox 287 3943 329 3997; x_wconf 85' lang='lat' dir='ltr'><strong>X</strong></span> <span class='ocrx_word' id='word_1_558' title='bbox 358 3958 541 3996; x_wconf 88' lang='lat' dir='ltr'><strong>annos</strong></span> <span class='ocrx_word' id='word_1_559' title='bbox 568 3957 673 4012; x_wconf 92' lang='lat' dir='ltr'><strong>per</strong></span> <span class='ocrx_word' id='word_1_560' title='bbox 697 3941 983 4010; x_wconf 89' lang='lat' dir='ltr'><strong>legitimas</strong></span> <span class='ocrx_word' id='word_1_561' title='bbox 1011 3941 1200 4006; x_wconf 88' lang='lat' dir='ltr'><strong>ferias,</strong></span> <span class='ocrx_word' id='word_1_562' title='bbox 1250 3957 1428 3994; x_wconf 91' lang='lat' dir='ltr'><strong>unum</strong></span> <span class='ocrx_word' id='word_1_563' title='bbox 1480 3957 1548 3994; x_wconf 84' lang='lat' dir='ltr'><strong>ex</strong></span> <span class='ocrx_word' id='word_1_564' title='bbox 1596 3941 1686 3994; x_wconf 89' lang='lat' dir='ltr'><strong>his</strong></span> <span class='ocrx_word' id='word_1_565' title='bbox 1739 3941 1797 3994; x_wconf 91' lang='lat' dir='ltr'><strong>in</strong></span> <span class='ocrx_word' id='word_1_566' title='bbox 1839 3957 1987 4010; x_wconf 88' lang='lat' dir='ltr'><strong>pane</strong></span> 
     </span>
    </p>
   </div>
   <div class='ocr_carea' id='block_1_71' title="bbox 290 4029 1985 4101">
    <p class='ocr_par' dir='ltr' id='par_1_71' title="bbox 290 4029 1985 4101">
     <span class='ocr_line' id='line_1_71' title="bbox 290 4029 1985 4101; baseline 0 -18"><span class='ocrx_word' id='word_1_567' title='bbox 290 4035 348 4083; x_wconf 90' lang='lat' dir='ltr'><strong>et</strong></span> <span class='ocrx_word' id='word_1_568' title='bbox 406 4046 555 4101; x_wconf 91' lang='lat' dir='ltr'><strong>aqua</strong></span> <span class='ocrx_word' id='word_1_569' title='bbox 600 4029 901 4100; x_wconf 81' lang='lat' dir='ltr'><strong>pceniteas,</strong></span> <span class='ocrx_word' id='word_1_570' title='bbox 951 4033 1009 4082; x_wconf 91' lang='lat' dir='ltr'><strong>et</strong></span> <span class='ocrx_word' id='word_1_571' title='bbox 1055 4029 1310 4099; x_wconf 91' lang='lat' dir='ltr'><strong>quandiu</strong></span> <span class='ocrx_word' id='word_1_572' title='bbox 1365 4030 1538 4095; x_wconf 89' lang='lat' dir='ltr'><strong>vivas,</strong></span> <span class='ocrx_word' id='word_1_573' title='bbox 1589 4030 1985 4098; x_wconf 70' lang='lat' dir='ltr'><strong>paenitentiam</strong></span> 
     </span>
    </p>
   </div>
   <div class='ocr_carea' id='block_1_72' title="bbox 289 4117 1987 4188">
    <p class='ocr_par' dir='ltr' id='par_1_72' title="bbox 289 4117 1987 4188">
     <span class='ocr_line' id='line_1_72' title="bbox 289 4117 1987 4188; baseline 0 -17"><span class='ocrx_word' id='word_1_574' title='bbox 289 4133 446 4188; x_wconf 88' lang='lat' dir='ltr'><strong>agas,</strong></span> <span class='ocrx_word' id='word_1_575' title='bbox 479 4122 534 4172; x_wconf 91' lang='lat' dir='ltr'><strong>et</strong></span> <span class='ocrx_word' id='word_1_576' title='bbox 567 4119 644 4171; x_wconf 89' lang='lat' dir='ltr'><strong>sis</strong></span> <span class='ocrx_word' id='word_1_577' title='bbox 689 4117 813 4171; x_wconf 91' lang='lat' dir='ltr'><strong>sine</strong></span> <span class='ocrx_word' id='word_1_578' title='bbox 869 4133 968 4186; x_wconf 90' lang='lat' dir='ltr'><strong>spe</strong></span> <span class='ocrx_word' id='word_1_579' title='bbox 1015 4117 1287 4188; x_wconf 89' lang='lat' dir='ltr'><strong>conjugii.</strong></span> <span class='ocrx_word' id='word_1_580' title='bbox 1336 4118 1506 4172; x_wconf 90' lang='lat' dir='ltr'><strong>Soror</strong></span> <span class='ocrx_word' id='word_1_581' title='bbox 1553 4122 1746 4172; x_wconf 88' lang='lat' dir='ltr'><strong>autem</strong></span> <span class='ocrx_word' id='word_1_582' title='bbox 1775 4122 1896 4187; x_wconf 91' lang='lat' dir='ltr'><strong>tua,</strong></span> <span class='ocrx_word' id='word_1_583' title='bbox 1940 4118 1987 4171; x_wconf 91' lang='lat' dir='ltr'><strong>si</strong></span> 
     </span>
    </p>
   </div>
   <div class='ocr_carea' id='block_1_73' title="bbox 2098 3058 3795 3133">
    <p class='ocr_par' dir='ltr' id='par_1_73' title="bbox 2098 3058 3795 3133">
     <span class='ocr_line' id='line_1_73' title="bbox 2098 3058 3795 3133; baseline -0.004 -16"><span class='ocrx_word' id='word_1_584' title='bbox 2098 3079 2230 3117; x_wconf 91' lang='lat' dir='ltr'><strong>cum</strong></span> <span class='ocrx_word' id='word_1_585' title='bbox 2255 3078 2421 3133; x_wconf 91' lang='lat' dir='ltr'><strong>equa,</strong></span> <span class='ocrx_word' id='word_1_586' title='bbox 2464 3078 2594 3115; x_wconf 93' lang='lat' dir='ltr'><strong>cum</strong></span> <span class='ocrx_word' id='word_1_587' title='bbox 2635 3078 2818 3129; x_wconf 87' lang='lat' dir='ltr'><strong>vacca,</strong></span> <span class='ocrx_word' id='word_1_588' title='bbox 2879 3062 2965 3114; x_wconf 90' lang='lat' dir='ltr'><strong>vel</strong></span> <span class='ocrx_word' id='word_1_589' title='bbox 2999 3077 3129 3115; x_wconf 91' lang='lat' dir='ltr'><strong>cum</strong></span> <span class='ocrx_word' id='word_1_590' title='bbox 3161 3061 3343 3126; x_wconf 87' lang='lat' dir='ltr'><strong>asina,</strong></span> <span class='ocrx_word' id='word_1_591' title='bbox 3389 3060 3477 3113; x_wconf 87' lang='lat' dir='ltr'><strong>vel</strong></span> <span class='ocrx_word' id='word_1_592' title='bbox 3512 3073 3645 3112; x_wconf 92' lang='lat' dir='ltr'><strong>cum</strong></span> <span class='ocrx_word' id='word_1_593' title='bbox 3685 3058 3795 3111; x_wconf 89' lang='lat' dir='ltr'><strong>alio</strong></span> 
     </span>
    </p>
   </div>
   <div class='ocr_carea' id='block_1_74' title="bbox 2099 3146 3792 3222">
    <p class='ocr_par' dir='ltr' id='par_1_74' title="bbox 2099 3146 3792 3222">
     <span class='ocr_line' id='line_1_74' title="bbox 2099 3146 3792 3222; baseline -0.004 -17"><span class='ocrx_word' id='word_1_594' title='bbox 2099 3152 2299 3222; x_wconf 89' lang='lat' dir='ltr'><strong>aliquo</strong></span> <span class='ocrx_word' id='word_1_595' title='bbox 2332 3150 2608 3204; x_wconf 85' lang='lat' dir='ltr'><strong>animali?</strong></span> <span class='ocrx_word' id='word_1_596' title='bbox 2632 3150 2690 3204; x_wconf 93' lang='lat' dir='ltr'><strong>Si</strong></span> <span class='ocrx_word' id='word_1_597' title='bbox 2731 3150 2908 3202; x_wconf 87' lang='lat' dir='ltr'><strong>semel</strong></span> <span class='ocrx_word' id='word_1_598' title='bbox 2946 3150 3030 3203; x_wconf 91' lang='lat' dir='ltr'><strong>vel</strong></span> <span class='ocrx_word' id='word_1_599' title='bbox 3071 3149 3156 3203; x_wconf 88' lang='lat' dir='ltr'><strong>bis</strong></span> <span class='ocrx_word' id='word_1_600' title='bbox 3201 3148 3385 3202; x_wconf 81' lang='lat' dir='ltr'><strong>fecisti</strong></span> <span class='ocrx_word' id='word_1_601' title='bbox 3419 3164 3431 3200; x_wconf 91' lang='lat'>:</span> <span class='ocrx_word' id='word_1_602' title='bbox 3468 3153 3530 3200; x_wconf 90' lang='lat' dir='ltr'><strong>et</strong></span> <span class='ocrx_word' id='word_1_603' title='bbox 3571 3146 3619 3199; x_wconf 90' lang='lat' dir='ltr'><strong>si</strong></span> <span class='ocrx_word' id='word_1_604' title='bbox 3653 3161 3792 3199; x_wconf 81' lang='lat' dir='ltr'><strong>uxo-</strong></span> 
     </span>
    </p>
   </div>
   <div class='ocr_carea' id='block_1_75' title="bbox 2097 3234 3795 3308">
    <p class='ocr_par' dir='ltr' id='par_1_75' title="bbox 2097 3234 3795 3308">
     <span class='ocr_line' id='line_1_75' title="bbox 2097 3234 3795 3308; baseline -0.003 -16"><span class='ocrx_word' id='word_1_605' title='bbox 2097 3255 2240 3306; x_wconf 91' lang='lat' dir='ltr'><strong>rem,</strong></span> <span class='ocrx_word' id='word_1_606' title='bbox 2282 3255 2397 3292; x_wconf 92' lang='lat' dir='ltr'>non</span> <span class='ocrx_word' id='word_1_607' title='bbox 2439 3238 2709 3304; x_wconf 86' lang='lat' dir='ltr'><strong>habuisti,</strong></span> <span class='ocrx_word' id='word_1_608' title='bbox 2760 3239 2908 3308; x_wconf 91' lang='lat' dir='ltr'><strong>quod</strong></span> <span class='ocrx_word' id='word_1_609' title='bbox 2951 3238 3266 3308; x_wconf 89' lang='lat' dir='ltr'><strong>adimplere</strong></span> <span class='ocrx_word' id='word_1_610' title='bbox 3300 3241 3459 3290; x_wconf 89' lang='lat' dir='ltr'><strong>tuam</strong></span> <span class='ocrx_word' id='word_1_611' title='bbox 3491 3234 3795 3288; x_wconf 88' lang='lat' dir='ltr'><strong>libidinem</strong></span> 
     </span>
    </p>
   </div>
   <div class='ocr_carea' id='block_1_76' title="bbox 2095 3322 3796 3400">
    <p class='ocr_par' dir='ltr' id='par_1_76' title="bbox 2095 3322 3796 3400">
     <span class='ocr_line' id='line_1_76' title="bbox 2095 3322 3796 3400; baseline -0.004 -19"><span class='ocrx_word' id='word_1_612' title='bbox 2095 3327 2399 3400; x_wconf 89' lang='lat' dir='ltr'><strong>potuisses,</strong></span> <span class='ocrx_word' id='word_1_613' title='bbox 2441 3325 2822 3396; x_wconf 89' lang='lat' dir='ltr'><strong>quadraginta</strong></span> <span class='ocrx_word' id='word_1_614' title='bbox 2855 3326 2998 3392; x_wconf 90' lang='lat' dir='ltr'><strong>dies,</strong></span> <span class='ocrx_word' id='word_1_615' title='bbox 3052 3327 3111 3379; x_wconf 91' lang='lat' dir='ltr'><strong>in</strong></span> <span class='ocrx_word' id='word_1_616' title='bbox 3154 3340 3302 3395; x_wconf 85' lang='lat' dir='ltr'><strong>pane</strong></span> <span class='ocrx_word' id='word_1_617' title='bbox 3341 3329 3400 3378; x_wconf 90' lang='lat' dir='ltr'><strong>et</strong></span> <span class='ocrx_word' id='word_1_618' title='bbox 3428 3339 3602 3394; x_wconf 89' lang='lat' dir='ltr'><strong>aqua,</strong></span> <span class='ocrx_word' id='word_1_619' title='bbox 3645 3322 3796 3392; x_wconf 88' lang='lat' dir='ltr'><strong>quod</strong></span> 
     </span>
    </p>
   </div>
   <div class='ocr_carea' id='block_1_77' title="bbox 2097 3410 3796 3483">
    <p class='ocr_par' dir='ltr' id='par_1_77' title="bbox 2097 3410 3796 3483">
     <span class='ocr_line' id='line_1_77' title="bbox 2097 3410 3796 3483; baseline -0.002 -15"><span class='ocrx_word' id='word_1_620' title='bbox 2097 3415 2351 3469; x_wconf 90' lang='lat' dir='ltr'><strong>carinam</strong></span> <span class='ocrx_word' id='word_1_621' title='bbox 2379 3418 2600 3481; x_wconf 90' lang='lat' dir='ltr'><strong>vocant,</strong></span> <span class='ocrx_word' id='word_1_622' title='bbox 2633 3429 2763 3467; x_wconf 92' lang='lat' dir='ltr'><strong>cum</strong></span> <span class='ocrx_word' id='word_1_623' title='bbox 2793 3419 3012 3482; x_wconf 90' lang='lat' dir='ltr'><strong>septem</strong></span> <span class='ocrx_word' id='word_1_624' title='bbox 3055 3411 3430 3483; x_wconf 83' lang='lat' dir='ltr'><strong>sequentibus</strong></span> <span class='ocrx_word' id='word_1_625' title='bbox 3481 3410 3648 3464; x_wconf 88' lang='lat' dir='ltr'><strong>annis</strong></span> <span class='ocrx_word' id='word_1_626' title='bbox 3675 3425 3796 3479; x_wconf 71' lang='lat' dir='ltr'><strong>pas-</strong></span> 
     </span>
    </p>
   </div>
   <div class='ocr_carea' id='block_1_78' title="bbox 2097 3497 3800 3572">
    <p class='ocr_par' dir='ltr' id='par_1_78' title="bbox 2097 3497 3800 3572">
     <span class='ocr_line' id='line_1_78' title="bbox 2097 3497 3800 3572; baseline -0.003 -15"><span class='ocrx_word' id='word_1_627' title='bbox 2097 3504 2279 3558; x_wconf 92' lang='lat' dir='ltr'><strong>nitere</strong></span> <span class='ocrx_word' id='word_1_628' title='bbox 2336 3503 2532 3568; x_wconf 85' lang='lat' dir='ltr'><strong>debes,</strong></span> <span class='ocrx_word' id='word_1_629' title='bbox 2573 3505 2639 3562; x_wconf 65' lang='lat' dir='ltr'><strong>,et</strong></span> <span class='ocrx_word' id='word_1_630' title='bbox 2685 3517 2983 3572; x_wconf 90' lang='lat' dir='ltr'><strong>nunquam</strong></span> <span class='ocrx_word' id='word_1_631' title='bbox 3031 3501 3108 3554; x_wconf 92' lang='lat' dir='ltr'><strong>sis</strong></span> <span class='ocrx_word' id='word_1_632' title='bbox 3168 3500 3291 3553; x_wconf 91' lang='lat' dir='ltr'><strong>sine</strong></span> <span class='ocrx_word' id='word_1_633' title='bbox 3336 3497 3694 3570; x_wconf 68' lang='lat' dir='ltr'><strong>paenitentia.</strong></span> <span class='ocrx_word' id='word_1_634' title='bbox 3745 3497 3800 3552; x_wconf 88' lang='lat' dir='ltr'><strong>Si</strong></span> 
     </span>
    </p>
   </div>
   <div class='ocr_carea' id='block_1_79' title="bbox 2098 3587 3802 3659">
    <p class='ocr_par' dir='ltr' id='par_1_79' title="bbox 2098 3587 3802 3659">
     <span class='ocr_line' id='line_1_79' title="bbox 2098 3587 3802 3659; baseline -0.005 -13"><span class='ocrx_word' id='word_1_635' title='bbox 2098 3598 2289 3646; x_wconf 88' lang='lat' dir='ltr'><strong>autem</strong></span> <span class='ocrx_word' id='word_1_636' title='bbox 2322 3607 2560 3644; x_wconf 82' lang='lat' dir='ltr'><strong>uxorem</strong></span> <span class='ocrx_word' id='word_1_637' title='bbox 2588 3589 2860 3653; x_wconf 88' lang='lat' dir='ltr'><strong>habuisti,</strong></span> <span class='ocrx_word' id='word_1_638' title='bbox 2897 3590 3095 3644; x_wconf 90' lang='lat' dir='ltr'><strong>decem</strong></span> <span class='ocrx_word' id='word_1_639' title='bbox 3135 3605 3315 3643; x_wconf 89' lang='lat' dir='ltr'><strong>annos</strong></span> <span class='ocrx_word' id='word_1_640' title='bbox 3358 3604 3463 3659; x_wconf 90' lang='lat' dir='ltr'><strong>per</strong></span> <span class='ocrx_word' id='word_1_641' title='bbox 3510 3587 3802 3658; x_wconf 88' lang='lat' dir='ltr'><strong>legitimas</strong></span> 
     </span>
    </p>
   </div>
   <div class='ocr_carea' id='block_1_80' title="bbox 2096 3675 3802 3749">
    <p class='ocr_par' dir='ltr' id='par_1_80' title="bbox 2096 3675 3802 3749">
     <span class='ocr_line' id='line_1_80' title="bbox 2096 3675 3802 3749; baseline -0.004 -15"><span class='ocrx_word' id='word_1_642' title='bbox 2096 3680 2266 3734; x_wconf 88' lang='lat' dir='ltr'><strong>ferias</strong></span> <span class='ocrx_word' id='word_1_643' title='bbox 2321 3680 2600 3749; x_wconf 73' lang='lat' dir='ltr'><strong>pmnitere</strong></span> <span class='ocrx_word' id='word_1_644' title='bbox 2653 3679 2844 3732; x_wconf 90' lang='lat' dir='ltr'><strong>debes.</strong></span> <span class='ocrx_word' id='word_1_645' title='bbox 2905 3678 2964 3732; x_wconf 93' lang='lat' dir='ltr'><strong>Si</strong></span> <span class='ocrx_word' id='word_1_646' title='bbox 3022 3683 3212 3732; x_wconf 92' lang='lat' dir='ltr'><strong>autem</strong></span> <span class='ocrx_word' id='word_1_647' title='bbox 3262 3678 3326 3730; x_wconf 91' lang='lat' dir='ltr'>in</span> <span class='ocrx_word' id='word_1_648' title='bbox 3388 3675 3802 3730; x_wconf 89' lang='lat' dir='ltr'><strong>consuetudine</strong></span> 
     </span>
    </p>
   </div>
   <div class='ocr_carea' id='block_1_81' title="bbox 2095 3763 3803 3836">
    <p class='ocr_par' dir='ltr' id='par_1_81' title="bbox 2095 3763 3803 3836">
     <span class='ocr_line' id='line_1_81' title="bbox 2095 3763 3803 3836; baseline -0.004 -14"><span class='ocrx_word' id='word_1_649' title='bbox 2095 3767 2347 3822; x_wconf 87' lang='lat' dir='ltr'><strong>habuisti</strong></span> <span class='ocrx_word' id='word_1_650' title='bbox 2372 3768 2512 3822; x_wconf 90' lang='lat' dir='ltr'><strong>illud</strong></span> <span class='ocrx_word' id='word_1_651' title='bbox 2552 3767 2753 3835; x_wconf 84' lang='lat' dir='ltr'><strong>scelus,</strong></span> <span class='ocrx_word' id='word_1_652' title='bbox 2785 3766 2877 3822; x_wconf 85' lang='lat' dir='ltr'><strong>XV</strong></span> <span class='ocrx_word' id='word_1_653' title='bbox 2925 3783 3104 3820; x_wconf 91' lang='lat' dir='ltr'><strong>annos</strong></span> <span class='ocrx_word' id='word_1_654' title='bbox 3151 3783 3256 3836; x_wconf 93' lang='lat' dir='ltr'><strong>per</strong></span> <span class='ocrx_word' id='word_1_655' title='bbox 3300 3765 3589 3836; x_wconf 87' lang='lat' dir='ltr'><strong>legitimas</strong></span> <span class='ocrx_word' id='word_1_656' title='bbox 3628 3763 3803 3817; x_wconf 87' lang='lat' dir='ltr'><strong>ferias</strong></span> 
     </span>
    </p>
   </div>
   <div class='ocr_carea' id='block_1_82' title="bbox 2099 3851 3804 3926">
    <p class='ocr_par' dir='ltr' id='par_1_82' title="bbox 2099 3851 3804 3926">
     <span class='ocr_line' id='line_1_82' title="bbox 2099 3851 3804 3926; baseline -0.003 -16"><span class='ocrx_word' id='word_1_657' title='bbox 2099 3857 2375 3926; x_wconf 68' lang='lat' dir='ltr'><strong>paenitere</strong></span> <span class='ocrx_word' id='word_1_658' title='bbox 2401 3856 2592 3910; x_wconf 89' lang='lat' dir='ltr'><strong>debes.</strong></span> <span class='ocrx_word' id='word_1_659' title='bbox 2626 3855 2684 3910; x_wconf 91' lang='lat' dir='ltr'><strong>Si</strong></span> <span class='ocrx_word' id='word_1_660' title='bbox 2713 3857 2774 3908; x_wconf 89' lang='lat' dir='ltr'><strong>in</strong></span> <span class='ocrx_word' id='word_1_661' title='bbox 2804 3855 3046 3925; x_wconf 90' lang='lat' dir='ltr'><strong>pueritia</strong></span> <span class='ocrx_word' id='word_1_662' title='bbox 3074 3853 3175 3908; x_wconf 91' lang='lat' dir='ltr'><strong>tibi</strong></span> <span class='ocrx_word' id='word_1_663' title='bbox 3221 3854 3562 3924; x_wconf 88' lang='lat' dir='ltr'><strong>contigerat,</strong></span> <span class='ocrx_word' id='word_1_664' title='bbox 3609 3851 3651 3906; x_wconf 88' lang='lat' dir='ltr'><strong>C</strong></span> <span class='ocrx_word' id='word_1_665' title='bbox 3679 3851 3804 3906; x_wconf 88' lang='lat' dir='ltr'><strong>dies</strong></span> 
     </span>
    </p>
   </div>
   <div class='ocr_carea' id='block_1_83' title="bbox 2098 3942 3126 4015">
    <p class='ocr_par' dir='ltr' id='par_1_83' title="bbox 2098 3942 3126 4015">
     <span class='ocr_line' id='line_1_83' title="bbox 2098 3942 3126 4015; baseline -0.003 -18"><span class='ocrx_word' id='word_1_666' title='bbox 2098 3945 2160 3997; x_wconf 90' lang='lat' dir='ltr'>in</span> <span class='ocrx_word' id='word_1_667' title='bbox 2184 3961 2332 4015; x_wconf 90' lang='lat' dir='ltr'><strong>pane</strong></span> <span class='ocrx_word' id='word_1_668' title='bbox 2364 3947 2420 3996; x_wconf 92' lang='lat' dir='ltr'><strong>et</strong></span> <span class='ocrx_word' id='word_1_669' title='bbox 2449 3958 2600 4014; x_wconf 90' lang='lat' dir='ltr'><strong>aqua</strong></span> <span class='ocrx_word' id='word_1_670' title='bbox 2629 3942 2798 3996; x_wconf 90' lang='lat' dir='ltr'><strong>debes</strong></span> <span class='ocrx_word' id='word_1_671' title='bbox 2827 3943 3126 4011; x_wconf 81' lang='lat' dir='ltr'><strong>pcenitere.</strong></span> 
     </span>
    </p>
   </div>
   <div class='ocr_carea' id='block_1_84' title="bbox 2167 4027 3799 4100">
    <p class='ocr_par' dir='ltr' id='par_1_84' title="bbox 2167 4027 3799 4100">
     <span class='ocr_line' id='line_1_84' title="bbox 2167 4027 3799 4100; baseline -0.002 -15"><span class='ocrx_word' id='word_1_672' title='bbox 2167 4031 2225 4086; x_wconf 92' lang='lat' dir='ltr'><strong>Si</strong></span> <span class='ocrx_word' id='word_1_673' title='bbox 2258 4036 2451 4084; x_wconf 89' lang='lat' dir='ltr'><strong>autem</strong></span> <span class='ocrx_word' id='word_1_674' title='bbox 2499 4046 2694 4083; x_wconf 91' lang='lat' dir='ltr'><strong>servus</strong></span> <span class='ocrx_word' id='word_1_675' title='bbox 2735 4033 2819 4083; x_wconf 91' lang='lat' dir='ltr'><strong>est</strong></span> <span class='ocrx_word' id='word_1_676' title='bbox 2862 4031 2962 4100; x_wconf 91' lang='lat' dir='ltr'><strong>qui</strong></span> <span class='ocrx_word' id='word_1_677' title='bbox 2999 4031 3121 4084; x_wconf 66' lang='lat' dir='ltr'><strong>hinc</strong></span> <span class='ocrx_word' id='word_1_678' title='bbox 3144 4027 3363 4095; x_wconf 85' lang='lat' dir='ltr'><strong>fecerit,</strong></span> <span class='ocrx_word' id='word_1_679' title='bbox 3398 4032 3454 4082; x_wconf 92' lang='lat' dir='ltr'><strong>et</strong></span> <span class='ocrx_word' id='word_1_680' title='bbox 3498 4032 3799 4093; x_wconf 84' lang='lat' dir='ltr'><strong>uxoratus,</strong></span> 
     </span>
    </p>
   </div>
   <div class='ocr_carea' id='block_1_85' title="bbox 2096 4116 3801 4189">
    <p class='ocr_par' dir='ltr' id='par_1_85' title="bbox 2096 4116 3801 4189">
     <span class='ocr_line' id='line_1_85' title="bbox 2096 4116 3801 4189; baseline -0.003 -15"><span class='ocrx_word' id='word_1_681' title='bbox 2096 4123 2156 4174; x_wconf 89' lang='lat' dir='ltr'><strong>et</strong></span> <span class='ocrx_word' id='word_1_682' title='bbox 2183 4136 2312 4174; x_wconf 93' lang='lat' dir='ltr'>cum</span> <span class='ocrx_word' id='word_1_683' title='bbox 2345 4118 2685 4173; x_wconf 88' lang='lat' dir='ltr'><strong>animalibus</strong></span> <span class='ocrx_word' id='word_1_684' title='bbox 2714 4123 2928 4189; x_wconf 89' lang='lat' dir='ltr'><strong>peccat,</strong></span> <span class='ocrx_word' id='word_1_685' title='bbox 2977 4118 3026 4172; x_wconf 91' lang='lat' dir='ltr'><strong>si</strong></span> <span class='ocrx_word' id='word_1_686' title='bbox 3076 4133 3204 4172; x_wconf 93' lang='lat' dir='ltr'>cum</span> <span class='ocrx_word' id='word_1_687' title='bbox 3237 4117 3427 4187; x_wconf 91' lang='lat' dir='ltr'><strong>scopis</strong></span> <span class='ocrx_word' id='word_1_688' title='bbox 3451 4117 3600 4171; x_wconf 89' lang='lat' dir='ltr'><strong>bene</strong></span> <span class='ocrx_word' id='word_1_689' title='bbox 3632 4116 3801 4170; x_wconf 83' lang='lat' dir='ltr'><strong>casti-</strong></span> 
     </span>
    </p>
   </div>
   <div class='ocr_carea' id='block_1_86' title="bbox 288 4204 3807 4301">
    <p class='ocr_par' dir='ltr' id='par_1_86' title="bbox 288 4204 3807 4301">
     <span class='ocr_line' id='line_1_86' title="bbox 288 4204 3807 4301; baseline -0.001 -41"><span class='ocrx_word' id='word_1_690' title='bbox 288 4207 651 4260; x_wconf 89' lang='lat' dir='ltr'><strong>consentiens</strong></span> <span class='ocrx_word' id='word_1_691' title='bbox 699 4221 817 4258; x_wconf 92' lang='lat' dir='ltr'><strong>non</strong></span> <span class='ocrx_word' id='word_1_692' title='bbox 859 4205 982 4270; x_wconf 88' lang='lat' dir='ltr'><strong>fuit,</strong></span> <span class='ocrx_word' id='word_1_693' title='bbox 1022 4206 1358 4274; x_wconf 61' lang='lat' dir='ltr'><strong>paenitentia</strong></span> <span class='ocrx_word' id='word_1_694' title='bbox 1402 4210 1648 4275; x_wconf 50' lang='lat' dir='ltr'><strong>peracta,</strong></span> <span class='ocrx_word' id='word_1_695' title='bbox 1682 4206 1730 4259; x_wconf 91' lang='lat' dir='ltr'><strong>si</strong></span> <span class='ocrx_word' id='word_1_696' title='bbox 1759 4223 1818 4259; x_wconf 90' lang='lat' dir='ltr'><strong>se</strong></span> <span class='ocrx_word' id='word_1_697' title='bbox 1847 4223 1984 4261; x_wconf 90' lang='lat' dir='ltr'><strong>con-</strong></span> <span class='ocrx_word' id='word_1_698' title='bbox 2019 4246 2063 4301; x_wconf 66' lang='grc' dir='ltr'><strong>Β</strong></span> <span class='ocrx_word' id='word_1_699' title='bbox 2101 4213 2290 4278; x_wconf 88' lang='lat' dir='ltr'><strong>gatur,</strong></span> <span class='ocrx_word' id='word_1_700' title='bbox 2341 4212 2456 4261; x_wconf 90' lang='lat' dir='ltr'><strong>tres</strong></span> <span class='ocrx_word' id='word_1_701' title='bbox 2507 4205 2832 4277; x_wconf 79' lang='lat' dir='ltr'><strong>annos&#39;per</strong></span> <span class='ocrx_word' id='word_1_702' title='bbox 2860 4207 3144 4277; x_wconf 86' lang='lat' dir='ltr'><strong>legitimas</strong></span> <span class='ocrx_word' id='word_1_703' title='bbox 3189 4206 3364 4259; x_wconf 90' lang='lat' dir='ltr'><strong>ferias</strong></span> <span class='ocrx_word' id='word_1_704' title='bbox 3411 4206 3712 4276; x_wconf 72' lang='lat' dir='ltr'><strong>paeniteat.</strong></span> <span class='ocrx_word' id='word_1_705' title='bbox 3745 4204 3807 4260; x_wconf 91' lang='lat' dir='ltr'><strong>Si</strong></span> 
     </span>
    </p>
   </div>
   <div class='ocr_carea' id='block_1_87' title="bbox 289 4294 1416 4363">
    <p class='ocr_par' dir='ltr' id='par_1_87' title="bbox 289 4294 1416 4363">
     <span class='ocr_line' id='line_1_87' title="bbox 289 4294 1416 4363; baseline 0 -15"><span class='ocrx_word' id='word_1_706' title='bbox 289 4294 472 4348; x_wconf 91' lang='lat' dir='ltr'><strong>tinere</strong></span> <span class='ocrx_word' id='word_1_707' title='bbox 497 4310 612 4347; x_wconf 92' lang='lat' dir='ltr'><strong>non</strong></span> <span class='ocrx_word' id='word_1_708' title='bbox 641 4297 847 4363; x_wconf 89' lang='lat' dir='ltr'><strong>potest,</strong></span> <span class='ocrx_word' id='word_1_709' title='bbox 874 4294 1053 4348; x_wconf 85' lang='lat' dir='ltr'><strong>nubat</strong></span> <span class='ocrx_word' id='word_1_710' title='bbox 1073 4295 1131 4347; x_wconf 92' lang='lat' dir='ltr'><strong>in</strong></span> <span class='ocrx_word' id='word_1_711' title='bbox 1158 4294 1416 4348; x_wconf 91' lang='lat' dir='ltr'><strong>Domino.</strong></span> 
     </span>
    </p>
   </div>
   <div class='ocr_carea' id='block_1_88' title="bbox 364 4381 1988 4439">
    <p class='ocr_par' dir='ltr' id='par_1_88' title="bbox 364 4381 1988 4439">
     <span class='ocr_line' id='line_1_88' title="bbox 364 4381 1988 4439; baseline 0.001 -3"><span class='ocrx_word' id='word_1_712' title='bbox 364 4382 564 4436; x_wconf 80' lang='lat' dir='ltr'><strong>Fecisti</strong></span> <span class='ocrx_word' id='word_1_713' title='bbox 620 4381 1053 4436; x_wconf 81' lang='lat' dir='ltr'><strong>fornicationem</strong></span> <span class='ocrx_word' id='word_1_714' title='bbox 1109 4397 1241 4435; x_wconf 91' lang='lat' dir='ltr'><strong>cum</strong></span> <span class='ocrx_word' id='word_1_715' title='bbox 1293 4383 1470 4435; x_wconf 91' lang='lat' dir='ltr'><strong>amita</strong></span> <span class='ocrx_word' id='word_1_716' title='bbox 1532 4383 1619 4436; x_wconf 93' lang='lat' dir='ltr'><strong>vel</strong></span> <span class='ocrx_word' id='word_1_717' title='bbox 1676 4387 1988 4439; x_wconf 88' lang='lat' dir='ltr'><strong>matertera</strong></span> 
     </span>
    </p>
   </div>
   <div class='ocr_carea' id='block_1_89' title="bbox 292 4471 1984 4542">
    <p class='ocr_par' dir='ltr' id='par_1_89' title="bbox 292 4471 1984 4542">
     <span class='ocr_line' id='line_1_89' title="bbox 292 4471 1984 4542; baseline 0.002 -19"><span class='ocrx_word' id='word_1_718' title='bbox 292 4476 412 4537; x_wconf 88' lang='lat' dir='ltr'><strong>tua,</strong></span> <span class='ocrx_word' id='word_1_719' title='bbox 451 4471 539 4523; x_wconf 91' lang='lat' dir='ltr'><strong>vel</strong></span> <span class='ocrx_word' id='word_1_720' title='bbox 580 4486 709 4523; x_wconf 80' lang='lat' dir='ltr'><strong>cum</strong></span> <span class='ocrx_word' id='word_1_721' title='bbox 737 4486 910 4525; x_wconf 84' lang='lat' dir='ltr'><strong>uxore</strong></span> <span class='ocrx_word' id='word_1_722' title='bbox 947 4471 1140 4542; x_wconf 89' lang='lat' dir='ltr'><strong>patrui</strong></span> <span class='ocrx_word' id='word_1_723' title='bbox 1177 4471 1262 4523; x_wconf 90' lang='lat' dir='ltr'><strong>vel</strong></span> <span class='ocrx_word' id='word_1_724' title='bbox 1303 4471 1569 4524; x_wconf 90' lang='lat' dir='ltr'><strong>avunculi</strong></span> <span class='ocrx_word' id='word_1_725' title='bbox 1607 4471 1733 4524; x_wconf 87' lang='lat' dir='ltr'><strong>tui?</strong></span> <span class='ocrx_word' id='word_1_726' title='bbox 1760 4471 1818 4526; x_wconf 88' lang='lat' dir='ltr'><strong>Si</strong></span> <span class='ocrx_word' id='word_1_727' title='bbox 1847 4473 1984 4526; x_wconf 91' lang='lat' dir='ltr'><strong>feci-</strong></span> 
     </span>
    </p>
   </div>
   <div class='ocr_carea' id='block_1_90' title="bbox 291 4558 1985 4629">
    <p class='ocr_par' dir='ltr' id='par_1_90' title="bbox 291 4558 1985 4629">
     <span class='ocr_line' id='line_1_90' title="bbox 291 4558 1985 4629; baseline 0.002 -17"><span class='ocrx_word' id='word_1_728' title='bbox 291 4558 384 4625; x_wconf 91' lang='lat' dir='ltr'><strong>sti,</strong></span> <span class='ocrx_word' id='word_1_729' title='bbox 416 4558 486 4612; x_wconf 92' lang='lat' dir='ltr'><strong>de</strong></span> <span class='ocrx_word' id='word_1_730' title='bbox 525 4575 614 4612; x_wconf 90' lang='lat' dir='ltr'><strong>em</strong></span> <span class='ocrx_word' id='word_1_731' title='bbox 647 4575 823 4612; x_wconf 87' lang='lat' dir='ltr'><strong>annos</strong></span> <span class='ocrx_word' id='word_1_732' title='bbox 845 4576 949 4629; x_wconf 90' lang='lat' dir='ltr'><strong>per</strong></span> <span class='ocrx_word' id='word_1_733' title='bbox 978 4559 1265 4628; x_wconf 89' lang='lat' dir='ltr'><strong>legitimas</strong></span> <span class='ocrx_word' id='word_1_734' title='bbox 1297 4559 1465 4612; x_wconf 89' lang='lat' dir='ltr'><strong>ferias</strong></span> <span class='ocrx_word' id='word_1_735' title='bbox 1496 4559 1772 4629; x_wconf 67' lang='lat' dir='ltr'><strong>paenitere</strong></span> <span class='ocrx_word' id='word_1_736' title='bbox 1792 4560 1985 4628; x_wconf 82' lang='lat' dir='ltr'><strong>debes,</strong></span> 
     </span>
    </p>
   </div>
   <div class='ocr_carea' id='block_1_91' title="bbox 293 4645 1988 4717">
    <p class='ocr_par' dir='ltr' id='par_1_91' title="bbox 293 4645 1988 4717">
     <span class='ocr_line' id='line_1_91' title="bbox 293 4645 1988 4717; baseline 0.004 -20"><span class='ocrx_word' id='word_1_737' title='bbox 293 4659 408 4698; x_wconf 83' lang='lat' dir='ltr'><strong>unu</strong></span> <span class='ocrx_word' id='word_1_738' title='bbox 505 4661 573 4698; x_wconf 79' lang='lat' dir='ltr'><strong>ex</strong></span> <span class='ocrx_word' id='word_1_739' title='bbox 603 4645 692 4698; x_wconf 91' lang='lat' dir='ltr'><strong>his</strong></span> <span class='ocrx_word' id='word_1_740' title='bbox 720 4645 778 4698; x_wconf 90' lang='lat' dir='ltr'><strong>in</strong></span> <span class='ocrx_word' id='word_1_741' title='bbox 810 4663 958 4716; x_wconf 87' lang='lat' dir='ltr'><strong>pane</strong></span> <span class='ocrx_word' id='word_1_742' title='bbox 989 4651 1045 4699; x_wconf 88' lang='lat' dir='ltr'><strong>et</strong></span> <span class='ocrx_word' id='word_1_743' title='bbox 1071 4662 1236 4716; x_wconf 89' lang='lat' dir='ltr'><strong>aqua,</strong></span> <span class='ocrx_word' id='word_1_744' title='bbox 1265 4651 1322 4699; x_wconf 88' lang='lat' dir='ltr'><strong>et</strong></span> <span class='ocrx_word' id='word_1_745' title='bbox 1351 4646 1607 4717; x_wconf 88' lang='lat' dir='ltr'><strong>quandiu</strong></span> <span class='ocrx_word' id='word_1_746' title='bbox 1637 4647 1814 4714; x_wconf 90' lang='lat' dir='ltr'><strong>vivas,</strong></span> <span class='ocrx_word' id='word_1_747' title='bbox 1865 4649 1988 4703; x_wconf 90' lang='lat' dir='ltr'><strong>sine</strong></span> 
     </span>
    </p>
   </div>
   <div class='ocr_carea' id='block_1_92' title="bbox 289 4732 1988 4805">
    <p class='ocr_par' dir='ltr' id='par_1_92' title="bbox 289 4732 1988 4805">
     <span class='ocr_line' id='line_1_92' title="bbox 289 4732 1988 4805; baseline 0.002 -18"><span class='ocrx_word' id='word_1_748' title='bbox 289 4732 630 4803; x_wconf 78' lang='lat' dir='ltr'><strong>p.-;uitentia</strong></span> <span class='ocrx_word' id='word_1_749' title='bbox 670 4751 789 4788; x_wconf 90' lang='lat' dir='ltr'><strong>non</strong></span> <span class='ocrx_word' id='word_1_750' title='bbox 835 4734 930 4802; x_wconf 92' lang='lat' dir='ltr'><strong>sis,</strong></span> <span class='ocrx_word' id='word_1_751' title='bbox 983 4738 1039 4787; x_wconf 91' lang='lat' dir='ltr'><strong>et</strong></span> <span class='ocrx_word' id='word_1_752' title='bbox 1087 4733 1208 4788; x_wconf 89' lang='lat' dir='ltr'><strong>sine</strong></span> <span class='ocrx_word' id='word_1_753' title='bbox 1257 4751 1357 4805; x_wconf 91' lang='lat' dir='ltr'><strong>spe</strong></span> <span class='ocrx_word' id='word_1_754' title='bbox 1405 4735 1604 4789; x_wconf 84' lang='lat' dir='ltr'><strong>uxoria</strong></span> <span class='ocrx_word' id='word_1_755' title='bbox 1649 4752 1988 4805; x_wconf 90' lang='lat' dir='ltr'><strong>permanere</strong></span> 
     </span>
    </p>
   </div>
   <div class='ocr_carea' id='block_1_93' title="bbox 291 4822 1988 4894">
    <p class='ocr_par' dir='ltr' id='par_1_93' title="bbox 291 4822 1988 4894">
     <span class='ocr_line' id='line_1_93' title="bbox 291 4822 1988 4894; baseline 0.002 -18"><span class='ocrx_word' id='word_1_756' title='bbox 291 4823 484 4888; x_wconf 60' lang='lat' dir='ltr'><strong>rebes,</strong></span> <span class='ocrx_word' id='word_1_757' title='bbox 540 4822 650 4876; x_wconf 91' lang='lat' dir='ltr'><strong>nisi</strong></span> <span class='ocrx_word' id='word_1_758' title='bbox 702 4823 1005 4893; x_wconf 91' lang='lat' dir='ltr'><strong>episcopus</strong></span> <span class='ocrx_word' id='word_1_759' title='bbox 1075 4823 1324 4894; x_wconf 89' lang='lat' dir='ltr'><strong>aliquam</strong></span> <span class='ocrx_word' id='word_1_760' title='bbox 1375 4824 1830 4880; x_wconf 87' lang='lat' dir='ltr'><strong>misericordiam</strong></span> <span class='ocrx_word' id='word_1_761' title='bbox 1881 4826 1988 4880; x_wconf 91' lang='lat' dir='ltr'><strong>tibi</strong></span> 
     </span>
    </p>
   </div>
   <div class='ocr_carea' id='block_1_94' title="bbox 291 4911 896 4966">
    <p class='ocr_par' dir='ltr' id='par_1_94' title="bbox 291 4911 896 4966">
     <span class='ocr_line' id='line_1_94' title="bbox 291 4911 896 4966; baseline -0.002 0"><span class='ocrx_word' id='word_1_762' title='bbox 291 4912 601 4966; x_wconf 90' lang='lat' dir='ltr'><strong>concedere</strong></span> <span class='ocrx_word' id='word_1_763' title='bbox 635 4911 896 4965; x_wconf 91' lang='lat' dir='ltr'><strong>voluerit.</strong></span> 
     </span>
    </p>
   </div>
   <div class='ocr_carea' id='block_1_95' title="bbox 362 4999 1984 5069">
    <p class='ocr_par' dir='ltr' id='par_1_95' title="bbox 362 4999 1984 5069">
     <span class='ocr_line' id='line_1_95' title="bbox 362 4999 1984 5069; baseline 0.001 -16"><span class='ocrx_word' id='word_1_764' title='bbox 362 4999 564 5053; x_wconf 87' lang='lat' dir='ltr'><strong>Fecisti</strong></span> <span class='ocrx_word' id='word_1_765' title='bbox 634 4999 1074 5053; x_wconf 89' lang='lat' dir='ltr'><strong>fornicationem</strong></span> <span class='ocrx_word' id='word_1_766' title='bbox 1131 4999 1279 5054; x_wconf 90' lang='lat' dir='ltr'><strong>sicut</strong></span> <span class='ocrx_word' id='word_1_767' title='bbox 1338 5000 1648 5055; x_wconf 62' lang='lat' dir='ltr'><strong>Sodomita;</strong></span> <span class='ocrx_word' id='word_1_768' title='bbox 1709 5001 1984 5069; x_wconf 90' lang='lat' dir='ltr'><strong>fecerunt,</strong></span> 
     </span>
    </p>
   </div>
   <div class='ocr_carea' id='block_1_96' title="bbox 289 5087 1987 5160">
    <p class='ocr_par' dir='ltr' id='par_1_96' title="bbox 289 5087 1987 5160">
     <span class='ocr_line' id='line_1_96' title="bbox 289 5087 1987 5160; baseline 0.002 -19"><span class='ocrx_word' id='word_1_769' title='bbox 289 5087 370 5142; x_wconf 90' lang='lat' dir='ltr'><strong>ita</strong></span> <span class='ocrx_word' id='word_1_770' title='bbox 395 5092 456 5142; x_wconf 91' lang='lat' dir='ltr'><strong>ut</strong></span> <span class='ocrx_word' id='word_1_771' title='bbox 484 5087 543 5141; x_wconf 92' lang='lat' dir='ltr'><strong>in</strong></span> <span class='ocrx_word' id='word_1_772' title='bbox 573 5087 814 5142; x_wconf 87' lang='lat' dir='ltr'><strong>masculi</strong></span> <span class='ocrx_word' id='word_1_773' title='bbox 841 5093 1005 5158; x_wconf 88' lang='lat' dir='ltr'><strong>terga</strong></span> <span class='ocrx_word' id='word_1_774' title='bbox 1034 5093 1090 5142; x_wconf 92' lang='lat' dir='ltr'><strong>et</strong></span> <span class='ocrx_word' id='word_1_775' title='bbox 1121 5090 1180 5142; x_wconf 92' lang='lat' dir='ltr'><strong>in</strong></span> <span class='ocrx_word' id='word_1_776' title='bbox 1210 5089 1529 5159; x_wconf 88' lang='lat' dir='ltr'><strong>postoriora</strong></span> <span class='ocrx_word' id='word_1_777' title='bbox 1563 5090 1783 5160; x_wconf 86' lang='lat' dir='ltr'><strong>virgam</strong></span> <span class='ocrx_word' id='word_1_778' title='bbox 1828 5095 1987 5144; x_wconf 87' lang='lat' dir='ltr'><strong>tuam</strong></span> 
     </span>
    </p>
   </div>
   <div class='ocr_carea' id='block_1_97' title="bbox 289 5177 1988 5243">
    <p class='ocr_par' dir='ltr' id='par_1_97' title="bbox 289 5177 1988 5243">
     <span class='ocr_line' id='line_1_97' title="bbox 289 5177 1988 5243; baseline 0.002 -13"><span class='ocrx_word' id='word_1_779' title='bbox 289 5177 651 5243; x_wconf 88' lang='lat' dir='ltr'><strong>immitteres,</strong></span> <span class='ocrx_word' id='word_1_780' title='bbox 709 5182 765 5232; x_wconf 91' lang='lat' dir='ltr'><strong>et</strong></span> <span class='ocrx_word' id='word_1_781' title='bbox 803 5177 885 5231; x_wconf 91' lang='lat' dir='ltr'><strong>sic</strong></span> <span class='ocrx_word' id='word_1_782' title='bbox 925 5192 1118 5231; x_wconf 87' lang='lat' dir='ltr'><strong>secum</strong></span> <span class='ocrx_word' id='word_1_783' title='bbox 1163 5179 1346 5232; x_wconf 89' lang='lat' dir='ltr'><strong>coires</strong></span> <span class='ocrx_word' id='word_1_784' title='bbox 1387 5195 1545 5232; x_wconf 88' lang='lat' dir='ltr'><strong>more</strong></span> <span class='ocrx_word' id='word_1_785' title='bbox 1599 5179 1988 5234; x_wconf 85' lang='lat' dir='ltr'><strong>Sodomitico?</strong></span> 
     </span>
    </p>
   </div>
   <div class='ocr_carea' id='block_1_98' title="bbox 288 5264 1987 5332">
    <p class='ocr_par' dir='ltr' id='par_1_98' title="bbox 288 5264 1987 5332">
     <span class='ocr_line' id='line_1_98' title="bbox 288 5264 1987 5332; baseline 0.001 -13"><span class='ocrx_word' id='word_1_786' title='bbox 288 5265 347 5319; x_wconf 91' lang='lat' dir='ltr'><strong>Si</strong></span> <span class='ocrx_word' id='word_1_787' title='bbox 377 5279 610 5317; x_wconf 85' lang='lat' dir='ltr'><strong>uxorem</strong></span> <span class='ocrx_word' id='word_1_788' title='bbox 637 5264 907 5332; x_wconf 89' lang='lat' dir='ltr'><strong>habuisti,</strong></span> <span class='ocrx_word' id='word_1_789' title='bbox 939 5269 995 5319; x_wconf 89' lang='lat' dir='ltr'><strong>et</strong></span> <span class='ocrx_word' id='word_1_790' title='bbox 1025 5266 1199 5318; x_wconf 89' lang='lat' dir='ltr'><strong>semel</strong></span> <span class='ocrx_word' id='word_1_791' title='bbox 1236 5265 1321 5319; x_wconf 88' lang='lat' dir='ltr'><strong>vel</strong></span> <span class='ocrx_word' id='word_1_792' title='bbox 1348 5265 1433 5318; x_wconf 92' lang='lat' dir='ltr'><strong>bis</strong></span> <span class='ocrx_word' id='word_1_793' title='bbox 1479 5266 1685 5332; x_wconf 87' lang='lat' dir='ltr'><strong>fecisti,</strong></span> <span class='ocrx_word' id='word_1_794' title='bbox 1729 5267 1769 5319; x_wconf 85' lang='lat' dir='ltr'><strong><em>X</em></strong></span> <span class='ocrx_word' id='word_1_795' title='bbox 1808 5283 1987 5321; x_wconf 89' lang='lat' dir='ltr'><strong>annos</strong></span> 
     </span>
    </p>
   </div>
   <div class='ocr_carea' id='block_1_99' title="bbox 289 5352 1986 5424">
    <p class='ocr_par' dir='ltr' id='par_1_99' title="bbox 289 5352 1986 5424">
     <span class='ocr_line' id='line_1_99' title="bbox 289 5352 1986 5424; baseline 0.001 -17"><span class='ocrx_word' id='word_1_796' title='bbox 289 5367 395 5424; x_wconf 89' lang='lat' dir='ltr'><strong>per</strong></span> <span class='ocrx_word' id='word_1_797' title='bbox 445 5352 730 5422; x_wconf 89' lang='lat' dir='ltr'><strong>legitimas</strong></span> <span class='ocrx_word' id='word_1_798' title='bbox 767 5353 936 5407; x_wconf 89' lang='lat' dir='ltr'><strong>ferias</strong></span> <span class='ocrx_word' id='word_1_799' title='bbox 982 5355 1263 5424; x_wconf 76' lang='lat' dir='ltr'><strong>poenitere</strong></span> <span class='ocrx_word' id='word_1_800' title='bbox 1311 5353 1500 5421; x_wconf 90' lang='lat' dir='ltr'><strong>debes,</strong></span> <span class='ocrx_word' id='word_1_801' title='bbox 1555 5371 1734 5408; x_wconf 90' lang='lat' dir='ltr'><strong>unum</strong></span> <span class='ocrx_word' id='word_1_802' title='bbox 1789 5371 1853 5408; x_wconf 85' lang='lat' dir='ltr'><strong>ex</strong></span> <span class='ocrx_word' id='word_1_803' title='bbox 1899 5355 1986 5409; x_wconf 89' lang='lat' dir='ltr'><strong>his</strong></span> 
     </span>
    </p>
   </div>
   <div class='ocr_carea' id='block_1_100' title="bbox 290 5440 1985 5512">
    <p class='ocr_par' dir='ltr' id='par_1_100' title="bbox 290 5440 1985 5512">
     <span class='ocr_line' id='line_1_100' title="bbox 290 5440 1985 5512; baseline 0.002 -18"><span class='ocrx_word' id='word_1_804' title='bbox 290 5440 353 5494; x_wconf 91' lang='lat' dir='ltr'><strong>in</strong></span> <span class='ocrx_word' id='word_1_805' title='bbox 402 5456 549 5510; x_wconf 88' lang='lat' dir='ltr'><strong>pane</strong></span> <span class='ocrx_word' id='word_1_806' title='bbox 581 5445 639 5494; x_wconf 92' lang='lat' dir='ltr'><strong>et</strong></span> <span class='ocrx_word' id='word_1_807' title='bbox 686 5457 853 5512; x_wconf 90' lang='lat' dir='ltr'><strong>aqua.</strong></span> <span class='ocrx_word' id='word_1_808' title='bbox 887 5443 945 5496; x_wconf 91' lang='lat' dir='ltr'><strong>Si</strong></span> <span class='ocrx_word' id='word_1_809' title='bbox 991 5443 1054 5496; x_wconf 91' lang='lat' dir='ltr'><strong>in</strong></span> <span class='ocrx_word' id='word_1_810' title='bbox 1099 5442 1510 5497; x_wconf 89' lang='lat' dir='ltr'><strong>consuetudine</strong></span> <span class='ocrx_word' id='word_1_811' title='bbox 1559 5442 1831 5512; x_wconf 87' lang='lat' dir='ltr'><strong>habuisti,</strong></span> <span class='ocrx_word' id='word_1_812' title='bbox 1885 5443 1985 5497; x_wconf 86' lang='lat' dir='ltr'><strong>Xll</strong></span> 
     </span>
    </p>
   </div>
   <div class='ocr_carea' id='block_1_101' title="bbox 291 5530 1986 5603">
    <p class='ocr_par' dir='ltr' id='par_1_101' title="bbox 291 5530 1986 5603">
     <span class='ocr_line' id='line_1_101' title="bbox 291 5530 1986 5603; baseline 0.003 -22"><span class='ocrx_word' id='word_1_813' title='bbox 291 5543 473 5584; x_wconf 88' lang='lat' dir='ltr'><strong>annos</strong></span> <span class='ocrx_word' id='word_1_814' title='bbox 501 5545 607 5601; x_wconf 86' lang='lat' dir='ltr'><strong>per</strong></span> <span class='ocrx_word' id='word_1_815' title='bbox 652 5530 934 5600; x_wconf 88' lang='lat' dir='ltr'><strong>legitimas</strong></span> <span class='ocrx_word' id='word_1_816' title='bbox 982 5531 1152 5586; x_wconf 88' lang='lat' dir='ltr'><strong>ferias</strong></span> <span class='ocrx_word' id='word_1_817' title='bbox 1199 5531 1478 5603; x_wconf 82' lang='lat' dir='ltr'><strong>pcenitere</strong></span> <span class='ocrx_word' id='word_1_818' title='bbox 1525 5531 1717 5586; x_wconf 88' lang='lat' dir='ltr'><strong>debes.</strong></span> <span class='ocrx_word' id='word_1_819' title='bbox 1768 5531 1825 5586; x_wconf 91' lang='lat' dir='ltr'><strong>Si</strong></span> <span class='ocrx_word' id='word_1_820' title='bbox 1855 5547 1986 5586; x_wconf 90' lang='lat' dir='ltr'>cum</span> 
     </span>
    </p>
   </div>
   <div class='ocr_carea' id='block_1_102' title="bbox 2102 4293 3802 4360">
    <p class='ocr_par' dir='ltr' id='par_1_102' title="bbox 2102 4293 3802 4360">
     <span class='ocr_line' id='line_1_102' title="bbox 2102 4293 3802 4360; baseline -0.001 -11"><span class='ocrx_word' id='word_1_821' title='bbox 2102 4301 2293 4351; x_wconf 90' lang='lat' dir='ltr'><strong>autem</strong></span> <span class='ocrx_word' id='word_1_822' title='bbox 2325 4311 2519 4350; x_wconf 88' lang='lat' dir='ltr'><strong>servus</strong></span> <span class='ocrx_word' id='word_1_823' title='bbox 2563 4294 2684 4348; x_wconf 88' lang='lat' dir='ltr'><strong>sine</strong></span> <span class='ocrx_word' id='word_1_824' title='bbox 2733 4311 2908 4348; x_wconf 86' lang='lat' dir='ltr'><strong>uxore</strong></span> <span class='ocrx_word' id='word_1_825' title='bbox 2956 4295 3076 4349; x_wconf 63' lang='lat' dir='ltr'><strong>haec</strong></span> <span class='ocrx_word' id='word_1_826' title='bbox 3113 4294 3334 4360; x_wconf 93' lang='lat' dir='ltr'><strong>fecerit,</strong></span> <span class='ocrx_word' id='word_1_827' title='bbox 3369 4293 3512 4348; x_wconf 90' lang='lat' dir='ltr'><strong>item</strong></span> <span class='ocrx_word' id='word_1_828' title='bbox 3542 4294 3802 4348; x_wconf 86' lang='lat' dir='ltr'><strong>verberi-</strong></span> 
     </span>
    </p>
   </div>
   <div class='ocr_carea' id='block_1_103' title="bbox 2096 4382 3802 4455">
    <p class='ocr_par' dir='ltr' id='par_1_103' title="bbox 2096 4382 3802 4455">
     <span class='ocr_line' id='line_1_103' title="bbox 2096 4382 3802 4455; baseline -0.002 -17"><span class='ocrx_word' id='word_1_829' title='bbox 2096 4385 2203 4439; x_wconf 91' lang='lat' dir='ltr'><strong>bus</strong></span> <span class='ocrx_word' id='word_1_830' title='bbox 2229 4385 2554 4455; x_wconf 88' lang='lat' dir='ltr'><strong>castigatus,</strong></span> <span class='ocrx_word' id='word_1_831' title='bbox 2593 4383 2738 4438; x_wconf 91' lang='lat' dir='ltr'><strong>duos</strong></span> <span class='ocrx_word' id='word_1_832' title='bbox 2772 4399 2954 4438; x_wconf 87' lang='lat' dir='ltr'><strong>annos</strong></span> <span class='ocrx_word' id='word_1_833' title='bbox 3002 4399 3105 4454; x_wconf 90' lang='lat' dir='ltr'><strong>per</strong></span> <span class='ocrx_word' id='word_1_834' title='bbox 3140 4383 3434 4453; x_wconf 88' lang='lat' dir='ltr'><strong>legitimas</strong></span> <span class='ocrx_word' id='word_1_835' title='bbox 3473 4382 3651 4436; x_wconf 87' lang='lat' dir='ltr'><strong>ferias</strong></span> <span class='ocrx_word' id='word_1_836' title='bbox 3679 4398 3802 4454; x_wconf 76' lang='lat' dir='ltr'><strong>po:-</strong></span> 
     </span>
    </p>
   </div>
   <div class='ocr_carea' id='block_1_104' title="bbox 2097 4470 3806 4537">
    <p class='ocr_par' dir='ltr' id='par_1_104' title="bbox 2097 4470 3806 4537">
     <span class='ocr_line' id='line_1_104' title="bbox 2097 4470 3806 4537; baseline -0.001 -11"><span class='ocrx_word' id='word_1_837' title='bbox 2097 4472 2296 4527; x_wconf 91' lang='lat' dir='ltr'><strong>niteat.</strong></span> <span class='ocrx_word' id='word_1_838' title='bbox 2328 4471 2387 4526; x_wconf 92' lang='lat' dir='ltr'><strong>Si</strong></span> <span class='ocrx_word' id='word_1_839' title='bbox 2436 4475 2631 4525; x_wconf 88' lang='lat' dir='ltr'><strong>autem</strong></span> <span class='ocrx_word' id='word_1_840' title='bbox 2677 4471 2807 4525; x_wconf 90' lang='lat' dir='ltr'><strong>talis</strong></span> <span class='ocrx_word' id='word_1_841' title='bbox 2858 4477 2944 4526; x_wconf 89' lang='lat' dir='ltr'><strong>est</strong></span> <span class='ocrx_word' id='word_1_842' title='bbox 2984 4487 3178 4525; x_wconf 90' lang='lat' dir='ltr'><strong>servus</strong></span> <span class='ocrx_word' id='word_1_843' title='bbox 3219 4475 3283 4524; x_wconf 90' lang='lat' dir='ltr'><strong>ut</strong></span> <span class='ocrx_word' id='word_1_844' title='bbox 3328 4470 3513 4537; x_wconf 77' lang='lat' dir='ltr'><strong>gratis</strong></span> <span class='ocrx_word' id='word_1_845' title='bbox 3566 4471 3806 4524; x_wconf 84' lang='lat' dir='ltr'><strong>verbera</strong></span> 
     </span>
    </p>
   </div>
   <div class='ocr_carea' id='block_1_105' title="bbox 2096 4560 3803 4633">
    <p class='ocr_par' dir='ltr' id='par_1_105' title="bbox 2096 4560 3803 4633">
     <span class='ocr_line' id='line_1_105' title="bbox 2096 4560 3803 4633; baseline -0.002 -17"><span class='ocrx_word' id='word_1_846' title='bbox 2096 4561 2215 4633; x_wconf 90' lang='lat' dir='ltr'><strong>pati</strong></span> <span class='ocrx_word' id='word_1_847' title='bbox 2241 4577 2359 4616; x_wconf 92' lang='lat' dir='ltr'><strong>non</strong></span> <span class='ocrx_word' id='word_1_848' title='bbox 2394 4560 2552 4627; x_wconf 86' lang='lat' dir='ltr'><strong>velit,</strong></span> <span class='ocrx_word' id='word_1_849' title='bbox 2587 4565 2644 4615; x_wconf 91' lang='lat' dir='ltr'><strong>et</strong></span> <span class='ocrx_word' id='word_1_850' title='bbox 2671 4565 2756 4615; x_wconf 90' lang='lat' dir='ltr'><strong>est</strong></span> <span class='ocrx_word' id='word_1_851' title='bbox 2804 4565 2925 4615; x_wconf 89' lang='lat' dir='ltr'><strong>tam</strong></span> <span class='ocrx_word' id='word_1_852' title='bbox 2973 4560 3146 4630; x_wconf 88' lang='lat' dir='ltr'><strong>digna</strong></span> <span class='ocrx_word' id='word_1_853' title='bbox 3178 4576 3452 4630; x_wconf 89' lang='lat' dir='ltr'><strong>persona,</strong></span> <span class='ocrx_word' id='word_1_854' title='bbox 3507 4560 3588 4613; x_wconf 87' lang='lat' dir='ltr'><strong>ita</strong></span> <span class='ocrx_word' id='word_1_855' title='bbox 3617 4560 3803 4631; x_wconf 73' lang='lat' dir='ltr'><strong>poeni-</strong></span> 
     </span>
    </p>
   </div>
   <div class='ocr_carea' id='block_1_106' title="bbox 2097 4649 2976 4721">
    <p class='ocr_par' dir='ltr' id='par_1_106' title="bbox 2097 4649 2976 4721">
     <span class='ocr_line' id='line_1_106' title="bbox 2097 4649 2976 4721; baseline -0.002 -17"><span class='ocrx_word' id='word_1_856' title='bbox 2097 4654 2213 4704; x_wconf 91' lang='lat' dir='ltr'><strong>teat</strong></span> <span class='ocrx_word' id='word_1_857' title='bbox 2239 4655 2304 4704; x_wconf 92' lang='lat' dir='ltr'><strong>ut</strong></span> <span class='ocrx_word' id='word_1_858' title='bbox 2332 4650 2428 4703; x_wconf 90' lang='lat' dir='ltr'><strong>ille</strong></span> <span class='ocrx_word' id='word_1_859' title='bbox 2451 4649 2550 4721; x_wconf 89' lang='lat' dir='ltr'><strong>qui</strong></span> <span class='ocrx_word' id='word_1_860' title='bbox 2565 4649 2854 4720; x_wconf 88' lang='lat' dir='ltr'><strong>ingenuus</strong></span> <span class='ocrx_word' id='word_1_861' title='bbox 2873 4653 2976 4703; x_wconf 88' lang='lat' dir='ltr'><strong>est.</strong></span> 
     </span>
    </p>
   </div>
   <div class='ocr_carea' id='block_1_107' title="bbox 2699 4736 3197 4792">
    <p class='ocr_par' dir='ltr' id='par_1_107' title="bbox 2699 4736 3197 4792">
     <span class='ocr_line' id='line_1_107' title="bbox 2699 4736 3197 4792; baseline -0.006 0"><span class='ocrx_word' id='word_1_862' title='bbox 2699 4741 2774 4792; x_wconf 82' lang='lat' dir='ltr'><strong>De</strong></span> <span class='ocrx_word' id='word_1_863' title='bbox 2802 4736 3020 4792; x_wconf 76' lang='lat' dir='ltr'><strong>illicitis</strong></span> <span class='ocrx_word' id='word_1_864' title='bbox 3043 4737 3197 4791; x_wconf 74' lang='lat' dir='ltr'><strong>cibis.</strong></span> 
     </span>
    </p>
   </div>
   <div class='ocr_carea' id='block_1_108' title="bbox 2167 4823 3808 4896">
    <p class='ocr_par' dir='ltr' id='par_1_108' title="bbox 2167 4823 3808 4896">
     <span class='ocr_line' id='line_1_108' title="bbox 2167 4823 3808 4896; baseline -0.002 -15"><span class='ocrx_word' id='word_1_865' title='bbox 2167 4825 2480 4881; x_wconf 81' lang='lat' dir='ltr'><strong>Comedisti</strong></span> <span class='ocrx_word' id='word_1_866' title='bbox 2529 4826 2777 4881; x_wconf 90' lang='lat' dir='ltr'><strong>scabiem</strong></span> <span class='ocrx_word' id='word_1_867' title='bbox 2829 4824 3188 4896; x_wconf 87' lang='lat' dir='ltr'><strong>corporalem</strong></span> <span class='ocrx_word' id='word_1_868' title='bbox 3237 4839 3343 4894; x_wconf 90' lang='lat' dir='ltr'><strong>pro</strong></span> <span class='ocrx_word' id='word_1_869' title='bbox 3400 4824 3598 4895; x_wconf 85' lang='lat' dir='ltr'><strong>aliquo</strong></span> <span class='ocrx_word' id='word_1_870' title='bbox 3649 4823 3808 4878; x_wconf 83' lang='lat' dir='ltr'><strong>sani-</strong></span> 
     </span>
    </p>
   </div>
   <div class='ocr_carea' id='block_1_109' title="bbox 2096 4913 3813 4986">
    <p class='ocr_par' dir='ltr' id='par_1_109' title="bbox 2096 4913 3813 4986">
     <span class='ocr_line' id='line_1_109' title="bbox 2096 4913 3813 4986; baseline -0.002 -16"><span class='ocrx_word' id='word_1_871' title='bbox 2096 4920 2233 4982; x_wconf 86' lang='lat' dir='ltr'><strong>tate,</strong></span> <span class='ocrx_word' id='word_1_872' title='bbox 2263 4919 2362 4969; x_wconf 92' lang='lat' dir='ltr'><strong>aut</strong></span> <span class='ocrx_word' id='word_1_873' title='bbox 2389 4914 2585 4968; x_wconf 88' lang='lat' dir='ltr'><strong>bibisti</strong></span> <span class='ocrx_word' id='word_1_874' title='bbox 2615 4917 2852 4986; x_wconf 86' lang='lat' dir='ltr'><strong>propter</strong></span> <span class='ocrx_word' id='word_1_875' title='bbox 2899 4913 3244 4968; x_wconf 89' lang='lat' dir='ltr'><strong>solutionem</strong></span> <span class='ocrx_word' id='word_1_876' title='bbox 3301 4913 3650 4966; x_wconf 89' lang='lat' dir='ltr'><strong>vermiculos</strong></span> <span class='ocrx_word' id='word_1_877' title='bbox 3703 4913 3813 4983; x_wconf 88' lang='lat' dir='ltr'><strong>qui</strong></span> 
     </span>
    </p>
   </div>
   <div class='ocr_carea' id='block_1_110' title="bbox 2096 4999 3814 5074">
    <p class='ocr_par' dir='ltr' id='par_1_110' title="bbox 2096 4999 3814 5074">
     <span class='ocr_line' id='line_1_110' title="bbox 2096 4999 3814 5074; baseline -0.002 -17"><span class='ocrx_word' id='word_1_878' title='bbox 2096 5003 2347 5074; x_wconf 90' lang='lat' dir='ltr'><strong>pediculi</strong></span> <span class='ocrx_word' id='word_1_879' title='bbox 2376 5005 2669 5067; x_wconf 89' lang='lat' dir='ltr'><strong>vocantur,</strong></span> <span class='ocrx_word' id='word_1_880' title='bbox 2697 5001 2787 5056; x_wconf 91' lang='lat' dir='ltr'><strong>vel</strong></span> <span class='ocrx_word' id='word_1_881' title='bbox 2818 5001 3011 5055; x_wconf 90' lang='lat' dir='ltr'><strong>bibisti</strong></span> <span class='ocrx_word' id='word_1_882' title='bbox 3059 5000 3284 5054; x_wconf 91' lang='lat' dir='ltr'><strong>urinam</strong></span> <span class='ocrx_word' id='word_1_883' title='bbox 3331 4999 3675 5066; x_wconf 88' lang='lat' dir='ltr'><strong>humanam,</strong></span> <span class='ocrx_word' id='word_1_884' title='bbox 3730 5001 3814 5053; x_wconf 89' lang='lat' dir='ltr'><strong>si-</strong></span> 
     </span>
    </p>
   </div>
   <div class='ocr_carea' id='block_1_111' title="bbox 2096 5087 3817 5160">
    <p class='ocr_par' dir='ltr' id='par_1_111' title="bbox 2096 5087 3817 5160">
     <span class='ocr_line' id='line_1_111' title="bbox 2096 5087 3817 5160; baseline -0.003 -15"><span class='ocrx_word' id='word_1_885' title='bbox 2096 5108 2162 5146; x_wconf 90' lang='lat' dir='ltr'><strong>ve</strong></span> <span class='ocrx_word' id='word_1_886' title='bbox 2192 5095 2440 5144; x_wconf 88' lang='lat' dir='ltr'><strong>stercora</strong></span> <span class='ocrx_word' id='word_1_887' title='bbox 2465 5090 2656 5160; x_wconf 89' lang='lat' dir='ltr'><strong>aliqua</strong></span> <span class='ocrx_word' id='word_1_888' title='bbox 2694 5089 2992 5144; x_wconf 90' lang='lat' dir='ltr'><strong>comedisti</strong></span> <span class='ocrx_word' id='word_1_889' title='bbox 3021 5105 3125 5160; x_wconf 93' lang='lat' dir='ltr'><strong>pro</strong></span> <span class='ocrx_word' id='word_1_890' title='bbox 3166 5089 3414 5142; x_wconf 87' lang='lat' dir='ltr'><strong>sanitate</strong></span> <span class='ocrx_word' id='word_1_891' title='bbox 3452 5089 3697 5160; x_wconf 81' lang='lat' dir='ltr'><strong>aliqua?</strong></span> <span class='ocrx_word' id='word_1_892' title='bbox 3752 5087 3817 5142; x_wconf 89' lang='lat' dir='ltr'><strong>Si</strong></span> 
     </span>
    </p>
   </div>
   <div class='ocr_carea' id='block_1_112' title="bbox 2097 5176 3422 5248">
    <p class='ocr_par' dir='ltr' id='par_1_112' title="bbox 2097 5176 3422 5248">
     <span class='ocr_line' id='line_1_112' title="bbox 2097 5176 3422 5248; baseline -0.004 -15"><span class='ocrx_word' id='word_1_893' title='bbox 2097 5178 2298 5244; x_wconf 88' lang='lat' dir='ltr'><strong>fecisti,</strong></span> <span class='ocrx_word' id='word_1_894' title='bbox 2327 5179 2414 5233; x_wconf 86' lang='grc' dir='ltr'><strong>ΧΧ</strong></span> <span class='ocrx_word' id='word_1_895' title='bbox 2442 5177 2564 5232; x_wconf 90' lang='lat' dir='ltr'><strong>dies</strong></span> <span class='ocrx_word' id='word_1_896' title='bbox 2593 5178 2653 5231; x_wconf 92' lang='lat' dir='ltr'><strong>in</strong></span> <span class='ocrx_word' id='word_1_897' title='bbox 2683 5193 2831 5248; x_wconf 90' lang='lat' dir='ltr'><strong>pane</strong></span> <span class='ocrx_word' id='word_1_898' title='bbox 2858 5182 2912 5231; x_wconf 89' lang='lat' dir='ltr'><strong>et</strong></span> <span class='ocrx_word' id='word_1_899' title='bbox 2944 5193 3092 5247; x_wconf 88' lang='lat' dir='ltr'><strong>aqua</strong></span> <span class='ocrx_word' id='word_1_900' title='bbox 3120 5176 3422 5245; x_wconf 75' lang='lat' dir='ltr'><strong>paenitens.</strong></span> 
     </span>
    </p>
   </div>
   <div class='ocr_carea' id='block_1_113' title="bbox 2167 5263 3816 5334">
    <p class='ocr_par' dir='ltr' id='par_1_113' title="bbox 2167 5263 3816 5334">
     <span class='ocr_line' id='line_1_113' title="bbox 2167 5263 3816 5334; baseline -0.004 -12"><span class='ocrx_word' id='word_1_901' title='bbox 2167 5267 2476 5322; x_wconf 89' lang='lat' dir='ltr'><strong>Comedisti</strong></span> <span class='ocrx_word' id='word_1_902' title='bbox 2531 5265 2854 5332; x_wconf 90' lang='lat' dir='ltr'><strong>morticina,</strong></span> <span class='ocrx_word' id='word_1_903' title='bbox 2899 5264 2959 5319; x_wconf 93' lang='lat' dir='ltr'><strong>id</strong></span> <span class='ocrx_word' id='word_1_904' title='bbox 3007 5270 3092 5318; x_wconf 89' lang='lat' dir='ltr'><strong>est</strong></span> <span class='ocrx_word' id='word_1_905' title='bbox 3132 5264 3409 5317; x_wconf 89' lang='lat' dir='ltr'><strong>animalia</strong></span> <span class='ocrx_word' id='word_1_906' title='bbox 3454 5279 3587 5334; x_wconf 66' lang='lat' dir='ltr'><strong>qua:</strong></span> <span class='ocrx_word' id='word_1_907' title='bbox 3634 5281 3668 5318; x_wconf 86' lang='lat' dir='ltr'><strong>a</strong></span> <span class='ocrx_word' id='word_1_908' title='bbox 3723 5263 3816 5317; x_wconf 89' lang='lat' dir='ltr'><strong>lu-</strong></span> 
     </span>
    </p>
   </div>
   <div class='ocr_carea' id='block_1_114' title="bbox 2097 5351 3819 5427">
    <p class='ocr_par' dir='ltr' id='par_1_114' title="bbox 2097 5351 3819 5427">
     <span class='ocr_line' id='line_1_114' title="bbox 2097 5351 3819 5427; baseline -0.002 -18"><span class='ocrx_word' id='word_1_909' title='bbox 2097 5355 2186 5427; x_wconf 91' lang='lat' dir='ltr'><strong>pis</strong></span> <span class='ocrx_word' id='word_1_910' title='bbox 2216 5372 2312 5409; x_wconf 91' lang='lat' dir='ltr'><strong>seu</strong></span> <span class='ocrx_word' id='word_1_911' title='bbox 2343 5371 2377 5409; x_wconf 90' lang='lat' dir='ltr'><strong>a</strong></span> <span class='ocrx_word' id='word_1_912' title='bbox 2419 5355 2656 5409; x_wconf 89' lang='lat' dir='ltr'><strong>canibus</strong></span> <span class='ocrx_word' id='word_1_913' title='bbox 2701 5354 3176 5420; x_wconf 89' lang='lat' dir='ltr'><strong>dilacerabantur,</strong></span> <span class='ocrx_word' id='word_1_914' title='bbox 3233 5355 3292 5406; x_wconf 91' lang='lat' dir='ltr'><strong>et</strong></span> <span class='ocrx_word' id='word_1_915' title='bbox 3316 5352 3398 5405; x_wconf 93' lang='lat' dir='ltr'><strong>sic</strong></span> <span class='ocrx_word' id='word_1_916' title='bbox 3441 5358 3676 5406; x_wconf 85' lang='lat' dir='ltr'><strong>mortua</strong></span> <span class='ocrx_word' id='word_1_917' title='bbox 3725 5351 3819 5406; x_wconf 85' lang='lat' dir='ltr'><strong>in-</strong></span> 
     </span>
    </p>
   </div>
   <div class='ocr_carea' id='block_1_115' title="bbox 2097 5441 3820 5512">
    <p class='ocr_par' dir='ltr' id='par_1_115' title="bbox 2097 5441 3820 5512">
     <span class='ocr_line' id='line_1_115' title="bbox 2097 5441 3820 5512; baseline -0.001 -16"><span class='ocrx_word' id='word_1_918' title='bbox 2097 5448 2266 5498; x_wconf 87' lang='lat' dir='ltr'><strong>venta</strong></span> <span class='ocrx_word' id='word_1_919' title='bbox 2291 5445 2463 5500; x_wconf 81' lang='lat' dir='ltr'><strong>sunt?</strong></span> <span class='ocrx_word' id='word_1_920' title='bbox 2493 5443 2552 5498; x_wconf 90' lang='lat' dir='ltr'><strong>Si</strong></span> <span class='ocrx_word' id='word_1_921' title='bbox 2575 5442 2780 5512; x_wconf 88' lang='lat' dir='ltr'><strong>fecisti,</strong></span> <span class='ocrx_word' id='word_1_922' title='bbox 2825 5443 2870 5499; x_wconf 83' lang='lat' dir='ltr'><strong>X</strong></span> <span class='ocrx_word' id='word_1_923' title='bbox 2907 5441 3026 5497; x_wconf 88' lang='lat' dir='ltr'><strong>dies</strong></span> <span class='ocrx_word' id='word_1_924' title='bbox 3074 5441 3135 5495; x_wconf 92' lang='lat' dir='ltr'><strong>in</strong></span> <span class='ocrx_word' id='word_1_925' title='bbox 3176 5455 3326 5512; x_wconf 89' lang='lat' dir='ltr'><strong>pane</strong></span> <span class='ocrx_word' id='word_1_926' title='bbox 3376 5443 3434 5493; x_wconf 85' lang='lat' dir='ltr'><strong>et</strong></span> <span class='ocrx_word' id='word_1_927' title='bbox 3489 5456 3645 5510; x_wconf 88' lang='lat' dir='ltr'><strong>aqua</strong></span> <span class='ocrx_word' id='word_1_928' title='bbox 3692 5455 3820 5511; x_wconf 67' lang='lat' dir='ltr'><strong>pe-</strong></span> 
     </span>
    </p>
   </div>
   <div class='ocr_carea' id='block_1_116' title="bbox 2099 5517 2717 5588">
    <p class='ocr_par' dir='ltr' id='par_1_116' title="bbox 2099 5517 2717 5588">
     <span class='ocr_line' id='line_1_116' title="bbox 2099 5517 2717 5588; baseline 0 -2"><span class='ocrx_word' id='word_1_929' title='bbox 2099 5534 2280 5587; x_wconf 91' lang='lat' dir='ltr'><strong>nitere</strong></span> <span class='ocrx_word' id='word_1_930' title='bbox 2309 5533 2502 5588; x_wconf 90' lang='lat' dir='ltr'><strong>debes.</strong></span> <span class='ocrx_word' id='word_1_931' title='bbox 2712 5517 2717 5522; x_wconf 47' lang='grc'><strong><em>’</em></strong></span> 
     </span>
    </p>
   </div>
  </div>
