4014 6200
74 340 189 383 9ίὶ9

148 456 463 511 Comedisti
492 472 619 507 aves
676 472 815 525 quas
850 461 1209 526 oppresserat
1257 458 1541 526 accipiter,
1576 461 1630 509 et
1664 473 1779 509 non
1812 460 1857 510 Α

70 548 235 614 prius
260 545 515 599 cecidisti
547 560 640 595 eas
688 545 837 597 ferro
871 544 1105 615 aliquo?
1134 545 1192 597 Si
1240 546 1445 605 fecisti.
1482 547 1522 598 V
1554 544 1672 598 dies
1722 545 1778 597 in

74 651 232 701 pane
274 639 330 685 et
359 649 507 701 aqua
540 633 835 702 pceniteas.

145 721 461 775 Comedisti
492 737 622 773 aves
672 726 729 774 et
758 721 1029 774 animalia
1061 738 1189 791 quae
1226 723 1284 776 in
1316 722 1532 775 retibus
1584 726 1776 775 stran-

68 811 373 879 gulantur,
410 816 467 862 et
506 811 585 862 sic
634 816 858 862 mortua
910 811 1315 863 inveniuntur?
1346 812 1463 864 Nisi
1496 812 1553 864 in
1582 826 1775 863 neces-

71 901 246 952 sitate
287 900 457 952 famis
506 899 727 961 feceris,
777 900 817 951 Χ
872 899 992 952 dies
1024 900 1082 951 in
1132 916 1280 969 pane
1313 905 1369 954 et
1404 916 1551 969 aqua
1606 899 1777 952 debes

71 989 379 1056 paenitere.

146 1075 459 1129 Comedisti
493 1075 704 1144 piscem
738 1074 837 1144 qui
870 1082 1129 1128 mortuus
1159 1081 1243 1129 est
1300 1076 1357 1129 in
1391 1074 1631 1129 ﬂumine
1690 1074 1777 1128 in-

75 1164 323 1217 ventus?
354 1163 468 1215 Nisi
499 1180 566 1215 eo
598 1162 688 1215 die
718 1178 751 1215 a
808 1163 1188 1231 piscatoribus
1218 1168 1402 1216 tactus
1432 1169 1533 1229 est,
1587 1173 1643 1217 et
1700 1163 1779 1216 sic

76 1259 363 1315 mortuus,
431 1256 486 1304 et
539 1252 739 1303 eodem
797 1251 889 1304 die
946 1252 1245 1307 inventus?
1307 1252 1365 1307 Si
1414 1252 1613 1312 fecisti,
1663 1258 1778 1305 tres

77 1342 206 1393 dies
236 1340 295 1393 in
328 1355 473 1410 pane
507 1344 564 1393 et
597 1356 743 1409 aqua
773 1341 1073 1408 pceniteas.

765 1444 843 1497 De
882 1445 1101 1510 fraude.

148 1534 351 1587 Fecisti
386 1533 708 1597 falsitatem,
746 1535 829 1586 vel
863 1533 1121 1587 fraudem
1150 1534 1399 1604 aliquam
1432 1534 1489 1587 in
1545 1549 1776 1603 mensu-

78 1623 171 1681 ris,
211 1628 311 1675 aut
346 1622 400 1674 in
432 1621 803 1691 ponderibus,
841 1621 919 1673 ita
966 1622 1109 1686 dico,
1144 1628 1207 1674 ut
1240 1623 1375 1675 falso
1407 1622 1620 1683 modio,
1683 1628 1779 1675 aut

76 1727 203 1762 cum
259 1710 609 1779 ponderibus
663 1710 889 1779 injustis
950 1714 1048 1763 tua
1106 1710 1251 1763 bona
1319 1712 1594 1763 venderes
1653 1710 1777 1763 aliis

75 1799 456 1852 Christianis?
486 1800 542 1853 Si
574 1799 777 1863 fecisti,
835 1805 933 1852 aut
974 1800 1329 1859 consensisti.
1388 1800 1590 1868 viginti
1657 1799 1778 1852 dies

75 1890 129 1941 in
167 1904 319 1957 pane
352 1892 405 1941 et
433 1904 579 1958 aqua
611 1888 889 1957 poenitere
919 1888 1108 1941 debes.

760 1994 839 2045 De
883 1995 1102 2045 incestu.

148 2080 209 2133 Si
236 2080 564 2134 obtrectasti
608 2080 1049 2149 turpitudinem,
1083 2086 1143 2133 tu
1170 2080 1511 2150 conjugatus
1540 2080 1780 2149 alicujus

79 2169 331 2229 feminae,
366 2168 447 2221 ita
492 2168 641 2235 dico,
671 2168 712 2218 si
776 2166 1059 2219 mamillas
1090 2170 1146 2219 et
1197 2167 1319 2236 ejus
1374 2167 1623 2221 verenda
1678 2168 1780 2221 ob-

80 2255 361 2307 trectasti.
397 2255 453 2307 Si
501 2254 700 2319 fecisti,
736 2254 989 2324 quinque
1039 2254 1158 2307 dies
1218 2254 1277 2306 in
1329 2270 1476 2323 pane
1522 2262 1577 2307 et
1634 2271 1778 2324 aqua

82 2345 381 2413 paeniteas.
418 2344 472 2398 Si
504 2349 699 2397 autem
730 2360 843 2396 non
877 2343 1033 2397 fuisti
1073 2344 1432 2412 conjugatus,
1466 2344 1609 2398 duos
1660 2344 1780 2397 dies

82 2436 132 2487 in
164 2449 320 2503 pane
362 2437 417 2485 et
446 2448 594 2502 aqua
621 2433 913 2501 paeniteas.

150 2520 363 2575 Lavisti
395 2526 449 2573 te
499 2520 557 2573 in
592 2519 796 2572 balneo
822 2535 951 2573 cum
985 2535 1161 2572 uxore
1203 2524 1321 2583 tua,
1374 2525 1431 2573 et
1488 2518 1615 2572 aliis
1644 2536 1778 2573 mu-

80 2609 355 2674 lierculis,
390 2614 446 2661 et
475 2607 661 2661 vidisti
693 2624 787 2660 eas
818 2608 1024 2675 nudas,
1055 2612 1109 2660 et
1152 2607 1287 2677 ipsa!
1321 2608 1415 2661 te?
1469 2606 1523 2660 Si
1573 2606 1776 2673 fecisti,

76 2704 189 2750 tres
225 2696 349 2749 dies
376 2696 434 2749 in
467 2712 614 2766 pane
645 2700 700 2748 et
729 2712 876 2765 aqua
909 2695 1080 2749 debes
1106 2696 1401 2766 pcenitere.

676 2802 757 2853 Dc
788 2802 1180 2869 hospitalitate.

150 2892 447 2943 Venerunt
489 2889 558 2941 ad
598 2894 651 2942 te
682 2888 934 2959 hospites
994 2894 1249 2959 tempore
1303 2889 1673 2957 necessitatis,
1724 2894 1780 2942 et

925 333 1396 389 DECRETORUM
1441 333 1621 411 LIBRI
1662 333 1768 387 ΧΧ.
1806 362 1872 371 -—-
1916 333 2124 388 LIBER
2168 331 2471 389 DECIMUS
2510 334 2753 389 NONUS.

3486 338 3590 389 970

2534 462 2607 512 De
2659 458 2943 512 oblatione.

1967 545 2286 609 Detraxisti,
2336 546 2421 599 vel
2464 546 2745 599 retinuisti
2803 547 3018 617 aliquid
3064 548 3133 601 de
3174 548 3580 614 oblationibus,

1892 648 2019 702 quas
2052 634 2165 686 Deo
2216 633 2418 687 oblatae
2457 639 2589 687 sunt
2616 635 2675 687 in
2708 635 3027 705 mancipiis,
3064 635 3124 688 in
3170 636 3359 701 terris,
3388 636 3577 705 sylvis,

1888 722 2088 781 vineis.
2122 722 2483 787 utensilibus,
2515 724 2888 788 vestimentis,
2938 729 2994 776 et
3053 724 3107 776 in
3162 725 3398 795 reliquis
3452 740 3580 795 pos-

1890 810 2259 875 sessionibus,
2296 816 2351 864 et
2382 826 2510 880 quae
2562 811 2818 864 Ecclesiis
2849 812 2969 865 sine
3001 812 3176 865 dubio
3227 813 3449 866 Christo
3480 816 3580 883 qui

1888 913 2086 951 earum
2140 915 2382 968 sponsus
2432 904 2515 953 est
2563 899 2753 953 oblata
2800 907 2953 965 sunt,
3000 906 3341 954 testamento
3398 902 3581 955 Eccle-

1887 987 1983 1039 siis
2013 988 2084 1040 ab
2116 986 2306 1057 aliquo
2336 988 2491 1041 fideli
2523 989 2760 1041 relicta?
2780 988 3057 1055 Sifecisti,
3092 990 3177 1043 vel
3223 990 3582 1053 consensisti,

1886 1075 2267 1146 quadraginta
2298 1076 2418 1129 dies
2447 1077 2507 1129 in
2537 1092 2684 1147 pane
2725 1082 2780 1130 et
2821 1093 2971 1147 aqua
3000 1077 3172 1131 debes
3210 1078 3509 1147 paenitere.

2557 1184 2633 1236 De
2670 1183 2915 1239 decimis.

1963 1264 2267 1335 Neglexisti
2294 1265 2573 1319 decimam
2632 1270 2789 1319 tuam
2853 1267 2965 1319 Deo
2997 1265 3153 1331 dare,
3210 1283 3383 1337 quam
3437 1268 3583 1321 Deus

1887 1354 2007 1424 ipse
2040 1355 2145 1409 sibi
2178 1355 2299 1409 dari
2350 1356 2667 1422 constituit,
2718 1357 2773 1411 id
2806 1363 2889 1410 est
2921 1373 3036 1410 non
3086 1357 3291 1411 dedisti
3341 1358 3391 1411 ei
3432 1358 3583 1411 deci-

1888 1459 2043 1497 mam
2076 1443 2143 1497 de
2194 1444 2415 1497 cunctis
2443 1444 2720 1497 fructibus
2751 1445 2885 1509 tuis,
2914 1461 3058 1515 quos
3087 1450 3148 1499 tu
3180 1446 3247 1499 ad
3288 1450 3414 1499 tuos
3444 1463 3582 1500 usus

1888 1532 2157 1600 colligere
2198 1532 2549 1595 desiderasti,
2584 1533 2665 1584 vel
2698 1532 2995 1603 collegisti,
3038 1538 3094 1586 et
3123 1533 3191 1586 de
3224 1534 3440 1586 cunctis
3469 1534 3582 1587 tuis

1889 1620 2255 1686 animalibUs,
2296 1625 2352 1673 et
2405 1621 2691 1674 det-imum
2724 1622 2935 1674 animal
2968 1621 3121 1691 quod
3159 1623 3270 1674 Deo
3307 1622 3585 1675 debueras

1818 1733 1858 1786 Β
1890 1709 2045 1773 dare,
2080 1714 2135 1762 et
2163 1710 2314 1779 quod
2366 1726 2531 1763 suum
2564 1714 2705 1774 erat,
2763 1710 2899 1762 illud
2952 1710 3134 1778 pejori
3182 1710 3584 1763 commutasti?

1887 1797 1941 1850 Si
1974 1797 2155 1850 fecisti
2212 1799 2296 1850 vel
2328 1798 2692 1863 consensisti,
2740 1799 2854 1851 Deo
2909 1797 3064 1868 quod
3123 1814 3291 1850 suum
3349 1803 3470 1852 erat
3526 1799 3583 1850 in

1889 1885 2275 1955 quadruplum
2308 1887 2467 1954 prius
2499 1887 2755 1949 restitue,
2791 1891 2847 1939 et
2876 1885 3078 1956 viginti
3107 1886 3227 1939 dies
3260 1888 3319 1939 in
3352 1902 3498 1957 pane
3530 1891 3586 1939 et

1889 1990 2038 2044 aqua
2067 1973 2239 2027 debes
2271 1974 2567 2043 paenitere.

2491 2080 2619 2133 Item
2649 2079 2714 2131 de
2752 2081 2973 2147 rapina.

1959 2166 2298 2235 Oppressisti
2346 2182 2629 2236 pauperes
2656 2167 2754 2237 qui
2806 2167 2905 2219 tibi
2942 2167 3114 2220 vicini
3144 2172 3327 2232 erant,
3362 2168 3461 2237 qui
3524 2183 3582 2221 se

1888 2254 2193 2309 defendere
2224 2272 2334 2308 non
2362 2261 2647 2325 poterant,
2680 2255 2768 2309 vel
2800 2271 2998 2308 eorum
3028 2255 3197 2323 bona,
3234 2255 3345 2309 illis
3376 2256 3574 2309 nolen-

1886 2344 2058 2409 tibus,
2093 2344 2319 2398 tulisti?
2348 2344 2403 2398 Si
2454 2344 2658 2413 fecisti,
2708 2344 2882 2398 redde
2930 2344 3043 2397 illis
3096 2361 3216 2412 sua,
3250 2348 3306 2396 et
3352 2342 3584 2414 triginta

1888 2432 2009 2486 dies
2040 2434 2098 2487 in
2130 2449 2275 2504 pane
2307 2439 2361 2487 et
2400 2450 2546 2504 aqua
2577 2434 2870 2504 pazniteas.

2382 2542 2522 2595 Item
2552 2540 2619 2594 de
2651 2542 3081 2607 irreligiositale.

1960 2628 2161 2681 Fecisti
2191 2628 2343 2698 quod
2373 2628 2609 2698 quidam
2638 2628 2822 2682 facere
2856 2629 3078 2682 solent?
3107 2630 3240 2682 Post
3271 2629 3577 2698 prandium

1887 2718 2100 2772 vadunt
2148 2717 2219 2770 ad
2271 2716 2522 2781 missam,
2572 2722 2629 2770 et
2681 2716 2791 2785 ipsi
2844 2716 3021 2769 saturi
3082 2721 3137 2768 et
3195 2716 3492 2781 vinolenti,
3548 2733 3582 2769 a

1886 2806 2175 2859 sacerdote
2223 2820 2327 2873 pro
2376 2805 2591 2873 populo
2644 2804 2916 2857 offerente
2956 2804 3182 2873 signum
3238 2804 3391 2873 pacis
3440 2805 3581 2858 acci-

1887 2910 2021 2965 pere
2055 2899 2434 2964 praasumunt.
2468 2892 2523 2947 Si
2550 2892 2750 2957 fecisti,
2782 2900 2897 2946 tres
2922 2892 3043 2946 dies
3074 2892 3132 2946 in
3164 2908 3313 2963 pane
3344 2898 3401 2947 et
3431 2909 3581 2963 aqua

81 2996 190 3032 non
225 2978 489 3049 recepisti
524 2994 618 3030 eos
662 2977 721 3031 in
774 2977 1010 3031 domum
1064 2983 1245 3043 tuam,
1305 2983 1362 3032 et
1422 2994 1536 3031 non
1594 2977 1775 3032 fecisti

1954 2981 2184 3037 eniteas.

82 3084 204 3120 cum
242 3068 325 3120 eis
358 3066 828 3132 misericordiam,
864 3066 1007 3119 sicut
1041 3066 1313 3120 Dominus
1358 3066 1669 3136 praecepit?
1720 3066 1778 3121 Si

82 3174 194 3211 non
228 3155 435 3223 fecisti,
495 3156 749 3227 quinque
801 3155 920 3209 dies
972 3154 1030 3208 in
1082 3172 1228 3226 pane
1288 3161 1345 3210 et
1387 3172 1537 3227 aqua
1596 3157 1776 3227 paeni-

84 3251 220 3299 teas.

649 3333 777 3386 Item
809 3331 871 3383 de
909 3333 1210 3400 sacrilegio.

152 3438 462 3493 Incendisti
511 3436 836 3499 Ecclesiam,
896 3442 996 3491 aut
1050 3436 1428 3491 consensisti?
1479 3436 1533 3491 Si
1573 3436 1774 3502 fecisti,

89 3527 389 3581 Ecclesiam
437 3527 690 3591 restitue,
750 3530 805 3579 et
835 3526 1091 3595 precium
1140 3530 1325 3589 tuum,
1371 3524 1427 3578 id
1460 3528 1547 3577 est
1606 3524 1775 3577 wire-

84 3616 311 3683 geldum
347 3621 510 3668 tuum
543 3614 892 3684 pauperibus
922 3614 1220 3679 distribue,
1252 3617 1309 3667 et
1355 3612 1441 3666 XV
1465 3627 1648 3665 annos
1676 3626 1780 3681 per

84 3712 371 3781 legitimas
401 3714 569 3765 ferias
601 3711 900 3781 pteniteas.

152 3800 459 3854 Retinuisti
490 3800 803 3853 oblationes
833 3802 1216 3866 mortuorum,
1269 3797 1348 3851 ita
1406 3801 1471 3851 ut
1519 3796 1777 3851 Ecclesiis

87 3890 305 3942 tradere
342 3887 658 3942 noluisses?
686 3887 745 3942 Si
768 3887 973 3956 fecisti,
1006 3903 1185 3941 unum
1216 3902 1432 3941 annum
1482 3901 1587 3955 per
1635 3884 1775 3955 legi-

87 3978 250 4029 timas
280 3977 450 4029 ferias
480 3977 777 4046 poeniteas.

152 4065 462 4120 Celebrasti
510 4065 742 4128 Pascha,
786 4066 1175 4129 Pentecosten,
1236 4061 1491 4115 Natalem
1548 4059 1775 4114 Domini

86 4155 138 4206 in
172 4154 287 4207 alio
328 4154 472 4221 loco,
512 4152 621 4205 nisi
650 4153 712 4206 in
742 4152 839 4205 illa
870 4152 1095 4205 civitate
1125 4150 1215 4204 cui
1260 4154 1320 4203 tu
1352 4150 1639 4218 subjectus
1694 4164 1773 4215 es,

88 4242 189 4295 nisi
230 4241 567 4295 inﬁrmitate
592 4245 646 4294 te
677 4239 1065 4311 impediente?
1106 4239 1162 4294 Si
1192 4238 1392 4305 fecisti,
1447 4237 1496 4289 X
1544 4237 1663 4292 dies
1716 4237 1772 4289 in

85 4347 229 4400 pane
264 4336 319 4384 et
350 4346 498 4401 aqua
523 4329 818 4402 pceniteas.

634 4438 705 4490 De
735 4436 1229 4489 excommunicatis.

149 4524 417 4581 Habuisti
446 4524 696 4594 aliquam
733 4523 1201 4577 communionem
1234 4536 1363 4575 cum
1392 4518 1780 4573 excommuni:

86 4621 223 4681 cato,
261 4619 316 4667 te
351 4614 561 4668 sciente
619 4614 697 4666 ita
726 4612 873 4679 dico,
907 4617 969 4666 ut
999 4612 1167 4666 simul
1200 4627 1326 4664 cum
1361 4626 1427 4663 eo
1468 4624 1661 4662 orares
1717 4608 1777 4661 in

92 4703 349 4767 Ecclesia,
383 4708 479 4756 aut
508 4703 565 4756 in
589 4702 782 4772 aliquo
806 4704 949 4767 loco,
984 4706 1080 4753 aut
1112 4699 1365 4753 salutasti
1414 4713 1567 4760 eum,
1612 4697 1690 4750 ita
1715 4700 1781 4749 ut

90 4792 129 4843 ei
165 4808 269 4846 ave
302 4789 542 4857 diceres,
577 4795 677 4843 aut
706 4805 839 4843 eum
868 4789 926 4843 in
955 4789 1189 4843 domum
1221 4787 1523 4857 reciperes,
1586 4788 1686 4837 aut
1726 4784 1779 4836 ei

88 4882 334 4951 aliquam
383 4879 801 4933 humanitatem
852 4878 1169 4948 praebuisti,
1227 4876 1393 4939 clam,
1445 4874 1532 4928 vel
1583 4876 1779 4943 aperte

88 4969 185 5022 nisi
207 4969 416 5023 eodem
446 4973 722 5038 tempore,
753 4967 841 5021 vel
893 4966 1095 5020 eodem
1146 4964 1353 5017 itinere
1379 4966 1569 5016 tecum
1591 4961 1661 5015 ad
1685 4978 1781 5014 sa-

85 5057 463 5111 tisfactionem
516 5057 600 5110 ire
646 5056 836 5124 vellet,
871 5059 927 5109 et
979 5060 1113 5108 tunc
1162 5069 1337 5106 unam
1392 5055 1643 5117 noctem,
1691 5050 1779 5103 vel

86 5145 237 5211 duas,
281 5145 374 5199 vel
416 5150 693 5216 quantum
749 5144 858 5198 iter
914 5143 1089 5213 possit
1142 5140 1358 5212 perﬁci,
1413 5155 1668 5193 seorsum
1710 5138 1781 5191 ab

86 5233 202 5287 aliis
222 5233 417 5304 posito
444 5235 495 5287 ei
529 5233 734 5287 dedisti
765 5231 941 5286 victui
971 5229 1331 5285 necessaria?
1380 5227 1438 5281 Si
1484 5227 1649 5280 aliter
1699 5225 1778 5279 fe-

86 5321 222 5389 cisti,
262 5329 405 5375 tunc
432 5328 487 5375 et
530 5327 590 5375 tu
624 5320 891 5374 similiter
920 5318 1445 5373 excommunicatus
1499 5331 1579 5381 es,
1639 5314 1783 5367 sicut

88 5415 137 5462 et
156 5412 275 5475 ille,
302 5415 361 5463 et
392 5410 563 5463 debes
588 5407 973 5479 quadraginta
1014 5412 1069 5459 et
1094 5406 1214 5460 dies
1243 5405 1302 5458 in
1333 5420 1481 5473 pane
1526 5408 1583 5456 et
1613 5418 1781 5472 aqua,

90 5499 231 5568 quod
265 5496 525 5551 carinam
558 5500 783 5561 vocant,
835 5511 964 5549 cum
996 5498 1217 5564 septem
1248 5489 1619 5562 sequentibus
1680 5506 1781 5543 an-

90 5588 168 5640 nis
202 5587 512 5658 paenitere.

449 5692 728 5757 PATROL.
782 5690 959 5755 CXL.

1957 3069 2234 3139 Accepisti
2263 3084 2467 3137 corpus
2498 3074 2554 3121 et
2612 3068 2950 3137 sanguinem
3008 3068 3233 3122 Domini
3292 3073 3423 3139 post
3470 3068 3575 3122 ali-

1888 3172 2059 3227 quam
2114 3154 2511 3225 parvissimam
2569 3154 3067 3224 degustationem?
3139 3156 3195 3209 Si
3253 3155 3455 3221 fecisti,
3523 3160 3580 3208 et

1886 3245 2058 3298 semel
2116 3249 2173 3297 et
2210 3242 2350 3296 illud
2406 3242 2461 3295 in
2508 3242 2772 3312 pueritia,
2824 3242 2935 3296 nisi
2982 3258 3085 3313 pro
3133 3243 3335 3296 viatico
3372 3240 3575 3309 fecisti,

1886 3333 2083 3387 decem
2113 3330 2233 3385 dies
2257 3331 2318 3384 in
2346 3346 2493 3400 pane
2524 3335 2580 3383 et
2619 3348 2767 3400 aqua
2797 3331 3073 3400 poenitere
3106 3330 3300 3385 debes.

1958 3420 2159 3474 Fecisti
2186 3419 2338 3489 quod
2367 3418 2604 3488 quidam
2648 3420 2831 3473 facere
2863 3421 3063 3479 solent.
3098 3420 3236 3473 dum
3268 3419 3339 3473 ad
3387 3419 3577 3473 Eccle-

1885 3509 2029 3561 siam
2060 3508 2341 3573 venerint,
2399 3508 2457 3559 in
2497 3508 2698 3576 primis
2754 3523 2960 3576 parum
3014 3507 3169 3561 labia
3217 3512 3580 3561 commovent

1884 3596 2049 3667 quasi
2082 3601 2248 3649 orent
2275 3601 2512 3664 propter
2540 3595 2681 3647 alios
2733 3595 3184 3659 circumstantes,
3234 3596 3321 3648 vel
3373 3595 3577 3649 seden-

1883 3688 1990 3749 tes,
2020 3689 2076 3737 et
2105 3683 2293 3737 statim
2325 3683 2397 3737 ad
2444 3682 2666 3737 fabulas
2704 3687 2760 3736 et
2790 3683 2860 3737 ad
2896 3683 3223 3751 vaniloquia
3277 3681 3575 3748 festinant;

1884 3779 1939 3826 et
1963 3789 2093 3827 cum
2146 3772 2439 3842 presbyter
2468 3788 2562 3825 eos
2615 3772 2841 3833 salutat,
2874 3775 2930 3825 et
2960 3772 3220 3824 hortatur
3257 3770 3328 3823 ad
3358 3769 3578 3823 oratio-

1882 3879 2037 3929 nem,
2068 3862 2152 3916 illi
2182 3866 2372 3914 autem
2403 3860 2473 3914 ad
2521 3859 2742 3913 fabulas
2771 3876 2902 3913 suas
2932 3863 3312 3924 revertuntur,
3344 3873 3462 3911 non
3505 3856 3579 3911 ad

1884 3950 2336 4020 responsionem,
2371 3964 2475 4001 nec
2514 3947 2583 4001 ad
2640 3947 2979 4000 orationem.
3024 3945 3080 3999 Si
3129 3944 3330 4013 fecisti,
3380 3944 3577 3999 decem

1884 4040 2006 4094 dies
2038 4040 2096 4091 in
2128 4054 2275 4109 pane
2317 4043 2372 4092 et
2401 4052 2550 4108 aqua
2576 4038 2853 4106 paenitere
2886 4035 3076 4090 debes.

2419 4145 2493 4197 De
2512 4157 2770 4197 consensu
2793 4144 2853 4195 in
2875 4142 3036 4195 malo.

1959 4233 2258 4289 Reticuisti
2302 4238 2600 4303 peccatum
2656 4231 2848 4285 fratris
2904 4230 3057 4301 quod
3111 4234 3234 4284 erat
3290 4244 3473 4300 usque
3506 4228 3577 4283 ad

1888 4328 2155 4388 mortem,
2186 4338 2371 4392 neque
2402 4320 2732 4389 corripuisti
2780 4335 2935 4386 eum,
2987 4334 3093 4373 nec
3135 4319 3466 4372 exhortatus
3519 4332 3579 4371 es

1888 4424 2042 4475 eum,
2074 4413 2139 4461 ut
2164 4407 2545 4477 resipisceret,
2580 4421 2682 4460 nec
2712 4405 3040 4460 succurristi
3081 4404 3242 4458 fratri
3272 4405 3377 4457 sub
3406 4419 3580 4457 onere

1882 4495 2139 4567 jacenti?
2168 4496 2225 4551 Si
2248 4495 2452 4561 fecisti,
2477 4500 2593 4548 tam
2639 4494 2740 4548 diu
2785 4494 3064 4564 pteniteas
3087 4509 3261 4565 quam
3294 4493 3391 4547 diu
3442 4493 3579 4547 reti-

1887 4585 2075 4639 cuisti.

1961 4672 2270 4727 Defendisti
2314 4687 2437 4726 reos
2481 4675 2715 4742 propter
2744 4669 3195 4725 misericordiam
3229 4669 3318 4723 vel
3348 4672 3584 4739 propter

1889 4762 2222 4826 amicitiam,
2273 4766 2330 4815 et
2381 4760 2438 4813 in
2480 4761 2588 4813 hoc
2631 4759 3037 4813 immisericors
3068 4757 3223 4813 fuisti
3267 4756 3583 4810 innocenti-

1888 4850 2035 4904 bus?
2084 4849 2140 4903 Si
2168 4848 2369 4913 fecisti,
2402 4848 2639 4917 triginta
2689 4847 2811 4902 dies
2847 4848 2909 4901 in
2938 4862 3086 4917 pane
3124 4850 3181 4900 et
3220 4861 3368 4916 aqua
3396 4844 3582 4915 pceni-

1888 4942 2029 4992 teas.

1965 5025 2166 5080 Fecisti
2196 5023 2299 5078 tibi
2348 5023 2579 5077 missam
2625 5028 2876 5090 cantare,
2936 5025 2993 5075 et
3023 5021 3121 5075 illa
3144 5026 3340 5075 sancta
3378 5018 3584 5073 oﬂerre

1891 5117 2029 5171 dum
2059 5113 2213 5167 domi
2272 5112 2481 5173 fueras,
2514 5114 2631 5165 sive
2686 5111 2745 5164 in
2804 5112 2976 5165 domo
3033 5115 3155 5178 tua,
3211 5110 3327 5162 sive
3356 5108 3413 5162 in
3472 5107 3586 5161 alio

1893 5205 2089 5273 aliquo
2122 5202 2269 5267 loco,
2313 5200 2424 5253 nisi
2467 5201 2527 5254 in
2560 5198 2839 5253 Ecclesia?
2866 5198 2922 5253 Si
2979 5197 3183 5264 fecisti,
3216 5198 3414 5252 decem
3466 5195 3586 5250 dies

1892 5293 1953 5346 in
1985 5307 2132 5361 pane
2166 5294 2223 5343 et
2252 5305 2401 5360 aqua
2430 5289 2712 5359 pcenitere
2740 5287 2930 5341 debes.

2535 5398 2604 5449 De
2630 5393 2941 5448 incredulis.

1965 5484 2270 5541 Credidisti
2301 5484 2450 5554 quod
2483 5482 2716 5553 quidam
2753 5481 2985 5535 credere
3027 5478 3250 5533 solent?
3298 5480 3444 5533 Dum
3482 5478 3590 5532 iter

1895 5574 2129 5645 aliquod
2184 5573 2395 5627 faciunt
2443 5572 2487 5625 si
2544 5570 2833 5624 cornicula
2884 5586 2946 5623 ex
3001 5568 3229 5622 sinistra
3286 5583 3487 5621 eorum
3529 5567 3587 5619 in

3197 5679 3269 5735 31
