  <div class='ocr_page' id='page_1' title='image "/cluster/home/n/w/nwhite01/storage/ocr_20150623/140/hvd.32044054760004/491.png"; bbox 0 0 4010 6192; ppageno 0'>
   <div class='ocr_carea' id='block_1_1' title="bbox 421 293 3930 356">
    <p class='ocr_par' dir='ltr' id='par_1_1' title="bbox 421 293 3930 356">
     <span class='ocr_line' id='line_1_1' title="bbox 421 293 3930 356; baseline -0.003 -1"><span class='ocrx_word' id='word_1_1' title='bbox 421 304 515 356; x_wconf 80' lang='lat' dir='ltr'>97l</span> <span class='ocrx_word' id='word_1_2' title='bbox 1503 297 1587 352; x_wconf 87' lang='lat' dir='ltr'>BU</span> <span class='ocrx_word' id='word_1_3' title='bbox 1599 295 1906 352; x_wconf 81' lang='lat' dir='ltr'>RCHARDI</span> <span class='ocrx_word' id='word_1_4' title='bbox 1952 295 2479 351; x_wconf 81' lang='lat' dir='ltr'>WORMACIENSIS</span> <span class='ocrx_word' id='word_1_5' title='bbox 2519 293 2848 349; x_wconf 88' lang='lat' dir='ltr'>EPISCOPI.</span> <span class='ocrx_word' id='word_1_6' title='bbox 3834 296 3930 343; x_wconf 71' lang='lat'>972</span> 
     </span>
    </p>
   </div>
   <div class='ocr_carea' id='block_1_2' title="bbox 421 415 3932 489">
    <p class='ocr_par' dir='ltr' id='par_1_2' title="bbox 421 415 3932 489">
     <span class='ocr_line' id='line_1_2' title="bbox 421 415 3932 489; baseline -0.003 -14"><span class='ocrx_word' id='word_1_7' title='bbox 421 421 713 477; x_wconf 84' lang='lat' dir='ltr'>dexteram</span> <span class='ocrx_word' id='word_1_8' title='bbox 762 421 874 476; x_wconf 88' lang='lat' dir='ltr'>illis</span> <span class='ocrx_word' id='word_1_9' title='bbox 918 420 1252 485; x_wconf 87' lang='lat' dir='ltr'>cantavcrit,</span> <span class='ocrx_word' id='word_1_10' title='bbox 1302 419 1433 473; x_wconf 91' lang='lat' dir='ltr'>inde</span> <span class='ocrx_word' id='word_1_11' title='bbox 1487 434 1544 472; x_wconf 92' lang='lat' dir='ltr'>se</span> <span class='ocrx_word' id='word_1_12' title='bbox 1621 424 1850 489; x_wconf 82' lang='lat' dir='ltr'>sperant</span> <span class='ocrx_word' id='word_1_13' title='bbox 1908 418 2118 472; x_wconf 88' lang='lat' dir='ltr'>habere</span> <span class='ocrx_word' id='word_1_14' title='bbox 2147 421 2191 472; x_wconf 84' lang='lat' dir='ltr'><strong>A</strong></span> <span class='ocrx_word' id='word_1_15' title='bbox 2231 418 2323 485; x_wconf 85' lang='lat' dir='ltr'>tis,</span> <span class='ocrx_word' id='word_1_16' title='bbox 2360 421 2416 471; x_wconf 92' lang='lat' dir='ltr'>et</span> <span class='ocrx_word' id='word_1_17' title='bbox 2457 416 2596 471; x_wconf 91' lang='lat' dir='ltr'>illud</span> <span class='ocrx_word' id='word_1_18' title='bbox 2649 417 2771 470; x_wconf 91' lang='lat' dir='ltr'>loco</span> <span class='ocrx_word' id='word_1_19' title='bbox 2825 415 3200 470; x_wconf 75' lang='lat' dir='ltr'>verendorum</span> <span class='ocrx_word' id='word_1_20' title='bbox 3248 419 3504 478; x_wconf 90' lang='lat' dir='ltr'>tuorum,</span> <span class='ocrx_word' id='word_1_21' title='bbox 3539 421 3642 468; x_wconf 89' lang='lat' dir='ltr'>aut</span> <span class='ocrx_word' id='word_1_22' title='bbox 3673 415 3932 472; x_wconf 80' lang='lat' dir='ltr'>alterius,</span> 
     </span>
    </p>
   </div>
   <div class='ocr_carea' id='block_1_3' title="bbox 421 506 2117 585">
    <p class='ocr_par' dir='ltr' id='par_1_3' title="bbox 421 506 2117 585">
     <span class='ocr_line' id='line_1_3' title="bbox 421 506 2117 585; baseline -0.004 -20"><span class='ocrx_word' id='word_1_23' title='bbox 421 527 760 585; x_wconf 81' lang='lat' dir='ltr'>prosperum</span> <span class='ocrx_word' id='word_1_24' title='bbox 813 511 942 564; x_wconf 88' lang='lat' dir='ltr'>iter.</span> <span class='ocrx_word' id='word_1_25' title='bbox 1002 509 1068 562; x_wconf 85' lang='lat' dir='ltr'>Et</span> <span class='ocrx_word' id='word_1_26' title='bbox 1113 509 1250 562; x_wconf 91' lang='lat' dir='ltr'>dum</span> <span class='ocrx_word' id='word_1_27' title='bbox 1282 506 1438 561; x_wconf 82' lang='lat' dir='ltr'>anxii</span> <span class='ocrx_word' id='word_1_28' title='bbox 1489 506 1707 561; x_wconf 81' lang='lat' dir='ltr'>fuerint</span> <span class='ocrx_word' id='word_1_29' title='bbox 1767 506 2024 578; x_wconf 85' lang='lat' dir='ltr'>hospitii,</span> <span class='ocrx_word' id='word_1_30' title='bbox 2073 507 2117 558; x_wconf 87' lang='lat' dir='ltr'>si</span> 
     </span>
    </p>
   </div>
   <div class='ocr_carea' id='block_1_4' title="bbox 423 597 2118 670">
    <p class='ocr_par' dir='ltr' id='par_1_4' title="bbox 423 597 2118 670">
     <span class='ocr_line' id='line_1_4' title="bbox 423 597 2118 670; baseline -0.004 -16"><span class='ocrx_word' id='word_1_31' title='bbox 423 607 558 655; x_wconf 92' lang='lat' dir='ltr'>tunc</span> <span class='ocrx_word' id='word_1_32' title='bbox 588 601 707 654; x_wconf 89' lang='lat' dir='ltr'>avis</span> <span class='ocrx_word' id='word_1_33' title='bbox 737 601 854 665; x_wconf 89' lang='lat' dir='ltr'>illa,</span> <span class='ocrx_word' id='word_1_34' title='bbox 887 615 1013 670; x_wconf 71' lang='lat' dir='ltr'>quae</span> <span class='ocrx_word' id='word_1_35' title='bbox 1045 597 1327 668; x_wconf 91' lang='lat' dir='ltr'>muriceps</span> <span class='ocrx_word' id='word_1_36' title='bbox 1361 602 1612 664; x_wconf 78' lang='lat' dir='ltr'>vocatur,</span> <span class='ocrx_word' id='word_1_37' title='bbox 1643 612 1708 649; x_wconf 93' lang='lat' dir='ltr'>eo</span> <span class='ocrx_word' id='word_1_38' title='bbox 1739 597 1894 666; x_wconf 89' lang='lat' dir='ltr'>quod</span> <span class='ocrx_word' id='word_1_39' title='bbox 1926 612 2118 649; x_wconf 90' lang='lat' dir='ltr'>mures</span> 
     </span>
    </p>
   </div>
   <div class='ocr_carea' id='block_1_5' title="bbox 424 684 2118 760">
    <p class='ocr_par' dir='ltr' id='par_1_5' title="bbox 424 684 2118 760">
     <span class='ocr_line' id='line_1_5' title="bbox 424 684 2118 760; baseline -0.004 -17"><span class='ocrx_word' id='word_1_40' title='bbox 424 691 628 760; x_wconf 83' lang='lat' dir='ltr'>capiat,</span> <span class='ocrx_word' id='word_1_41' title='bbox 657 696 712 742; x_wconf 89' lang='lat' dir='ltr'>et</span> <span class='ocrx_word' id='word_1_42' title='bbox 750 689 885 743; x_wconf 89' lang='lat' dir='ltr'>inde</span> <span class='ocrx_word' id='word_1_43' title='bbox 918 692 1181 756; x_wconf 89' lang='lat' dir='ltr'>pascatur</span> <span class='ocrx_word' id='word_1_44' title='bbox 1227 686 1544 750; x_wconf 91' lang='lat' dir='ltr'>nominata,</span> <span class='ocrx_word' id='word_1_45' title='bbox 1591 684 1739 738; x_wconf 92' lang='lat' dir='ltr'>viam</span> <span class='ocrx_word' id='word_1_46' title='bbox 1797 700 1898 755; x_wconf 90' lang='lat' dir='ltr'>per</span> <span class='ocrx_word' id='word_1_47' title='bbox 1944 701 2118 755; x_wconf 89' lang='lat' dir='ltr'>quam</span> 
     </span>
    </p>
   </div>
   <div class='ocr_carea' id='block_1_6' title="bbox 424 774 2122 843">
    <p class='ocr_par' dir='ltr' id='par_1_6' title="bbox 424 774 2122 843">
     <span class='ocr_line' id='line_1_6' title="bbox 424 774 2122 843; baseline -0.003 -12"><span class='ocrx_word' id='word_1_48' title='bbox 424 780 636 833; x_wconf 83' lang='lat' dir='ltr'>vadunt</span> <span class='ocrx_word' id='word_1_49' title='bbox 705 783 837 831; x_wconf 85' lang='lat' dir='ltr'>ante</span> <span class='ocrx_word' id='word_1_50' title='bbox 884 793 942 830; x_wconf 90' lang='lat' dir='ltr'>se</span> <span class='ocrx_word' id='word_1_51' title='bbox 999 774 1448 840; x_wconf 83' lang='lat' dir='ltr'>transvolaverit,</span> <span class='ocrx_word' id='word_1_52' title='bbox 1509 790 1568 827; x_wconf 88' lang='lat' dir='ltr'>se</span> <span class='ocrx_word' id='word_1_53' title='bbox 1621 774 1704 827; x_wconf 89' lang='lat' dir='ltr'>illi</span> <span class='ocrx_word' id='word_1_54' title='bbox 1765 774 2008 843; x_wconf 89' lang='lat' dir='ltr'>augurio</span> <span class='ocrx_word' id='word_1_55' title='bbox 2065 782 2122 826; x_wconf 90' lang='lat' dir='ltr'>et</span> 
     </span>
    </p>
   </div>
   <div class='ocr_carea' id='block_1_7' title="bbox 423 861 2121 934">
    <p class='ocr_par' dir='ltr' id='par_1_7' title="bbox 423 861 2121 934">
     <span class='ocr_line' id='line_1_7' title="bbox 423 861 2121 934; baseline -0.004 -13"><span class='ocrx_word' id='word_1_56' title='bbox 423 867 600 922; x_wconf 88' lang='lat' dir='ltr'>omini</span> <span class='ocrx_word' id='word_1_57' title='bbox 645 865 829 934; x_wconf 88' lang='lat' dir='ltr'>magis</span> <span class='ocrx_word' id='word_1_58' title='bbox 879 863 1250 917; x_wconf 89' lang='lat' dir='ltr'>committunt</span> <span class='ocrx_word' id='word_1_59' title='bbox 1295 878 1468 933; x_wconf 92' lang='lat' dir='ltr'>quam</span> <span class='ocrx_word' id='word_1_60' title='bbox 1506 863 1643 916; x_wconf 90' lang='lat' dir='ltr'>Deo.</span> <span class='ocrx_word' id='word_1_61' title='bbox 1693 861 1750 916; x_wconf 91' lang='lat' dir='ltr'>Si</span> <span class='ocrx_word' id='word_1_62' title='bbox 1781 861 1986 930; x_wconf 86' lang='lat' dir='ltr'>fecisti,</span> <span class='ocrx_word' id='word_1_63' title='bbox 2023 866 2121 915; x_wconf 92' lang='lat' dir='ltr'>aut</span> 
     </span>
    </p>
   </div>
   <div class='ocr_carea' id='block_1_8' title="bbox 423 950 2116 1023">
    <p class='ocr_par' dir='ltr' id='par_1_8' title="bbox 423 950 2116 1023">
     <span class='ocr_line' id='line_1_8' title="bbox 423 950 2116 1023; baseline -0.004 -14"><span class='ocrx_word' id='word_1_64' title='bbox 423 958 528 1010; x_wconf 90' lang='lat' dir='ltr'>ista</span> <span class='ocrx_word' id='word_1_65' title='bbox 555 953 862 1015; x_wconf 81' lang='lat' dir='ltr'>credidisti,</span> <span class='ocrx_word' id='word_1_66' title='bbox 900 953 1157 1023; x_wconf 89' lang='lat' dir='ltr'>quinque</span> <span class='ocrx_word' id='word_1_67' title='bbox 1214 951 1336 1005; x_wconf 92' lang='lat' dir='ltr'>dies</span> <span class='ocrx_word' id='word_1_68' title='bbox 1386 951 1446 1004; x_wconf 93' lang='lat' dir='ltr'>in</span> <span class='ocrx_word' id='word_1_69' title='bbox 1473 967 1620 1022; x_wconf 91' lang='lat' dir='ltr'>pane</span> <span class='ocrx_word' id='word_1_70' title='bbox 1653 955 1709 1005; x_wconf 91' lang='lat' dir='ltr'>et</span> <span class='ocrx_word' id='word_1_71' title='bbox 1739 967 1890 1020; x_wconf 91' lang='lat' dir='ltr'>aqua</span> <span class='ocrx_word' id='word_1_72' title='bbox 1940 950 2116 1004; x_wconf 87' lang='lat' dir='ltr'>debes</span> 
     </span>
    </p>
   </div>
   <div class='ocr_carea' id='block_1_9' title="bbox 422 1043 2070 1115">
    <p class='ocr_par' dir='ltr' id='par_1_9' title="bbox 422 1043 2070 1115">
     <span class='ocr_line' id='line_1_9' title="bbox 422 1043 2070 1115; baseline -0.002 -19"><span class='ocrx_word' id='word_1_73' title='bbox 422 1043 720 1115; x_wconf 78' lang='lat' dir='ltr'>poenitere.</span> <span class='ocrx_word' id='word_1_74' title='bbox 2066 1105 2070 1109; x_wconf 17' lang='grc'><em>⁴</em></span> 
     </span>
    </p>
   </div>
   <div class='ocr_carea' id='block_1_10' title="bbox 492 1126 2115 1199">
    <p class='ocr_par' dir='ltr' id='par_1_10' title="bbox 492 1126 2115 1199">
     <span class='ocr_line' id='line_1_10' title="bbox 492 1126 2115 1199; baseline -0.004 -14"><span class='ocrx_word' id='word_1_75' title='bbox 492 1129 789 1185; x_wconf 86' lang='lat' dir='ltr'>Credidisti</span> <span class='ocrx_word' id='word_1_76' title='bbox 818 1131 971 1199; x_wconf 93' lang='lat' dir='ltr'>quod</span> <span class='ocrx_word' id='word_1_77' title='bbox 1022 1127 1253 1198; x_wconf 90' lang='lat' dir='ltr'>quidam</span> <span class='ocrx_word' id='word_1_78' title='bbox 1287 1127 1518 1181; x_wconf 84' lang='lat' dir='ltr'>credere</span> <span class='ocrx_word' id='word_1_79' title='bbox 1566 1126 1781 1179; x_wconf 88' lang='lat' dir='ltr'>solent?</span> <span class='ocrx_word' id='word_1_80' title='bbox 1816 1126 1958 1179; x_wconf 88' lang='lat' dir='ltr'>Dum</span> <span class='ocrx_word' id='word_1_81' title='bbox 2016 1141 2115 1178; x_wconf 90' lang='lat' dir='ltr'>ne-</span> 
     </span>
    </p>
   </div>
   <div class='ocr_carea' id='block_1_11' title="bbox 421 1213 2116 1281">
    <p class='ocr_par' dir='ltr' id='par_1_11' title="bbox 421 1213 2116 1281">
     <span class='ocr_line' id='line_1_11' title="bbox 421 1213 2116 1281; baseline -0.004 -8"><span class='ocrx_word' id='word_1_82' title='bbox 421 1236 573 1273; x_wconf 90' lang='lat' dir='ltr'>cesse</span> <span class='ocrx_word' id='word_1_83' title='bbox 604 1219 818 1272; x_wconf 83' lang='lat' dir='ltr'>habent</span> <span class='ocrx_word' id='word_1_84' title='bbox 849 1222 983 1270; x_wconf 87' lang='lat' dir='ltr'>ante</span> <span class='ocrx_word' id='word_1_85' title='bbox 1014 1217 1199 1270; x_wconf 89' lang='lat' dir='ltr'>lucem</span> <span class='ocrx_word' id='word_1_86' title='bbox 1223 1215 1501 1268; x_wconf 86' lang='lat' dir='ltr'>aliorsum</span> <span class='ocrx_word' id='word_1_87' title='bbox 1533 1215 1705 1281; x_wconf 91' lang='lat' dir='ltr'>exire,</span> <span class='ocrx_word' id='word_1_88' title='bbox 1737 1230 1854 1268; x_wconf 91' lang='lat' dir='ltr'>non</span> <span class='ocrx_word' id='word_1_89' title='bbox 1884 1213 2116 1280; x_wconf 87' lang='lat' dir='ltr'>audent,</span> 
     </span>
    </p>
   </div>
   <div class='ocr_carea' id='block_1_12' title="bbox 423 1302 2118 1376">
    <p class='ocr_par' dir='ltr' id='par_1_12' title="bbox 423 1302 2118 1376">
     <span class='ocr_line' id='line_1_12' title="bbox 423 1302 2118 1376; baseline -0.002 -16"><span class='ocrx_word' id='word_1_90' title='bbox 423 1308 674 1361; x_wconf 87' lang='lat' dir='ltr'>dicentes</span> <span class='ocrx_word' id='word_1_91' title='bbox 721 1306 873 1376; x_wconf 91' lang='lat' dir='ltr'>quod</span> <span class='ocrx_word' id='word_1_92' title='bbox 930 1309 1225 1375; x_wconf 88' lang='lat' dir='ltr'>posterum</span> <span class='ocrx_word' id='word_1_93' title='bbox 1275 1304 1364 1369; x_wconf 89' lang='lat' dir='ltr'>sit,</span> <span class='ocrx_word' id='word_1_94' title='bbox 1399 1309 1454 1356; x_wconf 92' lang='lat' dir='ltr'>et</span> <span class='ocrx_word' id='word_1_95' title='bbox 1505 1309 1635 1358; x_wconf 91' lang='lat' dir='ltr'>ante</span> <span class='ocrx_word' id='word_1_96' title='bbox 1683 1302 1818 1372; x_wconf 86' lang='lat' dir='ltr'>galli</span> <span class='ocrx_word' id='word_1_97' title='bbox 1886 1307 2118 1356; x_wconf 90' lang='lat' dir='ltr'>cantum</span> 
     </span>
    </p>
   </div>
   <div class='ocr_carea' id='block_1_13' title="bbox 422 1390 2119 1462">
    <p class='ocr_par' dir='ltr' id='par_1_13' title="bbox 422 1390 2119 1462">
     <span class='ocr_line' id='line_1_13' title="bbox 422 1390 2119 1462; baseline -0.004 -13"><span class='ocrx_word' id='word_1_98' title='bbox 422 1396 616 1462; x_wconf 80' lang='lat' dir='ltr'>egredi</span> <span class='ocrx_word' id='word_1_99' title='bbox 649 1411 763 1448; x_wconf 92' lang='lat' dir='ltr'>non</span> <span class='ocrx_word' id='word_1_100' title='bbox 794 1394 980 1458; x_wconf 89' lang='lat' dir='ltr'>liceat,</span> <span class='ocrx_word' id='word_1_101' title='bbox 1042 1399 1097 1446; x_wconf 87' lang='lat' dir='ltr'>et</span> <span class='ocrx_word' id='word_1_102' title='bbox 1126 1393 1509 1462; x_wconf 87' lang='lat' dir='ltr'>periculorum</span> <span class='ocrx_word' id='word_1_103' title='bbox 1543 1391 1615 1444; x_wconf 85' lang='lat' dir='ltr'>sit</span> <span class='ocrx_word' id='word_1_104' title='bbox 1669 1407 1737 1445; x_wconf 92' lang='lat' dir='ltr'>eo</span> <span class='ocrx_word' id='word_1_105' title='bbox 1801 1390 1950 1460; x_wconf 91' lang='lat' dir='ltr'>quod</span> <span class='ocrx_word' id='word_1_106' title='bbox 2009 1390 2119 1443; x_wconf 90' lang='lat' dir='ltr'>im-</span> 
     </span>
    </p>
   </div>
   <div class='ocr_carea' id='block_1_14' title="bbox 424 1478 2120 1554">
    <p class='ocr_par' dir='ltr' id='par_1_14' title="bbox 424 1478 2120 1554">
     <span class='ocr_line' id='line_1_14' title="bbox 424 1478 2120 1554; baseline -0.004 -17"><span class='ocrx_word' id='word_1_107' title='bbox 424 1483 626 1538; x_wconf 89' lang='lat' dir='ltr'>mundi</span> <span class='ocrx_word' id='word_1_108' title='bbox 665 1482 895 1554; x_wconf 87' lang='lat' dir='ltr'>spiritus</span> <span class='ocrx_word' id='word_1_109' title='bbox 929 1486 1060 1535; x_wconf 87' lang='lat' dir='ltr'>ante</span> <span class='ocrx_word' id='word_1_110' title='bbox 1108 1480 1442 1551; x_wconf 87' lang='lat' dir='ltr'>gallicinum</span> <span class='ocrx_word' id='word_1_111' title='bbox 1495 1480 1621 1550; x_wconf 89' lang='lat' dir='ltr'>plus</span> <span class='ocrx_word' id='word_1_112' title='bbox 1671 1479 1740 1533; x_wconf 91' lang='lat' dir='ltr'>ad</span> <span class='ocrx_word' id='word_1_113' title='bbox 1797 1478 2120 1532; x_wconf 90' lang='lat' dir='ltr'>nocendum</span> 
     </span>
    </p>
   </div>
   <div class='ocr_carea' id='block_1_15' title="bbox 420 1567 2119 1642">
    <p class='ocr_par' dir='ltr' id='par_1_15' title="bbox 420 1567 2119 1642">
     <span class='ocr_line' id='line_1_15' title="bbox 420 1567 2119 1642; baseline -0.003 -19"><span class='ocrx_word' id='word_1_114' title='bbox 420 1572 720 1642; x_wconf 85' lang='lat' dir='ltr'>potestatis</span> <span class='ocrx_word' id='word_1_115' title='bbox 749 1570 982 1635; x_wconf 83' lang='lat' dir='ltr'>habent,</span> <span class='ocrx_word' id='word_1_116' title='bbox 1019 1585 1188 1639; x_wconf 88' lang='lat' dir='ltr'>quam</span> <span class='ocrx_word' id='word_1_117' title='bbox 1237 1573 1381 1637; x_wconf 85' lang='lat' dir='ltr'>post,</span> <span class='ocrx_word' id='word_1_118' title='bbox 1447 1573 1503 1621; x_wconf 87' lang='lat' dir='ltr'>et</span> <span class='ocrx_word' id='word_1_119' title='bbox 1557 1567 1741 1637; x_wconf 83' lang='lat' dir='ltr'>gallus</span> <span class='ocrx_word' id='word_1_120' title='bbox 1799 1583 1900 1619; x_wconf 87' lang='lat' dir='ltr'>suo</span> <span class='ocrx_word' id='word_1_121' title='bbox 1950 1572 2119 1618; x_wconf 88' lang='lat' dir='ltr'>cantu</span> 
     </span>
    </p>
   </div>
   <div class='ocr_carea' id='block_1_16' title="bbox 422 1654 2194 1746">
    <p class='ocr_par' dir='ltr' id='par_1_16' title="bbox 422 1654 2194 1746">
     <span class='ocr_line' id='line_1_16' title="bbox 422 1654 2194 1746; baseline -0.002 -34"><span class='ocrx_word' id='word_1_122' title='bbox 422 1661 552 1729; x_wconf 87' lang='lat' dir='ltr'>plus</span> <span class='ocrx_word' id='word_1_123' title='bbox 585 1659 767 1712; x_wconf 84' lang='lat' dir='ltr'>valeat</span> <span class='ocrx_word' id='word_1_124' title='bbox 805 1674 902 1710; x_wconf 92' lang='lat' dir='ltr'>eos</span> <span class='ocrx_word' id='word_1_125' title='bbox 933 1657 1212 1726; x_wconf 80' lang='lat' dir='ltr'>repellere</span> <span class='ocrx_word' id='word_1_126' title='bbox 1244 1662 1298 1709; x_wconf 89' lang='lat' dir='ltr'>et</span> <span class='ocrx_word' id='word_1_127' title='bbox 1337 1656 1556 1720; x_wconf 87' lang='lat' dir='ltr'>sedare,</span> <span class='ocrx_word' id='word_1_128' title='bbox 1591 1671 1764 1725; x_wconf 89' lang='lat' dir='ltr'>quam</span> <span class='ocrx_word' id='word_1_129' title='bbox 1795 1655 1890 1708; x_wconf 90' lang='lat' dir='ltr'>illa</span> <span class='ocrx_word' id='word_1_130' title='bbox 1928 1654 2122 1708; x_wconf 90' lang='lat' dir='ltr'>divina</span> <span class='ocrx_word' id='word_1_131' title='bbox 2155 1692 2194 1746; x_wconf 80' lang='grc' dir='ltr'>Β</span> 
     </span>
    </p>
   </div>
   <div class='ocr_carea' id='block_1_17' title="bbox 425 1743 2120 1817">
    <p class='ocr_par' dir='ltr' id='par_1_17' title="bbox 425 1743 2120 1817">
     <span class='ocr_line' id='line_1_17' title="bbox 425 1743 2120 1817; baseline -0.004 -16"><span class='ocrx_word' id='word_1_132' title='bbox 425 1765 588 1801; x_wconf 78' lang='lat' dir='ltr'>mens</span> <span class='ocrx_word' id='word_1_133' title='bbox 619 1764 747 1817; x_wconf 62' lang='lat' dir='ltr'>quas</span> <span class='ocrx_word' id='word_1_134' title='bbox 783 1751 868 1799; x_wconf 93' lang='lat' dir='ltr'>est</span> <span class='ocrx_word' id='word_1_135' title='bbox 897 1745 957 1799; x_wconf 90' lang='lat' dir='ltr'>in</span> <span class='ocrx_word' id='word_1_136' title='bbox 1006 1745 1238 1798; x_wconf 90' lang='lat' dir='ltr'>homine</span> <span class='ocrx_word' id='word_1_137' title='bbox 1286 1761 1383 1797; x_wconf 92' lang='lat' dir='ltr'>sua</span> <span class='ocrx_word' id='word_1_138' title='bbox 1431 1743 1542 1797; x_wconf 91' lang='lat' dir='ltr'>ﬁde</span> <span class='ocrx_word' id='word_1_139' title='bbox 1591 1750 1646 1797; x_wconf 92' lang='lat' dir='ltr'>et</span> <span class='ocrx_word' id='word_1_140' title='bbox 1693 1743 1875 1796; x_wconf 90' lang='lat' dir='ltr'>crucis</span> <span class='ocrx_word' id='word_1_141' title='bbox 1925 1743 2120 1813; x_wconf 87' lang='lat' dir='ltr'>signa—</span> 
     </span>
    </p>
   </div>
   <div class='ocr_carea' id='block_1_18' title="bbox 424 1825 2123 1903">
    <p class='ocr_par' dir='ltr' id='par_1_18' title="bbox 424 1825 2123 1903">
     <span class='ocr_line' id='line_1_18' title="bbox 424 1825 2123 1903; baseline -0.002 -13"><span class='ocrx_word' id='word_1_142' title='bbox 424 1825 594 1891; x_wconf 85' lang='lat' dir='ltr'>culo?</span> <span class='ocrx_word' id='word_1_143' title='bbox 623 1836 678 1890; x_wconf 90' lang='lat' dir='ltr'>Si</span> <span class='ocrx_word' id='word_1_144' title='bbox 710 1835 890 1889; x_wconf 87' lang='lat' dir='ltr'>fecisti</span> <span class='ocrx_word' id='word_1_145' title='bbox 925 1839 1020 1887; x_wconf 90' lang='lat' dir='ltr'>aut</span> <span class='ocrx_word' id='word_1_146' title='bbox 1052 1833 1363 1898; x_wconf 88' lang='lat' dir='ltr'>credidisti,</span> <span class='ocrx_word' id='word_1_147' title='bbox 1397 1833 1590 1886; x_wconf 89' lang='lat' dir='ltr'>decem</span> <span class='ocrx_word' id='word_1_148' title='bbox 1641 1833 1761 1886; x_wconf 90' lang='lat' dir='ltr'>dies</span> <span class='ocrx_word' id='word_1_149' title='bbox 1792 1832 1852 1886; x_wconf 91' lang='lat' dir='ltr'>in</span> <span class='ocrx_word' id='word_1_150' title='bbox 1888 1848 2037 1903; x_wconf 89' lang='lat' dir='ltr'>pane</span> <span class='ocrx_word' id='word_1_151' title='bbox 2067 1838 2123 1886; x_wconf 90' lang='lat' dir='ltr'>et</span> 
     </span>
    </p>
   </div>
   <div class='ocr_carea' id='block_1_19' title="bbox 428 1923 1106 1995">
    <p class='ocr_par' dir='ltr' id='par_1_19' title="bbox 428 1923 1106 1995">
     <span class='ocr_line' id='line_1_19' title="bbox 428 1923 1106 1995; baseline -0.004 -17"><span class='ocrx_word' id='word_1_152' title='bbox 428 1942 575 1995; x_wconf 89' lang='lat' dir='ltr'>aqua</span> <span class='ocrx_word' id='word_1_153' title='bbox 607 1924 776 1978; x_wconf 82' lang='lat' dir='ltr'>debes</span> <span class='ocrx_word' id='word_1_154' title='bbox 804 1923 1106 1994; x_wconf 65' lang='lat' dir='ltr'>poenitere.</span> 
     </span>
    </p>
   </div>
   <div class='ocr_carea' id='block_1_20' title="bbox 498 2009 2120 2082">
    <p class='ocr_par' dir='ltr' id='par_1_20' title="bbox 498 2009 2120 2082">
     <span class='ocr_line' id='line_1_20' title="bbox 498 2009 2120 2082; baseline -0.003 -15"><span class='ocrx_word' id='word_1_155' title='bbox 498 2012 802 2067; x_wconf 88' lang='lat' dir='ltr'>Credidisti</span> <span class='ocrx_word' id='word_1_156' title='bbox 851 2010 1002 2082; x_wconf 91' lang='lat' dir='ltr'>qnod</span> <span class='ocrx_word' id='word_1_157' title='bbox 1053 2009 1287 2080; x_wconf 87' lang='lat' dir='ltr'>quidam</span> <span class='ocrx_word' id='word_1_158' title='bbox 1339 2009 1569 2063; x_wconf 87' lang='lat' dir='ltr'>credere</span> <span class='ocrx_word' id='word_1_159' title='bbox 1625 2010 1827 2075; x_wconf 87' lang='lat' dir='ltr'>solent,</span> <span class='ocrx_word' id='word_1_160' title='bbox 1888 2013 1953 2062; x_wconf 92' lang='lat' dir='ltr'>ut</span> <span class='ocrx_word' id='word_1_161' title='bbox 2007 2009 2120 2062; x_wconf 67' lang='lat' dir='ltr'>illae</span> 
     </span>
    </p>
   </div>
   <div class='ocr_carea' id='block_1_21' title="bbox 426 2097 2123 2172">
    <p class='ocr_par' dir='ltr' id='par_1_21' title="bbox 426 2097 2123 2172">
     <span class='ocr_line' id='line_1_21' title="bbox 426 2097 2123 2172; baseline 0 -22"><span class='ocrx_word' id='word_1_162' title='bbox 426 2118 552 2172; x_wconf 66' lang='lat' dir='ltr'>quae</span> <span class='ocrx_word' id='word_1_163' title='bbox 586 2118 615 2153; x_wconf 87' lang='lat' dir='ltr'>a</span> <span class='ocrx_word' id='word_1_164' title='bbox 670 2101 842 2170; x_wconf 81' lang='lat' dir='ltr'>vulgo</span> <span class='ocrx_word' id='word_1_165' title='bbox 899 2115 1084 2169; x_wconf 84' lang='lat' dir='ltr'>parcae</span> <span class='ocrx_word' id='word_1_166' title='bbox 1135 2103 1427 2163; x_wconf 81' lang='lat' dir='ltr'>vocantur,</span> <span class='ocrx_word' id='word_1_167' title='bbox 1499 2099 1659 2168; x_wconf 65' lang='lat' dir='ltr'>ipsae,</span> <span class='ocrx_word' id='word_1_168' title='bbox 1718 2099 1803 2152; x_wconf 91' lang='lat' dir='ltr'>vel</span> <span class='ocrx_word' id='word_1_169' title='bbox 1861 2098 1992 2163; x_wconf 90' lang='lat' dir='ltr'>sint,</span> <span class='ocrx_word' id='word_1_170' title='bbox 2038 2097 2123 2150; x_wconf 88' lang='lat' dir='ltr'>vel</span> 
     </span>
    </p>
   </div>
   <div class='ocr_carea' id='block_1_22' title="bbox 426 2185 2124 2260">
    <p class='ocr_par' dir='ltr' id='par_1_22' title="bbox 426 2185 2124 2260">
     <span class='ocr_line' id='line_1_22' title="bbox 426 2185 2124 2260; baseline -0.004 -17"><span class='ocrx_word' id='word_1_171' title='bbox 426 2190 642 2260; x_wconf 86' lang='lat' dir='ltr'>possint</span> <span class='ocrx_word' id='word_1_172' title='bbox 671 2189 779 2242; x_wconf 87' lang='lat' dir='ltr'>hoc</span> <span class='ocrx_word' id='word_1_173' title='bbox 827 2188 1011 2241; x_wconf 85' lang='lat' dir='ltr'>facere</span> <span class='ocrx_word' id='word_1_174' title='bbox 1045 2187 1198 2258; x_wconf 92' lang='lat' dir='ltr'>quod</span> <span class='ocrx_word' id='word_1_175' title='bbox 1242 2187 1583 2252; x_wconf 88' lang='lat' dir='ltr'>creduntur;</span> <span class='ocrx_word' id='word_1_176' title='bbox 1629 2186 1687 2240; x_wconf 90' lang='lat' dir='ltr'>id</span> <span class='ocrx_word' id='word_1_177' title='bbox 1720 2191 1822 2251; x_wconf 91' lang='lat' dir='ltr'>est,</span> <span class='ocrx_word' id='word_1_178' title='bbox 1855 2185 1991 2238; x_wconf 91' lang='lat' dir='ltr'>dum</span> <span class='ocrx_word' id='word_1_179' title='bbox 2019 2185 2124 2238; x_wconf 86' lang='lat' dir='ltr'>ali-</span> 
     </span>
    </p>
   </div>
   <div class='ocr_carea' id='block_1_23' title="bbox 426 2273 2123 2348">
    <p class='ocr_par' dir='ltr' id='par_1_23' title="bbox 426 2273 2123 2348">
     <span class='ocr_line' id='line_1_23' title="bbox 426 2273 2123 2348; baseline -0.002 -18"><span class='ocrx_word' id='word_1_180' title='bbox 426 2279 554 2348; x_wconf 84' lang='lat' dir='ltr'>quis</span> <span class='ocrx_word' id='word_1_181' title='bbox 593 2277 766 2330; x_wconf 87' lang='lat' dir='ltr'>homo</span> <span class='ocrx_word' id='word_1_182' title='bbox 796 2276 1069 2341; x_wconf 86' lang='lat' dir='ltr'>nascitur,</span> <span class='ocrx_word' id='word_1_183' title='bbox 1096 2279 1151 2328; x_wconf 88' lang='lat' dir='ltr'>et</span> <span class='ocrx_word' id='word_1_184' title='bbox 1179 2280 1314 2328; x_wconf 89' lang='lat' dir='ltr'>tunc</span> <span class='ocrx_word' id='word_1_185' title='bbox 1351 2274 1579 2327; x_wconf 89' lang='lat' dir='ltr'>valeant</span> <span class='ocrx_word' id='word_1_186' title='bbox 1627 2273 1790 2328; x_wconf 92' lang='lat' dir='ltr'>illum</span> <span class='ocrx_word' id='word_1_187' title='bbox 1824 2273 2123 2342; x_wconf 89' lang='lat' dir='ltr'>designare</span> 
     </span>
    </p>
   </div>
   <div class='ocr_carea' id='block_1_24' title="bbox 425 2361 2125 2435">
    <p class='ocr_par' dir='ltr' id='par_1_24' title="bbox 425 2361 2125 2435">
     <span class='ocr_line' id='line_1_24' title="bbox 425 2361 2125 2435; baseline -0.004 -15"><span class='ocrx_word' id='word_1_188' title='bbox 425 2361 492 2420; x_wconf 83' lang='lat' dir='ltr'>ad</span> <span class='ocrx_word' id='word_1_189' title='bbox 525 2366 629 2419; x_wconf 86' lang='lat' dir='ltr'>hoc</span> <span class='ocrx_word' id='word_1_190' title='bbox 661 2363 811 2435; x_wconf 89' lang='lat' dir='ltr'>quod</span> <span class='ocrx_word' id='word_1_191' title='bbox 843 2364 1018 2417; x_wconf 88' lang='lat' dir='ltr'>velint</span> <span class='ocrx_word' id='word_1_192' title='bbox 1063 2369 1125 2416; x_wconf 91' lang='lat' dir='ltr'>ut</span> <span class='ocrx_word' id='word_1_193' title='bbox 1150 2363 1612 2433; x_wconf 87' lang='lat' dir='ltr'>quandocunquc</span> <span class='ocrx_word' id='word_1_194' title='bbox 1658 2363 1752 2416; x_wconf 91' lang='lat' dir='ltr'>ille</span> <span class='ocrx_word' id='word_1_195' title='bbox 1809 2363 1980 2415; x_wconf 87' lang='lat' dir='ltr'>homo</span> <span class='ocrx_word' id='word_1_196' title='bbox 2032 2378 2125 2414; x_wconf 88' lang='lat' dir='ltr'>vo-</span> 
     </span>
    </p>
   </div>
   <div class='ocr_carea' id='block_1_25' title="bbox 426 2449 2124 2522">
    <p class='ocr_par' dir='ltr' id='par_1_25' title="bbox 426 2449 2124 2522">
     <span class='ocr_line' id='line_1_25' title="bbox 426 2449 2124 2522; baseline -0.004 -15"><span class='ocrx_word' id='word_1_197' title='bbox 426 2453 617 2515; x_wconf 88' lang='lat' dir='ltr'>luerit,</span> <span class='ocrx_word' id='word_1_198' title='bbox 652 2453 708 2505; x_wconf 89' lang='lat' dir='ltr'>in</span> <span class='ocrx_word' id='word_1_199' title='bbox 750 2454 949 2522; x_wconf 92' lang='lat' dir='ltr'>lupum</span> <span class='ocrx_word' id='word_1_200' title='bbox 981 2451 1376 2505; x_wconf 86' lang='lat' dir='ltr'>transformari</span> <span class='ocrx_word' id='word_1_201' title='bbox 1411 2451 1610 2521; x_wconf 86' lang='lat' dir='ltr'>possit,</span> <span class='ocrx_word' id='word_1_202' title='bbox 1673 2451 1824 2522; x_wconf 80' lang='lat' dir='ltr'>quod</span> <span class='ocrx_word' id='word_1_203' title='bbox 1873 2449 2124 2520; x_wconf 84' lang='lat' dir='ltr'>vulgaris</span> 
     </span>
    </p>
   </div>
   <div class='ocr_carea' id='block_1_26' title="bbox 428 2539 2123 2609">
    <p class='ocr_par' dir='ltr' id='par_1_26' title="bbox 428 2539 2123 2609">
     <span class='ocr_line' id='line_1_26' title="bbox 428 2539 2123 2609; baseline 0 -18"><span class='ocrx_word' id='word_1_204' title='bbox 428 2539 666 2592; x_wconf 84' lang='lat' dir='ltr'>stultitia</span> <span class='ocrx_word' id='word_1_205' title='bbox 697 2539 994 2593; x_wconf 77' lang='lat' dir='ltr'>weruvofﬁ‘</span> <span class='ocrx_word' id='word_1_206' title='bbox 1021 2545 1200 2606; x_wconf 88' lang='lat' dir='ltr'>vocat,</span> <span class='ocrx_word' id='word_1_207' title='bbox 1238 2544 1336 2592; x_wconf 90' lang='lat' dir='ltr'>aut</span> <span class='ocrx_word' id='word_1_208' title='bbox 1365 2539 1420 2592; x_wconf 91' lang='lat' dir='ltr'>in</span> <span class='ocrx_word' id='word_1_209' title='bbox 1472 2539 1642 2593; x_wconf 89' lang='lat' dir='ltr'>aliam</span> <span class='ocrx_word' id='word_1_210' title='bbox 1674 2539 1925 2609; x_wconf 88' lang='lat' dir='ltr'>aliquam</span> <span class='ocrx_word' id='word_1_211' title='bbox 1976 2540 2123 2607; x_wconf 86' lang='lat' dir='ltr'>tigu-</span> 
     </span>
    </p>
   </div>
   <div class='ocr_carea' id='block_1_27' title="bbox 429 2627 2124 2697">
    <p class='ocr_par' dir='ltr' id='par_1_27' title="bbox 429 2627 2124 2697">
     <span class='ocr_line' id='line_1_27' title="bbox 429 2627 2124 2697; baseline -0.001 -17"><span class='ocrx_word' id='word_1_212' title='bbox 429 2629 590 2681; x_wconf 84' lang='lat' dir='ltr'>ram?</span> <span class='ocrx_word' id='word_1_213' title='bbox 619 2628 675 2680; x_wconf 89' lang='lat' dir='ltr'>Si</span> <span class='ocrx_word' id='word_1_214' title='bbox 729 2627 1038 2694; x_wconf 87' lang='lat' dir='ltr'>credidisti,</span> <span class='ocrx_word' id='word_1_215' title='bbox 1083 2627 1236 2697; x_wconf 90' lang='lat' dir='ltr'>quod</span> <span class='ocrx_word' id='word_1_216' title='bbox 1283 2643 1577 2696; x_wconf 84' lang='lat' dir='ltr'>nunquam</span> <span class='ocrx_word' id='word_1_217' title='bbox 1632 2627 1794 2680; x_wconf 89' lang='lat' dir='ltr'>ﬁeret</span> <span class='ocrx_word' id='word_1_218' title='bbox 1849 2630 1947 2680; x_wconf 90' lang='lat' dir='ltr'>aut</span> <span class='ocrx_word' id='word_1_219' title='bbox 2003 2641 2124 2678; x_wconf 88' lang='lat' dir='ltr'>esse</span> 
     </span>
    </p>
   </div>
   <div class='ocr_carea' id='block_1_28' title="bbox 429 2711 2122 2785">
    <p class='ocr_par' dir='ltr' id='par_1_28' title="bbox 429 2711 2122 2785">
     <span class='ocr_line' id='line_1_28' title="bbox 429 2711 2122 2785; baseline -0.004 -16"><span class='ocrx_word' id='word_1_220' title='bbox 429 2716 626 2785; x_wconf 87' lang='lat' dir='ltr'>possit,</span> <span class='ocrx_word' id='word_1_221' title='bbox 687 2721 751 2769; x_wconf 93' lang='lat' dir='ltr'>ut</span> <span class='ocrx_word' id='word_1_222' title='bbox 801 2714 993 2768; x_wconf 87' lang='lat' dir='ltr'>divina</span> <span class='ocrx_word' id='word_1_223' title='bbox 1049 2715 1242 2784; x_wconf 85' lang='lat' dir='ltr'>imago</span> <span class='ocrx_word' id='word_1_224' title='bbox 1304 2715 1361 2766; x_wconf 93' lang='lat' dir='ltr'>in</span> <span class='ocrx_word' id='word_1_225' title='bbox 1411 2715 1580 2767; x_wconf 90' lang='lat' dir='ltr'>aliam</span> <span class='ocrx_word' id='word_1_226' title='bbox 1633 2715 1874 2768; x_wconf 89' lang='lat' dir='ltr'>formam</span> <span class='ocrx_word' id='word_1_227' title='bbox 1928 2717 2028 2766; x_wconf 91' lang='lat' dir='ltr'>aut</span> <span class='ocrx_word' id='word_1_228' title='bbox 2065 2711 2122 2764; x_wconf 91' lang='lat' dir='ltr'>in</span> 
     </span>
    </p>
   </div>
   <div class='ocr_carea' id='block_1_29' title="bbox 429 2800 2121 2874">
    <p class='ocr_par' dir='ltr' id='par_1_29' title="bbox 429 2800 2121 2874">
     <span class='ocr_line' id='line_1_29' title="bbox 429 2800 2121 2874; baseline -0.003 -18"><span class='ocrx_word' id='word_1_229' title='bbox 429 2805 674 2874; x_wconf 87' lang='lat' dir='ltr'>speciem</span> <span class='ocrx_word' id='word_1_230' title='bbox 716 2803 1085 2860; x_wconf 86' lang='lat' dir='ltr'>transmutari</span> <span class='ocrx_word' id='word_1_231' title='bbox 1114 2803 1290 2872; x_wconf 79' lang='lat' dir='ltr'>possit</span> <span class='ocrx_word' id='word_1_232' title='bbox 1317 2803 1386 2856; x_wconf 88' lang='lat' dir='ltr'>ab</span> <span class='ocrx_word' id='word_1_233' title='bbox 1440 2803 1654 2872; x_wconf 91' lang='lat' dir='ltr'>aliquo,</span> <span class='ocrx_word' id='word_1_234' title='bbox 1705 2802 1814 2855; x_wconf 89' lang='lat' dir='ltr'>nisi</span> <span class='ocrx_word' id='word_1_235' title='bbox 1842 2801 1911 2854; x_wconf 89' lang='lat' dir='ltr'>ab</span> <span class='ocrx_word' id='word_1_236' title='bbox 1939 2800 2121 2855; x_wconf 91' lang='lat' dir='ltr'>omni-</span> 
     </span>
    </p>
   </div>
   <div class='ocr_carea' id='block_1_30' title="bbox 429 2890 2124 2964">
    <p class='ocr_par' dir='ltr' id='par_1_30' title="bbox 429 2890 2124 2964">
     <span class='ocr_line' id='line_1_30' title="bbox 429 2890 2124 2964; baseline -0.002 -18"><span class='ocrx_word' id='word_1_237' title='bbox 429 2898 658 2964; x_wconf 88' lang='lat' dir='ltr'>potente</span> <span class='ocrx_word' id='word_1_238' title='bbox 685 2893 820 2958; x_wconf 90' lang='lat' dir='ltr'>Deo,</span> <span class='ocrx_word' id='word_1_239' title='bbox 854 2892 1047 2945; x_wconf 89' lang='lat' dir='ltr'>decem</span> <span class='ocrx_word' id='word_1_240' title='bbox 1081 2891 1203 2944; x_wconf 89' lang='lat' dir='ltr'>dies</span> <span class='ocrx_word' id='word_1_241' title='bbox 1234 2892 1291 2944; x_wconf 91' lang='lat' dir='ltr'>in</span> <span class='ocrx_word' id='word_1_242' title='bbox 1315 2907 1462 2961; x_wconf 89' lang='lat' dir='ltr'>pane</span> <span class='ocrx_word' id='word_1_243' title='bbox 1491 2896 1547 2944; x_wconf 89' lang='lat' dir='ltr'>et</span> <span class='ocrx_word' id='word_1_244' title='bbox 1572 2907 1722 2961; x_wconf 89' lang='lat' dir='ltr'>aqua</span> <span class='ocrx_word' id='word_1_245' title='bbox 1771 2890 1944 2944; x_wconf 87' lang='lat' dir='ltr'>debes</span> <span class='ocrx_word' id='word_1_246' title='bbox 2006 2903 2124 2960; x_wconf 75' lang='lat' dir='ltr'>p03-</span> 
     </span>
    </p>
   </div>
   <div class='ocr_carea' id='block_1_31' title="bbox 426 2983 629 3035">
    <p class='ocr_par' dir='ltr' id='par_1_31' title="bbox 426 2983 629 3035">
     <span class='ocr_line' id='line_1_31' title="bbox 426 2983 629 3035; baseline -0.01 0"><span class='ocrx_word' id='word_1_247' title='bbox 426 2983 629 3035; x_wconf 90' lang='lat' dir='ltr'>nitere.</span> 
     </span>
    </p>
   </div>
   <div class='ocr_carea' id='block_1_32' title="bbox 498 3066 2124 3138">
    <p class='ocr_par' dir='ltr' id='par_1_32' title="bbox 498 3066 2124 3138">
     <span class='ocr_line' id='line_1_32' title="bbox 498 3066 2124 3138; baseline -0.002 -15"><span class='ocrx_word' id='word_1_248' title='bbox 498 3067 797 3123; x_wconf 90' lang='lat' dir='ltr'>Credidisti</span> <span class='ocrx_word' id='word_1_249' title='bbox 825 3067 978 3138; x_wconf 89' lang='lat' dir='ltr'>quod</span> <span class='ocrx_word' id='word_1_250' title='bbox 1010 3066 1245 3136; x_wconf 90' lang='lat' dir='ltr'>quidam</span> <span class='ocrx_word' id='word_1_251' title='bbox 1293 3067 1523 3120; x_wconf 89' lang='lat' dir='ltr'>credere</span> <span class='ocrx_word' id='word_1_252' title='bbox 1557 3066 1763 3133; x_wconf 89' lang='lat' dir='ltr'>solent,</span> <span class='ocrx_word' id='word_1_253' title='bbox 1796 3066 1948 3138; x_wconf 92' lang='lat' dir='ltr'>quod</span> <span class='ocrx_word' id='word_1_254' title='bbox 2011 3067 2124 3120; x_wconf 91' lang='lat' dir='ltr'>sint</span> 
     </span>
    </p>
   </div>
   <div class='ocr_carea' id='block_1_33' title="bbox 430 3154 2123 3228">
    <p class='ocr_par' dir='ltr' id='par_1_33' title="bbox 430 3154 2123 3228">
     <span class='ocr_line' id='line_1_33' title="bbox 430 3154 2123 3228; baseline -0.002 -17"><span class='ocrx_word' id='word_1_255' title='bbox 430 3163 680 3228; x_wconf 84' lang='lat' dir='ltr'>agrestes</span> <span class='ocrx_word' id='word_1_256' title='bbox 696 3155 948 3220; x_wconf 73' lang='lat' dir='ltr'>feminze,</span> <span class='ocrx_word' id='word_1_257' title='bbox 982 3171 1120 3224; x_wconf 89' lang='lat' dir='ltr'>quas</span> <span class='ocrx_word' id='word_1_258' title='bbox 1151 3154 1446 3224; x_wconf 88' lang='lat' dir='ltr'>sylvaticas</span> <span class='ocrx_word' id='word_1_259' title='bbox 1467 3160 1686 3217; x_wconf 88' lang='lat' dir='ltr'>vocant,</span> <span class='ocrx_word' id='word_1_260' title='bbox 1725 3171 1863 3224; x_wconf 89' lang='lat' dir='ltr'>quas</span> <span class='ocrx_word' id='word_1_261' title='bbox 1925 3154 2123 3208; x_wconf 90' lang='lat' dir='ltr'>dicunt</span> 
     </span>
    </p>
   </div>
   <div class='ocr_carea' id='block_1_34' title="bbox 431 3242 2121 3314">
    <p class='ocr_par' dir='ltr' id='par_1_34' title="bbox 431 3242 2121 3314">
     <span class='ocr_line' id='line_1_34' title="bbox 431 3242 2121 3314; baseline -0.001 -15"><span class='ocrx_word' id='word_1_262' title='bbox 431 3261 550 3299; x_wconf 89' lang='lat' dir='ltr'>esse</span> <span class='ocrx_word' id='word_1_263' title='bbox 597 3259 918 3314; x_wconf 88' lang='lat' dir='ltr'>corporeas,</span> <span class='ocrx_word' id='word_1_264' title='bbox 980 3248 1033 3296; x_wconf 92' lang='lat' dir='ltr'>et</span> <span class='ocrx_word' id='word_1_265' title='bbox 1089 3242 1320 3312; x_wconf 89' lang='lat' dir='ltr'>quando</span> <span class='ocrx_word' id='word_1_266' title='bbox 1373 3243 1658 3296; x_wconf 89' lang='lat' dir='ltr'>voluerint</span> <span class='ocrx_word' id='word_1_267' title='bbox 1718 3243 2020 3297; x_wconf 85' lang='lat' dir='ltr'>ostendant</span> <span class='ocrx_word' id='word_1_268' title='bbox 2063 3259 2121 3297; x_wconf 94' lang='lat' dir='ltr'>se</span> 
     </span>
    </p>
   </div>
   <div class='ocr_carea' id='block_1_35' title="bbox 431 3329 2124 3399">
    <p class='ocr_par' dir='ltr' id='par_1_35' title="bbox 431 3329 2124 3399">
     <span class='ocr_line' id='line_1_35' title="bbox 431 3329 2124 3399; baseline 0.001 -14"><span class='ocrx_word' id='word_1_269' title='bbox 431 3334 547 3386; x_wconf 89' lang='lat' dir='ltr'>suis</span> <span class='ocrx_word' id='word_1_270' title='bbox 577 3331 948 3398; x_wconf 84' lang='lat' dir='ltr'>amatoribus,</span> <span class='ocrx_word' id='word_1_271' title='bbox 979 3336 1036 3384; x_wconf 91' lang='lat' dir='ltr'>et</span> <span class='ocrx_word' id='word_1_272' title='bbox 1064 3345 1193 3384; x_wconf 91' lang='lat' dir='ltr'>cum</span> <span class='ocrx_word' id='word_1_273' title='bbox 1233 3330 1313 3383; x_wconf 92' lang='lat' dir='ltr'>eis</span> <span class='ocrx_word' id='word_1_274' title='bbox 1346 3329 1540 3384; x_wconf 91' lang='lat' dir='ltr'>dicunt</span> <span class='ocrx_word' id='word_1_275' title='bbox 1578 3348 1636 3384; x_wconf 91' lang='lat' dir='ltr'>se</span> <span class='ocrx_word' id='word_1_276' title='bbox 1685 3331 2015 3399; x_wconf 85' lang='lat' dir='ltr'>obiectasse,</span> <span class='ocrx_word' id='word_1_277' title='bbox 2069 3337 2124 3386; x_wconf 93' lang='lat' dir='ltr'>et</span> 
     </span>
    </p>
   </div>
   <div class='ocr_carea' id='block_1_36' title="bbox 430 3419 2121 3490">
    <p class='ocr_par' dir='ltr' id='par_1_36' title="bbox 430 3419 2121 3490">
     <span class='ocr_line' id='line_1_36' title="bbox 430 3419 2121 3490; baseline 0 -16"><span class='ocrx_word' id='word_1_278' title='bbox 430 3423 567 3474; x_wconf 90' lang='lat' dir='ltr'>item</span> <span class='ocrx_word' id='word_1_279' title='bbox 624 3420 850 3490; x_wconf 88' lang='lat' dir='ltr'>quando</span> <span class='ocrx_word' id='word_1_280' title='bbox 904 3420 1212 3482; x_wconf 89' lang='lat' dir='ltr'>voluerint,</span> <span class='ocrx_word' id='word_1_281' title='bbox 1269 3419 1622 3472; x_wconf 87' lang='lat' dir='ltr'>abscondant</span> <span class='ocrx_word' id='word_1_282' title='bbox 1687 3434 1744 3471; x_wconf 90' lang='lat' dir='ltr'>se</span> <span class='ocrx_word' id='word_1_283' title='bbox 1814 3424 1870 3474; x_wconf 90' lang='lat' dir='ltr'>et</span> <span class='ocrx_word' id='word_1_284' title='bbox 1917 3436 2121 3474; x_wconf 85' lang='lat' dir='ltr'>evane-</span> 
     </span>
    </p>
   </div>
   <div class='ocr_carea' id='block_1_37' title="bbox 432 3507 2126 3580">
    <p class='ocr_par' dir='ltr' id='par_1_37' title="bbox 432 3507 2126 3580">
     <span class='ocr_line' id='line_1_37' title="bbox 432 3507 2126 3580; baseline 0.001 -18"><span class='ocrx_word' id='word_1_285' title='bbox 432 3510 624 3564; x_wconf 85' lang='lat' dir='ltr'>scant?</span> <span class='ocrx_word' id='word_1_286' title='bbox 650 3508 706 3564; x_wconf 91' lang='lat' dir='ltr'>Si</span> <span class='ocrx_word' id='word_1_287' title='bbox 749 3507 1059 3568; x_wconf 80' lang='lat' dir='ltr'>credidisti,</span> <span class='ocrx_word' id='word_1_288' title='bbox 1118 3508 1316 3561; x_wconf 90' lang='lat' dir='ltr'>decem</span> <span class='ocrx_word' id='word_1_289' title='bbox 1349 3507 1470 3560; x_wconf 91' lang='lat' dir='ltr'>dies</span> <span class='ocrx_word' id='word_1_290' title='bbox 1524 3507 1581 3560; x_wconf 91' lang='lat' dir='ltr'>in</span> <span class='ocrx_word' id='word_1_291' title='bbox 1641 3523 1790 3577; x_wconf 90' lang='lat' dir='ltr'>pane</span> <span class='ocrx_word' id='word_1_292' title='bbox 1857 3513 1915 3562; x_wconf 93' lang='lat' dir='ltr'>et</span> <span class='ocrx_word' id='word_1_293' title='bbox 1975 3525 2126 3580; x_wconf 88' lang='lat' dir='ltr'>aqua</span> 
     </span>
    </p>
   </div>
   <div class='ocr_carea' id='block_1_38' title="bbox 431 3600 729 3670">
    <p class='ocr_par' dir='ltr' id='par_1_38' title="bbox 431 3600 729 3670">
     <span class='ocr_line' id='line_1_38' title="bbox 431 3600 729 3670; baseline -0.013 -16"><span class='ocrx_word' id='word_1_294' title='bbox 431 3600 729 3670; x_wconf 63' lang='lat' dir='ltr'>peniteas.</span> 
     </span>
    </p>
   </div>
   <div class='ocr_carea' id='block_1_39' title="bbox 503 3683 2125 3755">
    <p class='ocr_par' dir='ltr' id='par_1_39' title="bbox 503 3683 2125 3755">
     <span class='ocr_line' id='line_1_39' title="bbox 503 3683 2125 3755; baseline -0.001 -13"><span class='ocrx_word' id='word_1_295' title='bbox 503 3690 563 3742; x_wconf 88' lang='lat' dir='ltr'>lu</span> <span class='ocrx_word' id='word_1_296' title='bbox 623 3687 744 3740; x_wconf 88' lang='lat' dir='ltr'>istis</span> <span class='ocrx_word' id='word_1_297' title='bbox 805 3685 1072 3740; x_wconf 89' lang='lat' dir='ltr'>omnibus</span> <span class='ocrx_word' id='word_1_298' title='bbox 1127 3683 1471 3755; x_wconf 89' lang='lat' dir='ltr'>supradictis</span> <span class='ocrx_word' id='word_1_299' title='bbox 1533 3684 1744 3740; x_wconf 89' lang='lat' dir='ltr'>debent</span> <span class='ocrx_word' id='word_1_300' title='bbox 1806 3686 2125 3741; x_wconf 81' lang='lat' dir='ltr'>sacerdotes</span> 
     </span>
    </p>
   </div>
   <div class='ocr_carea' id='block_1_40' title="bbox 433 3773 2126 3848">
    <p class='ocr_par' dir='ltr' id='par_1_40' title="bbox 433 3773 2126 3848">
     <span class='ocr_line' id='line_1_40' title="bbox 433 3773 2126 3848; baseline -0.002 -17"><span class='ocrx_word' id='word_1_301' title='bbox 433 3792 700 3848; x_wconf 90' lang='lat' dir='ltr'>magnam</span> <span class='ocrx_word' id='word_1_302' title='bbox 757 3774 1158 3829; x_wconf 87' lang='lat' dir='ltr'>discretionem</span> <span class='ocrx_word' id='word_1_303' title='bbox 1190 3773 1421 3842; x_wconf 88' lang='lat' dir='ltr'>habere,</span> <span class='ocrx_word' id='word_1_304' title='bbox 1484 3778 1544 3826; x_wconf 92' lang='lat' dir='ltr'>ut</span> <span class='ocrx_word' id='word_1_305' title='bbox 1601 3773 1926 3827; x_wconf 90' lang='lat' dir='ltr'>discernant</span> <span class='ocrx_word' id='word_1_306' title='bbox 1976 3775 2126 3828; x_wconf 92' lang='lat' dir='ltr'>inter</span> 
     </span>
    </p>
   </div>
   <div class='ocr_carea' id='block_1_41' title="bbox 431 3861 2127 3933">
    <p class='ocr_par' dir='ltr' id='par_1_41' title="bbox 431 3861 2127 3933">
     <span class='ocr_line' id='line_1_41' title="bbox 431 3861 2127 3933; baseline -0.001 -15"><span class='ocrx_word' id='word_1_307' title='bbox 431 3865 591 3918; x_wconf 87' lang='lat' dir='ltr'>illum</span> <span class='ocrx_word' id='word_1_308' title='bbox 645 3863 742 3933; x_wconf 89' lang='lat' dir='ltr'>qui</span> <span class='ocrx_word' id='word_1_309' title='bbox 789 3861 1016 3932; x_wconf 90' lang='lat' dir='ltr'>publice</span> <span class='ocrx_word' id='word_1_310' title='bbox 1046 3862 1303 3931; x_wconf 89' lang='lat' dir='ltr'>peccavit</span> <span class='ocrx_word' id='word_1_311' title='bbox 1329 3867 1387 3915; x_wconf 91' lang='lat' dir='ltr'>et</span> <span class='ocrx_word' id='word_1_312' title='bbox 1437 3862 1664 3931; x_wconf 89' lang='lat' dir='ltr'>publice</span> <span class='ocrx_word' id='word_1_313' title='bbox 1717 3862 2011 3932; x_wconf 69' lang='lat' dir='ltr'>paenituit,</span> <span class='ocrx_word' id='word_1_314' title='bbox 2069 3868 2127 3916; x_wconf 90' lang='lat' dir='ltr'>et</span> 
     </span>
    </p>
   </div>
   <div class='ocr_carea' id='block_1_42' title="bbox 431 3949 2124 4022">
    <p class='ocr_par' dir='ltr' id='par_1_42' title="bbox 431 3949 2124 4022">
     <span class='ocr_line' id='line_1_42' title="bbox 431 3949 2124 4022; baseline -0.001 -16"><span class='ocrx_word' id='word_1_315' title='bbox 431 3954 579 4006; x_wconf 90' lang='lat' dir='ltr'>inter</span> <span class='ocrx_word' id='word_1_316' title='bbox 634 3951 800 4004; x_wconf 88' lang='lat' dir='ltr'>illum</span> <span class='ocrx_word' id='word_1_317' title='bbox 847 3950 947 4020; x_wconf 90' lang='lat' dir='ltr'>qui</span> <span class='ocrx_word' id='word_1_318' title='bbox 1010 3949 1285 4004; x_wconf 83' lang='lat' dir='ltr'>absconse</span> <span class='ocrx_word' id='word_1_319' title='bbox 1338 3949 1591 4018; x_wconf 87' lang='lat' dir='ltr'>peccavit</span> <span class='ocrx_word' id='word_1_320' title='bbox 1647 3955 1706 4004; x_wconf 91' lang='lat' dir='ltr'>et</span> <span class='ocrx_word' id='word_1_321' title='bbox 1763 3966 1864 4004; x_wconf 91' lang='lat' dir='ltr'>sua</span> <span class='ocrx_word' id='word_1_322' title='bbox 1922 3955 2124 4022; x_wconf 88' lang='lat' dir='ltr'>sponte</span> 
     </span>
    </p>
   </div>
   <div class='ocr_carea' id='block_1_43' title="bbox 433 4041 857 4094">
    <p class='ocr_par' dir='ltr' id='par_1_43' title="bbox 433 4041 857 4094">
     <span class='ocr_line' id='line_1_43' title="bbox 433 4041 857 4094; baseline -0.005 -1"><span class='ocrx_word' id='word_1_323' title='bbox 433 4041 724 4094; x_wconf 78' lang='lat' dir='ltr'>confessus</span> <span class='ocrx_word' id='word_1_324' title='bbox 756 4042 857 4091; x_wconf 88' lang='lat' dir='ltr'>est.</span> 
     </span>
    </p>
   </div>
   <div class='ocr_carea' id='block_1_44' title="bbox 503 4125 2128 4196">
    <p class='ocr_par' dir='ltr' id='par_1_44' title="bbox 503 4125 2128 4196">
     <span class='ocr_line' id='line_1_44' title="bbox 503 4125 2128 4196; baseline 0.001 -16"><span class='ocrx_word' id='word_1_325' title='bbox 503 4126 770 4192; x_wconf 87' lang='lat' dir='ltr'>Quamvis</span> <span class='ocrx_word' id='word_1_326' title='bbox 803 4125 890 4178; x_wconf 68' lang='lat' dir='ltr'>hee</span> <span class='ocrx_word' id='word_1_327' title='bbox 935 4125 1223 4194; x_wconf 64' lang='lat' dir='ltr'>prasdictaz</span> <span class='ocrx_word' id='word_1_328' title='bbox 1258 4125 1737 4196; x_wconf 85' lang='lat' dir='ltr'>interrogationes</span> <span class='ocrx_word' id='word_1_329' title='bbox 1793 4127 2024 4181; x_wconf 89' lang='lat' dir='ltr'>feminis</span> <span class='ocrx_word' id='word_1_330' title='bbox 2071 4133 2128 4182; x_wconf 91' lang='lat' dir='ltr'>et</span> 
     </span>
    </p>
   </div>
   <div class='ocr_carea' id='block_1_45' title="bbox 431 4214 2126 4287">
    <p class='ocr_par' dir='ltr' id='par_1_45' title="bbox 431 4214 2126 4287">
     <span class='ocr_line' id='line_1_45' title="bbox 431 4214 2126 4287; baseline 0.001 -17"><span class='ocrx_word' id='word_1_331' title='bbox 431 4216 568 4270; x_wconf 90' lang='lat' dir='ltr'>viris</span> <span class='ocrx_word' id='word_1_332' title='bbox 598 4216 712 4268; x_wconf 91' lang='lat' dir='ltr'>sint</span> <span class='ocrx_word' id='word_1_333' title='bbox 743 4229 1097 4279; x_wconf 87' lang='lat' dir='ltr'>communes,</span> <span class='ocrx_word' id='word_1_334' title='bbox 1130 4218 1319 4267; x_wconf 89' lang='lat' dir='ltr'>tamen</span> <span class='ocrx_word' id='word_1_335' title='bbox 1355 4214 1443 4268; x_wconf 69' lang='lat' dir='ltr'>hae</span> <span class='ocrx_word' id='word_1_336' title='bbox 1474 4220 1775 4286; x_wconf 90' lang='lat' dir='ltr'>sequentes</span> <span class='ocrx_word' id='word_1_337' title='bbox 1804 4216 2126 4287; x_wconf 87' lang='lat' dir='ltr'>specialiter</span> 
     </span>
    </p>
   </div>
   <div class='ocr_carea' id='block_1_46' title="bbox 435 4301 1107 4370">
    <p class='ocr_par' dir='ltr' id='par_1_46' title="bbox 435 4301 1107 4370">
     <span class='ocr_line' id='line_1_46' title="bbox 435 4301 1107 4370; baseline -0.004 -12"><span class='ocrx_word' id='word_1_338' title='bbox 435 4305 503 4358; x_wconf 90' lang='lat' dir='ltr'>ad</span> <span class='ocrx_word' id='word_1_339' title='bbox 537 4303 779 4358; x_wconf 87' lang='lat' dir='ltr'>feminas</span> <span class='ocrx_word' id='word_1_340' title='bbox 799 4301 1107 4370; x_wconf 85' lang='lat' dir='ltr'>pertinent.</span> 
     </span>
    </p>
   </div>
   <div class='ocr_carea' id='block_1_47' title="bbox 510 4389 2130 4461">
    <p class='ocr_par' dir='ltr' id='par_1_47' title="bbox 510 4389 2130 4461">
     <span class='ocr_line' id='line_1_47' title="bbox 510 4389 2130 4461; baseline 0.001 -15"><span class='ocrx_word' id='word_1_341' title='bbox 510 4389 711 4446; x_wconf 85' lang='lat' dir='ltr'>Fecisti</span> <span class='ocrx_word' id='word_1_342' title='bbox 760 4394 824 4442; x_wconf 88' lang='lat' dir='ltr'>ut</span> <span class='ocrx_word' id='word_1_343' title='bbox 871 4390 1134 4459; x_wconf 81' lang='lat' dir='ltr'>quaedam</span> <span class='ocrx_word' id='word_1_344' title='bbox 1193 4389 1464 4444; x_wconf 89' lang='lat' dir='ltr'>mulieres</span> <span class='ocrx_word' id='word_1_345' title='bbox 1495 4390 1552 4444; x_wconf 91' lang='lat' dir='ltr'>in</span> <span class='ocrx_word' id='word_1_346' title='bbox 1587 4392 1929 4461; x_wconf 89' lang='lat' dir='ltr'>quibusdam</span> <span class='ocrx_word' id='word_1_347' title='bbox 1987 4397 2130 4447; x_wconf 85' lang='lat' dir='ltr'>tem-</span> 
     </span>
    </p>
   </div>
   <div class='ocr_carea' id='block_1_48' title="bbox 435 4475 2126 4551">
    <p class='ocr_par' dir='ltr' id='par_1_48' title="bbox 435 4475 2126 4551">
     <span class='ocr_line' id='line_1_48' title="bbox 435 4475 2126 4551; baseline 0.002 -18"><span class='ocrx_word' id='word_1_348' title='bbox 435 4479 670 4551; x_wconf 81' lang='lat' dir='ltr'>poribus</span> <span class='ocrx_word' id='word_1_349' title='bbox 699 4475 836 4530; x_wconf 91' lang='lat' dir='ltr'>anni</span> <span class='ocrx_word' id='word_1_350' title='bbox 864 4476 1049 4531; x_wconf 88' lang='lat' dir='ltr'>facere</span> <span class='ocrx_word' id='word_1_351' title='bbox 1077 4478 1263 4532; x_wconf 90' lang='lat' dir='ltr'>solent</span> <span class='ocrx_word' id='word_1_352' title='bbox 1287 4495 1300 4532; x_wconf 88' lang='lat'><strong>:</strong></span> <span class='ocrx_word' id='word_1_353' title='bbox 1333 4484 1391 4532; x_wconf 91' lang='lat' dir='ltr'>ut</span> <span class='ocrx_word' id='word_1_354' title='bbox 1414 4479 1474 4532; x_wconf 91' lang='lat' dir='ltr'>in</span> <span class='ocrx_word' id='word_1_355' title='bbox 1531 4479 1702 4534; x_wconf 88' lang='lat' dir='ltr'>domo</span> <span class='ocrx_word' id='word_1_356' title='bbox 1746 4488 1846 4535; x_wconf 91' lang='lat' dir='ltr'>tua</span> <span class='ocrx_word' id='word_1_357' title='bbox 1871 4497 2126 4536; x_wconf 89' lang='lat' dir='ltr'>mensam</span> 
     </span>
    </p>
   </div>
   <div class='ocr_carea' id='block_1_49' title="bbox 435 4566 2127 4638">
    <p class='ocr_par' dir='ltr' id='par_1_49' title="bbox 435 4566 2127 4638">
     <span class='ocr_line' id='line_1_49' title="bbox 435 4566 2127 4638; baseline 0.002 -18"><span class='ocrx_word' id='word_1_358' title='bbox 435 4581 813 4638; x_wconf 68' lang='lat' dir='ltr'>prreparares,</span> <span class='ocrx_word' id='word_1_359' title='bbox 837 4571 894 4619; x_wconf 92' lang='lat' dir='ltr'>et</span> <span class='ocrx_word' id='word_1_360' title='bbox 922 4570 1050 4619; x_wconf 89' lang='lat' dir='ltr'>tuos</span> <span class='ocrx_word' id='word_1_361' title='bbox 1077 4566 1258 4632; x_wconf 85' lang='lat' dir='ltr'>cibos,</span> <span class='ocrx_word' id='word_1_362' title='bbox 1293 4572 1352 4620; x_wconf 89' lang='lat' dir='ltr'>et</span> <span class='ocrx_word' id='word_1_363' title='bbox 1371 4571 1571 4637; x_wconf 91' lang='lat' dir='ltr'>potum</span> <span class='ocrx_word' id='word_1_364' title='bbox 1607 4584 1737 4622; x_wconf 91' lang='lat' dir='ltr'>cum</span> <span class='ocrx_word' id='word_1_365' title='bbox 1772 4569 1956 4623; x_wconf 90' lang='lat' dir='ltr'>tribus</span> <span class='ocrx_word' id='word_1_366' title='bbox 2003 4571 2127 4623; x_wconf 93' lang='lat' dir='ltr'>cul-</span> 
     </span>
    </p>
   </div>
   <div class='ocr_carea' id='block_1_50' title="bbox 436 4654 2130 4724">
    <p class='ocr_par' dir='ltr' id='par_1_50' title="bbox 436 4654 2130 4724">
     <span class='ocr_line' id='line_1_50' title="bbox 436 4654 2130 4724; baseline 0.002 -14"><span class='ocrx_word' id='word_1_367' title='bbox 436 4657 584 4711; x_wconf 89' lang='lat' dir='ltr'>tellis</span> <span class='ocrx_word' id='word_1_368' title='bbox 645 4669 818 4724; x_wconf 88' lang='lat' dir='ltr'>supra</span> <span class='ocrx_word' id='word_1_369' title='bbox 859 4670 1116 4707; x_wconf 86' lang='lat' dir='ltr'>mensam</span> <span class='ocrx_word' id='word_1_370' title='bbox 1172 4669 1432 4722; x_wconf 89' lang='lat' dir='ltr'>poneres,</span> <span class='ocrx_word' id='word_1_371' title='bbox 1467 4658 1532 4706; x_wconf 88' lang='lat' dir='ltr'>ut</span> <span class='ocrx_word' id='word_1_372' title='bbox 1578 4654 1623 4707; x_wconf 88' lang='lat' dir='ltr'>si</span> <span class='ocrx_word' id='word_1_373' title='bbox 1679 4655 1965 4712; x_wconf 84' lang='lat' dir='ltr'>venissent</span> <span class='ocrx_word' id='word_1_374' title='bbox 2015 4663 2130 4713; x_wconf 89' lang='lat' dir='ltr'>tres</span> 
     </span>
    </p>
   </div>
   <div class='ocr_carea' id='block_1_51' title="bbox 436 4742 2130 4818">
    <p class='ocr_par' dir='ltr' id='par_1_51' title="bbox 436 4742 2130 4818">
     <span class='ocr_line' id='line_1_51' title="bbox 436 4742 2130 4818; baseline 0.002 -20"><span class='ocrx_word' id='word_1_375' title='bbox 436 4745 548 4798; x_wconf 78' lang='lat' dir='ltr'>illze</span> <span class='ocrx_word' id='word_1_376' title='bbox 597 4758 835 4809; x_wconf 89' lang='lat' dir='ltr'>sorores,</span> <span class='ocrx_word' id='word_1_377' title='bbox 898 4759 1039 4813; x_wconf 92' lang='lat' dir='ltr'>quas</span> <span class='ocrx_word' id='word_1_378' title='bbox 1114 4742 1348 4811; x_wconf 88' lang='lat' dir='ltr'>antiqua</span> <span class='ocrx_word' id='word_1_379' title='bbox 1406 4742 1712 4812; x_wconf 87' lang='lat' dir='ltr'>posteritas</span> <span class='ocrx_word' id='word_1_380' title='bbox 1781 4749 1837 4798; x_wconf 92' lang='lat' dir='ltr'>et</span> <span class='ocrx_word' id='word_1_381' title='bbox 1893 4747 2130 4818; x_wconf 89' lang='lat' dir='ltr'>antiqua</span> 
     </span>
    </p>
   </div>
   <div class='ocr_carea' id='block_1_52' title="bbox 437 4829 2129 4901">
    <p class='ocr_par' dir='ltr' id='par_1_52' title="bbox 437 4829 2129 4901">
     <span class='ocr_line' id='line_1_52' title="bbox 437 4829 2129 4901; baseline 0.001 -16"><span class='ocrx_word' id='word_1_382' title='bbox 437 4833 675 4886; x_wconf 84' lang='lat' dir='ltr'>stultitia</span> <span class='ocrx_word' id='word_1_383' title='bbox 702 4847 900 4901; x_wconf 88' lang='lat' dir='ltr'>parcas</span> <span class='ocrx_word' id='word_1_384' title='bbox 935 4830 1273 4895; x_wconf 88' lang='lat' dir='ltr'>nominavit,</span> <span class='ocrx_word' id='word_1_385' title='bbox 1305 4830 1386 4883; x_wconf 85' lang='lat' dir='ltr'>ibi</span> <span class='ocrx_word' id='word_1_386' title='bbox 1428 4829 1819 4896; x_wconf 89' lang='lat' dir='ltr'>reﬁcerentur,</span> <span class='ocrx_word' id='word_1_387' title='bbox 1863 4837 1919 4886; x_wconf 92' lang='lat' dir='ltr'>et</span> <span class='ocrx_word' id='word_1_388' title='bbox 1949 4833 2129 4886; x_wconf 90' lang='lat' dir='ltr'>tulisti</span> 
     </span>
    </p>
   </div>
   <div class='ocr_carea' id='block_1_53' title="bbox 439 4919 2131 4990">
    <p class='ocr_par' dir='ltr' id='par_1_53' title="bbox 439 4919 2131 4990">
     <span class='ocr_line' id='line_1_53' title="bbox 439 4919 2131 4990; baseline 0.001 -16"><span class='ocrx_word' id='word_1_389' title='bbox 439 4922 647 4975; x_wconf 66' lang='lat' dir='ltr'>divinza</span> <span class='ocrx_word' id='word_1_390' title='bbox 677 4919 878 4990; x_wconf 89' lang='lat' dir='ltr'>pietati</span> <span class='ocrx_word' id='word_1_391' title='bbox 911 4924 1247 4988; x_wconf 88' lang='lat' dir='ltr'>potestatem</span> <span class='ocrx_word' id='word_1_392' title='bbox 1280 4935 1462 4980; x_wconf 86' lang='lat' dir='ltr'>suam,</span> <span class='ocrx_word' id='word_1_393' title='bbox 1498 4925 1555 4972; x_wconf 91' lang='lat' dir='ltr'>et</span> <span class='ocrx_word' id='word_1_394' title='bbox 1581 4935 1792 4973; x_wconf 90' lang='lat' dir='ltr'>nomen</span> <span class='ocrx_word' id='word_1_395' title='bbox 1825 4937 2013 4988; x_wconf 91' lang='lat' dir='ltr'>suum,</span> <span class='ocrx_word' id='word_1_396' title='bbox 2074 4927 2131 4976; x_wconf 90' lang='lat' dir='ltr'>et</span> 
     </span>
    </p>
   </div>
   <div class='ocr_carea' id='block_1_54' title="bbox 439 5007 2131 5079">
    <p class='ocr_par' dir='ltr' id='par_1_54' title="bbox 439 5007 2131 5079">
     <span class='ocr_line' id='line_1_54' title="bbox 439 5007 2131 5079; baseline 0 -15"><span class='ocrx_word' id='word_1_397' title='bbox 439 5010 666 5064; x_wconf 85' lang='lat' dir='ltr'>diabolo</span> <span class='ocrx_word' id='word_1_398' title='bbox 695 5007 1000 5073; x_wconf 88' lang='lat' dir='ltr'>tradidisti,</span> <span class='ocrx_word' id='word_1_399' title='bbox 1043 5007 1141 5072; x_wconf 86' lang='lat' dir='ltr'>ita,</span> <span class='ocrx_word' id='word_1_400' title='bbox 1175 5007 1321 5074; x_wconf 90' lang='lat' dir='ltr'>dico,</span> <span class='ocrx_word' id='word_1_401' title='bbox 1343 5013 1406 5061; x_wconf 91' lang='lat' dir='ltr'>ut</span> <span class='ocrx_word' id='word_1_402' title='bbox 1427 5008 1683 5062; x_wconf 85' lang='lat' dir='ltr'>crederes</span> <span class='ocrx_word' id='word_1_403' title='bbox 1714 5008 1840 5062; x_wconf 90' lang='lat' dir='ltr'>illas</span> <span class='ocrx_word' id='word_1_404' title='bbox 1883 5025 2023 5079; x_wconf 91' lang='lat' dir='ltr'>quas</span> <span class='ocrx_word' id='word_1_405' title='bbox 2066 5016 2131 5064; x_wconf 90' lang='lat' dir='ltr'>tu</span> 
     </span>
    </p>
   </div>
   <div class='ocr_carea' id='block_1_55' title="bbox 437 5095 2130 5165">
    <p class='ocr_par' dir='ltr' id='par_1_55' title="bbox 437 5095 2130 5165">
     <span class='ocr_line' id='line_1_55' title="bbox 437 5095 2130 5165; baseline -0.001 -11"><span class='ocrx_word' id='word_1_406' title='bbox 437 5099 576 5154; x_wconf 87' lang='lat' dir='ltr'>dicis</span> <span class='ocrx_word' id='word_1_407' title='bbox 611 5113 731 5151; x_wconf 86' lang='lat' dir='ltr'>esse</span> <span class='ocrx_word' id='word_1_408' title='bbox 775 5111 1018 5160; x_wconf 90' lang='lat' dir='ltr'>sorores,</span> <span class='ocrx_word' id='word_1_409' title='bbox 1051 5095 1154 5149; x_wconf 89' lang='lat' dir='ltr'>tibi</span> <span class='ocrx_word' id='word_1_410' title='bbox 1181 5111 1368 5165; x_wconf 88' lang='lat' dir='ltr'>posse,</span> <span class='ocrx_word' id='word_1_411' title='bbox 1403 5099 1502 5149; x_wconf 92' lang='lat' dir='ltr'>aut</span> <span class='ocrx_word' id='word_1_412' title='bbox 1554 5096 1649 5150; x_wconf 90' lang='lat' dir='ltr'>hic</span> <span class='ocrx_word' id='word_1_413' title='bbox 1693 5100 1791 5149; x_wconf 90' lang='lat' dir='ltr'>aut</span> <span class='ocrx_word' id='word_1_414' title='bbox 1833 5097 1894 5151; x_wconf 89' lang='lat' dir='ltr'>in</span> <span class='ocrx_word' id='word_1_415' title='bbox 1937 5097 2130 5153; x_wconf 90' lang='lat' dir='ltr'>futuro</span> 
     </span>
    </p>
   </div>
   <div class='ocr_carea' id='block_1_56' title="bbox 437 5182 2130 5256">
    <p class='ocr_par' dir='ltr' id='par_1_56' title="bbox 437 5182 2130 5256">
     <span class='ocr_line' id='line_1_56' title="bbox 437 5182 2130 5256; baseline 0 -17"><span class='ocrx_word' id='word_1_416' title='bbox 437 5187 743 5256; x_wconf 78' lang='lat' dir='ltr'>prodesse?</span> <span class='ocrx_word' id='word_1_417' title='bbox 771 5185 828 5240; x_wconf 90' lang='lat' dir='ltr'>Si</span> <span class='ocrx_word' id='word_1_418' title='bbox 886 5183 1087 5248; x_wconf 91' lang='lat' dir='ltr'>fecisti,</span> <span class='ocrx_word' id='word_1_419' title='bbox 1122 5189 1220 5237; x_wconf 90' lang='lat' dir='ltr'>aut</span> <span class='ocrx_word' id='word_1_420' title='bbox 1275 5182 1630 5250; x_wconf 88' lang='lat' dir='ltr'>consensisti,</span> <span class='ocrx_word' id='word_1_421' title='bbox 1673 5199 1852 5236; x_wconf 88' lang='lat' dir='ltr'>unum</span> <span class='ocrx_word' id='word_1_422' title='bbox 1915 5200 2130 5240; x_wconf 91' lang='lat' dir='ltr'>annum</span> 
     </span>
    </p>
   </div>
   <div class='ocr_carea' id='block_1_57' title="bbox 438 5272 1383 5345">
    <p class='ocr_par' dir='ltr' id='par_1_57' title="bbox 438 5272 1383 5345">
     <span class='ocr_line' id='line_1_57' title="bbox 438 5272 1383 5345; baseline -0.002 -17"><span class='ocrx_word' id='word_1_423' title='bbox 438 5291 543 5345; x_wconf 89' lang='lat' dir='ltr'>per</span> <span class='ocrx_word' id='word_1_424' title='bbox 578 5273 864 5344; x_wconf 82' lang='lat' dir='ltr'>legitimas</span> <span class='ocrx_word' id='word_1_425' title='bbox 890 5273 1057 5327; x_wconf 89' lang='lat' dir='ltr'>ferias</span> <span class='ocrx_word' id='word_1_426' title='bbox 1088 5272 1383 5343; x_wconf 77' lang='lat' dir='ltr'>pceniteas.</span> 
     </span>
    </p>
   </div>
   <div class='ocr_carea' id='block_1_58' title="bbox 511 5359 2132 5431">
    <p class='ocr_par' dir='ltr' id='par_1_58' title="bbox 511 5359 2132 5431">
     <span class='ocr_line' id='line_1_58' title="bbox 511 5359 2132 5431; baseline 0 -15"><span class='ocrx_word' id='word_1_427' title='bbox 511 5361 711 5416; x_wconf 81' lang='lat' dir='ltr'>Fecisti</span> <span class='ocrx_word' id='word_1_428' title='bbox 761 5362 911 5431; x_wconf 91' lang='lat' dir='ltr'>quod</span> <span class='ocrx_word' id='word_1_429' title='bbox 961 5360 1227 5431; x_wconf 66' lang='lat' dir='ltr'>quaedam</span> <span class='ocrx_word' id='word_1_430' title='bbox 1275 5359 1547 5414; x_wconf 89' lang='lat' dir='ltr'>mulieres</span> <span class='ocrx_word' id='word_1_431' title='bbox 1600 5360 1786 5414; x_wconf 87' lang='lat' dir='ltr'>facere</span> <span class='ocrx_word' id='word_1_432' title='bbox 1819 5362 2026 5431; x_wconf 90' lang='lat' dir='ltr'>solent,</span> <span class='ocrx_word' id='word_1_433' title='bbox 2070 5367 2132 5417; x_wconf 91' lang='lat' dir='ltr'>ut</span> 
     </span>
    </p>
   </div>
   <div class='ocr_carea' id='block_1_59' title="bbox 439 5447 2131 5520">
    <p class='ocr_par' dir='ltr' id='par_1_59' title="bbox 439 5447 2131 5520">
     <span class='ocr_line' id='line_1_59' title="bbox 439 5447 2131 5520; baseline 0 -16"><span class='ocrx_word' id='word_1_434' title='bbox 439 5451 652 5504; x_wconf 89' lang='lat' dir='ltr'>faceres</span> <span class='ocrx_word' id='word_1_435' title='bbox 675 5451 969 5520; x_wconf 89' lang='lat' dir='ltr'>quoddam</span> <span class='ocrx_word' id='word_1_436' title='bbox 1025 5448 1302 5502; x_wconf 88' lang='lat' dir='ltr'>molimen</span> <span class='ocrx_word' id='word_1_437' title='bbox 1337 5452 1433 5501; x_wconf 91' lang='lat' dir='ltr'>aut</span> <span class='ocrx_word' id='word_1_438' title='bbox 1481 5447 2010 5503; x_wconf 88' lang='lat' dir='ltr'>machinamentum</span> <span class='ocrx_word' id='word_1_439' title='bbox 2071 5451 2131 5505; x_wconf 93' lang='lat' dir='ltr'>in</span> 
     </span>
    </p>
   </div>
   <div class='ocr_carea' id='block_1_60' title="bbox 440 5537 2130 5605">
    <p class='ocr_par' dir='ltr' id='par_1_60' title="bbox 440 5537 2130 5605">
     <span class='ocr_line' id='line_1_60' title="bbox 440 5537 2130 5605; baseline -0.001 -11"><span class='ocrx_word' id='word_1_440' title='bbox 440 5540 676 5594; x_wconf 89' lang='lat' dir='ltr'>modum</span> <span class='ocrx_word' id='word_1_441' title='bbox 709 5539 888 5592; x_wconf 90' lang='lat' dir='ltr'>virilis</span> <span class='ocrx_word' id='word_1_442' title='bbox 919 5537 1184 5605; x_wconf 89' lang='lat' dir='ltr'>membri,</span> <span class='ocrx_word' id='word_1_443' title='bbox 1213 5538 1282 5592; x_wconf 87' lang='lat' dir='ltr'>ad</span> <span class='ocrx_word' id='word_1_444' title='bbox 1316 5553 1645 5593; x_wconf 90' lang='lat' dir='ltr'>mensuram</span> <span class='ocrx_word' id='word_1_445' title='bbox 1697 5543 1811 5593; x_wconf 67' lang='lat' dir='ltr'>tuae</span> <span class='ocrx_word' id='word_1_446' title='bbox 1866 5539 2130 5592; x_wconf 89' lang='lat' dir='ltr'>volunta-</span> 
     </span>
    </p>
   </div>
   <div class='ocr_carea' id='block_1_61' title="bbox 2229 502 3930 576">
    <p class='ocr_par' dir='ltr' id='par_1_61' title="bbox 2229 502 3930 576">
     <span class='ocr_line' id='line_1_61' title="bbox 2229 502 3930 576; baseline -0.002 -17"><span class='ocrx_word' id='word_1_447' title='bbox 2229 521 2361 560; x_wconf 91' lang='lat' dir='ltr'>cum</span> <span class='ocrx_word' id='word_1_448' title='bbox 2391 505 2681 576; x_wconf 88' lang='lat' dir='ltr'>aliquibus</span> <span class='ocrx_word' id='word_1_449' title='bbox 2724 504 2988 574; x_wconf 89' lang='lat' dir='ltr'>ligaturis</span> <span class='ocrx_word' id='word_1_450' title='bbox 3025 504 3344 573; x_wconf 85' lang='lat' dir='ltr'>colligares,</span> <span class='ocrx_word' id='word_1_451' title='bbox 3379 511 3439 557; x_wconf 93' lang='lat' dir='ltr'>et</span> <span class='ocrx_word' id='word_1_452' title='bbox 3486 502 3930 556; x_wconf 85' lang='lat' dir='ltr'>fornicationem</span> 
     </span>
    </p>
   </div>
   <div class='ocr_carea' id='block_1_62' title="bbox 2227 591 3931 657">
    <p class='ocr_par' dir='ltr' id='par_1_62' title="bbox 2227 591 3931 657">
     <span class='ocr_line' id='line_1_62' title="bbox 2227 591 3931 657; baseline -0.002 -9"><span class='ocrx_word' id='word_1_453' title='bbox 2227 595 2442 648; x_wconf 89' lang='lat' dir='ltr'>faceres</span> <span class='ocrx_word' id='word_1_454' title='bbox 2482 611 2611 647; x_wconf 90' lang='lat' dir='ltr'>cum</span> <span class='ocrx_word' id='word_1_455' title='bbox 2669 595 2797 647; x_wconf 89' lang='lat' dir='ltr'>aliis</span> <span class='ocrx_word' id='word_1_456' title='bbox 2849 593 3219 657; x_wconf 88' lang='lat' dir='ltr'>mulierculis,</span> <span class='ocrx_word' id='word_1_457' title='bbox 3272 593 3358 645; x_wconf 90' lang='lat' dir='ltr'>vel</span> <span class='ocrx_word' id='word_1_458' title='bbox 3398 592 3528 645; x_wconf 66' lang='lat' dir='ltr'>aliae</span> <span class='ocrx_word' id='word_1_459' title='bbox 3590 591 3804 645; x_wconf 90' lang='lat' dir='ltr'>eodem</span> <span class='ocrx_word' id='word_1_460' title='bbox 3847 593 3931 644; x_wconf 81' lang='lat' dir='ltr'>in-</span> 
     </span>
    </p>
   </div>
   <div class='ocr_carea' id='block_1_63' title="bbox 2230 681 3931 751">
    <p class='ocr_par' dir='ltr' id='par_1_63' title="bbox 2230 681 3931 751">
     <span class='ocr_line' id='line_1_63' title="bbox 2230 681 3931 751; baseline -0.003 -15"><span class='ocrx_word' id='word_1_461' title='bbox 2230 689 2580 749; x_wconf 90' lang='lat' dir='ltr'>strumento,</span> <span class='ocrx_word' id='word_1_462' title='bbox 2613 682 2728 735; x_wconf 85' lang='lat' dir='ltr'>sive</span> <span class='ocrx_word' id='word_1_463' title='bbox 2754 682 2883 750; x_wconf 91' lang='lat' dir='ltr'>alio,</span> <span class='ocrx_word' id='word_1_464' title='bbox 2920 682 3154 735; x_wconf 84' lang='lat' dir='ltr'>tecum?</span> <span class='ocrx_word' id='word_1_465' title='bbox 3184 681 3241 735; x_wconf 92' lang='lat' dir='ltr'>Si</span> <span class='ocrx_word' id='word_1_466' title='bbox 3263 681 3469 746; x_wconf 85' lang='lat' dir='ltr'>fecisti,</span> <span class='ocrx_word' id='word_1_467' title='bbox 3524 681 3801 751; x_wconf 87' lang='lat' dir='ltr'>quinque</span> <span class='ocrx_word' id='word_1_468' title='bbox 3835 696 3931 732; x_wconf 90' lang='lat' dir='ltr'>an-</span> 
     </span>
    </p>
   </div>
   <div class='ocr_carea' id='block_1_64' title="bbox 2229 771 3302 842">
    <p class='ocr_par' dir='ltr' id='par_1_64' title="bbox 2229 771 3302 842">
     <span class='ocr_line' id='line_1_64' title="bbox 2229 771 3302 842; baseline -0.002 -16"><span class='ocrx_word' id='word_1_469' title='bbox 2229 789 2332 826; x_wconf 89' lang='lat' dir='ltr'>nos</span> <span class='ocrx_word' id='word_1_470' title='bbox 2362 788 2465 842; x_wconf 88' lang='lat' dir='ltr'>per</span> <span class='ocrx_word' id='word_1_471' title='bbox 2495 771 2778 842; x_wconf 80' lang='lat' dir='ltr'>legitimas</span> <span class='ocrx_word' id='word_1_472' title='bbox 2805 771 2972 824; x_wconf 89' lang='lat' dir='ltr'>ferias</span> <span class='ocrx_word' id='word_1_473' title='bbox 3002 771 3302 841; x_wconf 76' lang='lat' dir='ltr'>poeniteas.</span> 
     </span>
    </p>
   </div>
   <div class='ocr_carea' id='block_1_65' title="bbox 2300 858 3935 929">
    <p class='ocr_par' dir='ltr' id='par_1_65' title="bbox 2300 858 3935 929">
     <span class='ocr_line' id='line_1_65' title="bbox 2300 858 3935 929; baseline -0.002 -16"><span class='ocrx_word' id='word_1_474' title='bbox 2300 860 2504 914; x_wconf 91' lang='lat' dir='ltr'>Fecisti</span> <span class='ocrx_word' id='word_1_475' title='bbox 2534 860 2686 929; x_wconf 90' lang='lat' dir='ltr'>quod</span> <span class='ocrx_word' id='word_1_476' title='bbox 2724 859 2983 929; x_wconf 63' lang='lat' dir='ltr'>quaedam</span> <span class='ocrx_word' id='word_1_477' title='bbox 3035 859 3306 912; x_wconf 88' lang='lat' dir='ltr'>mulieres</span> <span class='ocrx_word' id='word_1_478' title='bbox 3361 859 3549 912; x_wconf 88' lang='lat' dir='ltr'>facere</span> <span class='ocrx_word' id='word_1_479' title='bbox 3612 858 3834 920; x_wconf 84' lang='lat' dir='ltr'>solent,</span> <span class='ocrx_word' id='word_1_480' title='bbox 3887 864 3935 910; x_wconf 87' lang='lat' dir='ltr'>ut</span> 
     </span>
    </p>
   </div>
   <div class='ocr_carea' id='block_1_66' title="bbox 2223 946 3931 1018">
    <p class='ocr_par' dir='ltr' id='par_1_66' title="bbox 2223 946 3931 1018">
     <span class='ocr_line' id='line_1_66' title="bbox 2223 946 3931 1018; baseline -0.002 -17"><span class='ocrx_word' id='word_1_481' title='bbox 2223 948 2344 1018; x_wconf 84' lang='lat' dir='ltr'>jam</span> <span class='ocrx_word' id='word_1_482' title='bbox 2377 947 2706 1017; x_wconf 90' lang='lat' dir='ltr'>supradicto</span> <span class='ocrx_word' id='word_1_483' title='bbox 2738 947 3058 1014; x_wconf 90' lang='lat' dir='ltr'>molimine,</span> <span class='ocrx_word' id='word_1_484' title='bbox 3107 947 3195 1000; x_wconf 89' lang='lat' dir='ltr'>vel</span> <span class='ocrx_word' id='word_1_485' title='bbox 3229 946 3339 998; x_wconf 92' lang='lat' dir='ltr'>alio</span> <span class='ocrx_word' id='word_1_486' title='bbox 3397 947 3598 1016; x_wconf 90' lang='lat' dir='ltr'>aliquo</span> <span class='ocrx_word' id='word_1_487' title='bbox 3641 946 3931 999; x_wconf 82' lang='lat' dir='ltr'>machina-</span> 
     </span>
    </p>
   </div>
   <div class='ocr_carea' id='block_1_67' title="bbox 2230 1034 3928 1106">
    <p class='ocr_par' dir='ltr' id='par_1_67' title="bbox 2230 1034 3928 1106">
     <span class='ocr_line' id='line_1_67' title="bbox 2230 1034 3928 1106; baseline -0.002 -16"><span class='ocrx_word' id='word_1_488' title='bbox 2230 1041 2446 1100; x_wconf 89' lang='lat' dir='ltr'>mento,</span> <span class='ocrx_word' id='word_1_489' title='bbox 2483 1041 2541 1089; x_wconf 91' lang='lat' dir='ltr'>tu</span> <span class='ocrx_word' id='word_1_490' title='bbox 2587 1035 2709 1106; x_wconf 88' lang='lat' dir='ltr'>ipsa</span> <span class='ocrx_word' id='word_1_491' title='bbox 2766 1036 2822 1088; x_wconf 92' lang='lat' dir='ltr'>in</span> <span class='ocrx_word' id='word_1_492' title='bbox 2875 1042 2927 1089; x_wconf 91' lang='lat' dir='ltr'>te</span> <span class='ocrx_word' id='word_1_493' title='bbox 2959 1037 3138 1088; x_wconf 89' lang='lat' dir='ltr'>solam</span> <span class='ocrx_word' id='word_1_494' title='bbox 3186 1035 3400 1089; x_wconf 84' lang='lat' dir='ltr'>faceres</span> <span class='ocrx_word' id='word_1_495' title='bbox 3447 1034 3928 1088; x_wconf 72' lang='lat' dir='ltr'>fornicationem?</span> 
     </span>
    </p>
   </div>
   <div class='ocr_carea' id='block_1_68' title="bbox 2229 1123 3930 1194">
    <p class='ocr_par' dir='ltr' id='par_1_68' title="bbox 2229 1123 3930 1194">
     <span class='ocr_line' id='line_1_68' title="bbox 2229 1123 3930 1194; baseline -0.001 -15"><span class='ocrx_word' id='word_1_496' title='bbox 2229 1125 2285 1180; x_wconf 89' lang='lat' dir='ltr'>Si</span> <span class='ocrx_word' id='word_1_497' title='bbox 2315 1125 2520 1190; x_wconf 91' lang='lat' dir='ltr'>fecisti,</span> <span class='ocrx_word' id='word_1_498' title='bbox 2567 1140 2746 1178; x_wconf 90' lang='lat' dir='ltr'>unum</span> <span class='ocrx_word' id='word_1_499' title='bbox 2799 1140 3013 1178; x_wconf 90' lang='lat' dir='ltr'>annum</span> <span class='ocrx_word' id='word_1_500' title='bbox 3071 1140 3174 1194; x_wconf 88' lang='lat' dir='ltr'>per</span> <span class='ocrx_word' id='word_1_501' title='bbox 3217 1124 3505 1193; x_wconf 87' lang='lat' dir='ltr'>legitimas</span> <span class='ocrx_word' id='word_1_502' title='bbox 3556 1123 3741 1177; x_wconf 87' lang='lat' dir='ltr'>ferias</span> <span class='ocrx_word' id='word_1_503' title='bbox 3773 1126 3930 1194; x_wconf 66' lang='lat' dir='ltr'>peni-</span> 
     </span>
    </p>
   </div>
   <div class='ocr_carea' id='block_1_69' title="bbox 2231 1218 2371 1268">
    <p class='ocr_par' dir='ltr' id='par_1_69' title="bbox 2231 1218 2371 1268">
     <span class='ocr_line' id='line_1_69' title="bbox 2231 1218 2371 1268; baseline 0.007 -2"><span class='ocrx_word' id='word_1_504' title='bbox 2231 1218 2371 1268; x_wconf 92' lang='lat' dir='ltr'>teas.</span> 
     </span>
    </p>
   </div>
   <div class='ocr_carea' id='block_1_70' title="bbox 2304 1299 3925 1372">
    <p class='ocr_par' dir='ltr' id='par_1_70' title="bbox 2304 1299 3925 1372">
     <span class='ocr_line' id='line_1_70' title="bbox 2304 1299 3925 1372; baseline -0.001 -18"><span class='ocrx_word' id='word_1_505' title='bbox 2304 1301 2503 1355; x_wconf 87' lang='lat' dir='ltr'>Fecisti</span> <span class='ocrx_word' id='word_1_506' title='bbox 2557 1302 2713 1372; x_wconf 89' lang='lat' dir='ltr'>quod</span> <span class='ocrx_word' id='word_1_507' title='bbox 2792 1301 3056 1372; x_wconf 65' lang='lat' dir='ltr'>quaedam</span> <span class='ocrx_word' id='word_1_508' title='bbox 3126 1299 3400 1354; x_wconf 88' lang='lat' dir='ltr'>mulieres</span> <span class='ocrx_word' id='word_1_509' title='bbox 3465 1301 3667 1354; x_wconf 87' lang='lat' dir='ltr'>facere</span> <span class='ocrx_word' id='word_1_510' title='bbox 3739 1299 3925 1362; x_wconf 80' lang='lat' dir='ltr'>solent,</span> 
     </span>
    </p>
   </div>
   <div class='ocr_carea' id='block_1_71' title="bbox 2233 1388 3925 1459">
    <p class='ocr_par' dir='ltr' id='par_1_71' title="bbox 2233 1388 3925 1459">
     <span class='ocr_line' id='line_1_71' title="bbox 2233 1388 3925 1459; baseline -0.001 -17"><span class='ocrx_word' id='word_1_511' title='bbox 2233 1390 2464 1459; x_wconf 90' lang='lat' dir='ltr'>quando</span> <span class='ocrx_word' id='word_1_512' title='bbox 2502 1389 2800 1443; x_wconf 89' lang='lat' dir='ltr'>libidinem</span> <span class='ocrx_word' id='word_1_513' title='bbox 2859 1405 2918 1442; x_wconf 91' lang='lat' dir='ltr'>se</span> <span class='ocrx_word' id='word_1_514' title='bbox 2967 1394 3266 1443; x_wconf 83' lang='lat' dir='ltr'>vexantem</span> <span class='ocrx_word' id='word_1_515' title='bbox 3323 1389 3674 1459; x_wconf 85' lang='lat' dir='ltr'>extinguere</span> <span class='ocrx_word' id='word_1_516' title='bbox 3727 1388 3925 1452; x_wconf 87' lang='lat' dir='ltr'>volunt,</span> 
     </span>
    </p>
   </div>
   <div class='ocr_carea' id='block_1_72' title="bbox 2233 1477 3926 1548">
    <p class='ocr_par' dir='ltr' id='par_1_72' title="bbox 2233 1477 3926 1548">
     <span class='ocr_line' id='line_1_72' title="bbox 2233 1477 3926 1548; baseline -0.001 -17"><span class='ocrx_word' id='word_1_517' title='bbox 2233 1493 2362 1548; x_wconf 70' lang='lat' dir='ltr'>quae</span> <span class='ocrx_word' id='word_1_518' title='bbox 2385 1493 2442 1530; x_wconf 92' lang='lat' dir='ltr'>se</span> <span class='ocrx_word' id='word_1_519' title='bbox 2481 1478 2839 1548; x_wconf 84' lang='lat' dir='ltr'>conjungunt</span> <span class='ocrx_word' id='word_1_520' title='bbox 2867 1477 3030 1548; x_wconf 88' lang='lat' dir='ltr'>quasi</span> <span class='ocrx_word' id='word_1_521' title='bbox 3074 1478 3223 1531; x_wconf 90' lang='lat' dir='ltr'>coire</span> <span class='ocrx_word' id='word_1_522' title='bbox 3255 1477 3508 1532; x_wconf 88' lang='lat' dir='ltr'>debeant</span> <span class='ocrx_word' id='word_1_523' title='bbox 3562 1483 3626 1532; x_wconf 88' lang='lat' dir='ltr'>et</span> <span class='ocrx_word' id='word_1_524' title='bbox 3684 1485 3926 1548; x_wconf 86' lang='lat' dir='ltr'>possunt,</span> 
     </span>
    </p>
   </div>
   <div class='ocr_carea' id='block_1_73' title="bbox 2233 1566 3932 1636">
    <p class='ocr_par' dir='ltr' id='par_1_73' title="bbox 2233 1566 3932 1636">
     <span class='ocr_line' id='line_1_73' title="bbox 2233 1566 3932 1636; baseline 0 -18"><span class='ocrx_word' id='word_1_525' title='bbox 2233 1574 2288 1619; x_wconf 91' lang='lat' dir='ltr'>et</span> <span class='ocrx_word' id='word_1_526' title='bbox 2320 1568 2680 1636; x_wconf 84' lang='lat' dir='ltr'>conjunguut</span> <span class='ocrx_word' id='word_1_527' title='bbox 2708 1567 2770 1620; x_wconf 90' lang='lat' dir='ltr'>in</span> <span class='ocrx_word' id='word_1_528' title='bbox 2802 1567 3047 1620; x_wconf 88' lang='lat' dir='ltr'>invicem</span> <span class='ocrx_word' id='word_1_529' title='bbox 3096 1567 3404 1636; x_wconf 86' lang='lat' dir='ltr'>puerperia</span> <span class='ocrx_word' id='word_1_530' title='bbox 3427 1582 3555 1634; x_wconf 89' lang='lat' dir='ltr'>sua,</span> <span class='ocrx_word' id='word_1_531' title='bbox 3590 1572 3651 1619; x_wconf 87' lang='lat' dir='ltr'>et</span> <span class='ocrx_word' id='word_1_532' title='bbox 3704 1566 3784 1619; x_wconf 87' lang='lat' dir='ltr'>sic</span> <span class='ocrx_word' id='word_1_533' title='bbox 3821 1582 3932 1618; x_wconf 91' lang='lat' dir='ltr'>con-</span> 
     </span>
    </p>
   </div>
   <div class='ocr_carea' id='block_1_74' title="bbox 2234 1653 3931 1725">
    <p class='ocr_par' dir='ltr' id='par_1_74' title="bbox 2234 1653 3931 1725">
     <span class='ocr_line' id='line_1_74' title="bbox 2234 1653 3931 1725; baseline -0.001 -17"><span class='ocrx_word' id='word_1_534' title='bbox 2234 1655 2488 1708; x_wconf 88' lang='lat' dir='ltr'>fricando</span> <span class='ocrx_word' id='word_1_535' title='bbox 2536 1657 2820 1725; x_wconf 91' lang='lat' dir='ltr'>pruritum</span> <span class='ocrx_word' id='word_1_536' title='bbox 2875 1654 3105 1708; x_wconf 91' lang='lat' dir='ltr'>illarum</span> <span class='ocrx_word' id='word_1_537' title='bbox 3165 1655 3504 1725; x_wconf 81' lang='lat' dir='ltr'>extinguere</span> <span class='ocrx_word' id='word_1_538' title='bbox 3568 1653 3931 1708; x_wconf 81' lang='lat' dir='ltr'>desiderant?</span> 
     </span>
    </p>
   </div>
   <div class='ocr_carea' id='block_1_75' title="bbox 2231 1741 3931 1814">
    <p class='ocr_par' dir='ltr' id='par_1_75' title="bbox 2231 1741 3931 1814">
     <span class='ocr_line' id='line_1_75' title="bbox 2231 1741 3931 1814; baseline -0.002 -17"><span class='ocrx_word' id='word_1_539' title='bbox 2231 1743 2286 1798; x_wconf 90' lang='lat' dir='ltr'>Si</span> <span class='ocrx_word' id='word_1_540' title='bbox 2361 1743 2555 1806; x_wconf 85' lang='lat' dir='ltr'>fecisti,</span> <span class='ocrx_word' id='word_1_541' title='bbox 2617 1748 2731 1796; x_wconf 91' lang='lat' dir='ltr'>tres</span> <span class='ocrx_word' id='word_1_542' title='bbox 2793 1743 3189 1814; x_wconf 89' lang='lat' dir='ltr'>quadragenas</span> <span class='ocrx_word' id='word_1_543' title='bbox 3250 1758 3356 1813; x_wconf 90' lang='lat' dir='ltr'>per</span> <span class='ocrx_word' id='word_1_544' title='bbox 3411 1741 3717 1813; x_wconf 85' lang='lat' dir='ltr'>legitimas</span> <span class='ocrx_word' id='word_1_545' title='bbox 3779 1741 3931 1795; x_wconf 85' lang='lat' dir='ltr'>ferias</span> 
     </span>
    </p>
   </div>
   <div class='ocr_carea' id='block_1_76' title="bbox 2231 1830 2730 1901">
    <p class='ocr_par' dir='ltr' id='par_1_76' title="bbox 2231 1830 2730 1901">
     <span class='ocr_line' id='line_1_76' title="bbox 2231 1830 2730 1901; baseline 0 -16"><span class='ocrx_word' id='word_1_546' title='bbox 2231 1831 2404 1885; x_wconf 92' lang='lat' dir='ltr'>debes</span> <span class='ocrx_word' id='word_1_547' title='bbox 2434 1830 2730 1901; x_wconf 79' lang='lat' dir='ltr'>pcenitere.</span> 
     </span>
    </p>
   </div>
   <div class='ocr_carea' id='block_1_77' title="bbox 2305 1919 3931 1991">
    <p class='ocr_par' dir='ltr' id='par_1_77' title="bbox 2305 1919 3931 1991">
     <span class='ocr_line' id='line_1_77' title="bbox 2305 1919 3931 1991; baseline -0.001 -18"><span class='ocrx_word' id='word_1_548' title='bbox 2305 1920 2508 1973; x_wconf 87' lang='lat' dir='ltr'>Fecisti</span> <span class='ocrx_word' id='word_1_549' title='bbox 2539 1919 2691 1991; x_wconf 91' lang='lat' dir='ltr'>quod</span> <span class='ocrx_word' id='word_1_550' title='bbox 2725 1919 2989 1991; x_wconf 73' lang='lat' dir='ltr'>quaedam</span> <span class='ocrx_word' id='word_1_551' title='bbox 3049 1920 3324 1973; x_wconf 82' lang='lat' dir='ltr'>mulieres</span> <span class='ocrx_word' id='word_1_552' title='bbox 3380 1919 3572 1973; x_wconf 89' lang='lat' dir='ltr'>facere</span> <span class='ocrx_word' id='word_1_553' title='bbox 3626 1919 3841 1985; x_wconf 88' lang='lat' dir='ltr'>solent,</span> <span class='ocrx_word' id='word_1_554' title='bbox 3882 1926 3931 1971; x_wconf 86' lang='lat' dir='ltr'>ut</span> 
     </span>
    </p>
   </div>
   <div class='ocr_carea' id='block_1_78' title="bbox 2233 2007 3932 2078">
    <p class='ocr_par' dir='ltr' id='par_1_78' title="bbox 2233 2007 3932 2078">
     <span class='ocr_line' id='line_1_78' title="bbox 2233 2007 3932 2078; baseline -0.001 -17"><span class='ocrx_word' id='word_1_555' title='bbox 2233 2024 2360 2062; x_wconf 88' lang='lat' dir='ltr'>cum</span> <span class='ocrx_word' id='word_1_556' title='bbox 2413 2008 2529 2061; x_wconf 85' lang='lat' dir='ltr'>lilio</span> <span class='ocrx_word' id='word_1_557' title='bbox 2595 2014 2694 2062; x_wconf 90' lang='lat' dir='ltr'>tuo</span> <span class='ocrx_word' id='word_1_558' title='bbox 2746 2008 2999 2078; x_wconf 55' lang='lat' dir='ltr'>gparvulo</span> <span class='ocrx_word' id='word_1_559' title='bbox 3061 2007 3496 2062; x_wconf 87' lang='lat' dir='ltr'>fornicationem</span> <span class='ocrx_word' id='word_1_560' title='bbox 3560 2008 3803 2071; x_wconf 80' lang='lat' dir='ltr'>faceres,</span> <span class='ocrx_word' id='word_1_561' title='bbox 3865 2009 3932 2060; x_wconf 82' lang='lat' dir='ltr'>ita</span> 
     </span>
    </p>
   </div>
   <div class='ocr_carea' id='block_1_79' title="bbox 2233 2096 3929 2167">
    <p class='ocr_par' dir='ltr' id='par_1_79' title="bbox 2233 2096 3929 2167">
     <span class='ocr_line' id='line_1_79' title="bbox 2233 2096 3929 2167; baseline 0 -18"><span class='ocrx_word' id='word_1_562' title='bbox 2233 2097 2380 2163; x_wconf 89' lang='lat' dir='ltr'>dico,</span> <span class='ocrx_word' id='word_1_563' title='bbox 2414 2101 2478 2150; x_wconf 92' lang='lat' dir='ltr'>ut</span> <span class='ocrx_word' id='word_1_564' title='bbox 2507 2097 2690 2150; x_wconf 88' lang='lat' dir='ltr'>ﬁlium</span> <span class='ocrx_word' id='word_1_565' title='bbox 2742 2102 2905 2150; x_wconf 91' lang='lat' dir='ltr'>tuum</span> <span class='ocrx_word' id='word_1_566' title='bbox 2939 2113 3108 2167; x_wconf 90' lang='lat' dir='ltr'>supra</span> <span class='ocrx_word' id='word_1_567' title='bbox 3140 2096 3571 2166; x_wconf 85' lang='lat' dir='ltr'>turpitudinem</span> <span class='ocrx_word' id='word_1_568' title='bbox 3636 2102 3800 2150; x_wconf 89' lang='lat' dir='ltr'>tuam</span> <span class='ocrx_word' id='word_1_569' title='bbox 3845 2114 3929 2166; x_wconf 83' lang='lat' dir='ltr'>po-</span> 
     </span>
    </p>
   </div>
   <div class='ocr_carea' id='block_1_80' title="bbox 2234 2184 3930 2253">
    <p class='ocr_par' dir='ltr' id='par_1_80' title="bbox 2234 2184 3930 2253">
     <span class='ocr_line' id='line_1_80' title="bbox 2234 2184 3930 2253; baseline -0.001 -15"><span class='ocrx_word' id='word_1_570' title='bbox 2234 2201 2415 2253; x_wconf 88' lang='lat' dir='ltr'>ueres,</span> <span class='ocrx_word' id='word_1_571' title='bbox 2477 2190 2537 2238; x_wconf 92' lang='lat' dir='ltr'>ut</span> <span class='ocrx_word' id='word_1_572' title='bbox 2610 2185 2688 2238; x_wconf 90' lang='lat' dir='ltr'>sic</span> <span class='ocrx_word' id='word_1_573' title='bbox 2761 2185 3069 2239; x_wconf 88' lang='lat' dir='ltr'>imitareris</span> <span class='ocrx_word' id='word_1_574' title='bbox 3099 2184 3581 2239; x_wconf 82' lang='lat' dir='ltr'>fornicationem?</span> <span class='ocrx_word' id='word_1_575' title='bbox 3615 2185 3679 2238; x_wconf 91' lang='lat' dir='ltr'>Si</span> <span class='ocrx_word' id='word_1_576' title='bbox 3742 2185 3930 2251; x_wconf 84' lang='lat' dir='ltr'>fecisti,</span> 
     </span>
    </p>
   </div>
   <div class='ocr_carea' id='block_1_81' title="bbox 2232 2272 3771 2343">
    <p class='ocr_par' dir='ltr' id='par_1_81' title="bbox 2232 2272 3771 2343">
     <span class='ocr_line' id='line_1_81' title="bbox 2232 2272 3771 2343; baseline 0 -17"><span class='ocrx_word' id='word_1_577' title='bbox 2232 2273 2371 2327; x_wconf 91' lang='lat' dir='ltr'>duos</span> <span class='ocrx_word' id='word_1_578' title='bbox 2405 2289 2583 2326; x_wconf 90' lang='lat' dir='ltr'>annos</span> <span class='ocrx_word' id='word_1_579' title='bbox 2611 2289 2715 2343; x_wconf 92' lang='lat' dir='ltr'>per</span> <span class='ocrx_word' id='word_1_580' title='bbox 2742 2273 3028 2343; x_wconf 86' lang='lat' dir='ltr'>legitimas</span> <span class='ocrx_word' id='word_1_581' title='bbox 3050 2272 3223 2326; x_wconf 87' lang='lat' dir='ltr'>ferias</span> <span class='ocrx_word' id='word_1_582' title='bbox 3252 2273 3424 2326; x_wconf 85' lang='lat' dir='ltr'>debes</span> <span class='ocrx_word' id='word_1_583' title='bbox 3456 2275 3771 2342; x_wconf 80' lang='lat' dir='ltr'>pcenitere.</span> 
     </span>
    </p>
   </div>
   <div class='ocr_carea' id='block_1_82' title="bbox 2306 2361 3936 2431">
    <p class='ocr_par' dir='ltr' id='par_1_82' title="bbox 2306 2361 3936 2431">
     <span class='ocr_line' id='line_1_82' title="bbox 2306 2361 3936 2431; baseline -0.001 -17"><span class='ocrx_word' id='word_1_584' title='bbox 2306 2361 2504 2414; x_wconf 81' lang='lat' dir='ltr'>Fecisti</span> <span class='ocrx_word' id='word_1_585' title='bbox 2546 2361 2696 2431; x_wconf 90' lang='lat' dir='ltr'>quod</span> <span class='ocrx_word' id='word_1_586' title='bbox 2727 2361 2989 2430; x_wconf 61' lang='lat' dir='ltr'>quaedam</span> <span class='ocrx_word' id='word_1_587' title='bbox 3040 2361 3316 2414; x_wconf 85' lang='lat' dir='ltr'>mulieres</span> <span class='ocrx_word' id='word_1_588' title='bbox 3364 2361 3554 2414; x_wconf 89' lang='lat' dir='ltr'>facere</span> <span class='ocrx_word' id='word_1_589' title='bbox 3612 2361 3822 2426; x_wconf 87' lang='lat' dir='ltr'>solent,</span> <span class='ocrx_word' id='word_1_590' title='bbox 3879 2366 3936 2413; x_wconf 90' lang='lat' dir='ltr'>ut</span> 
     </span>
    </p>
   </div>
   <div class='ocr_carea' id='block_1_83' title="bbox 2233 2447 3936 2518">
    <p class='ocr_par' dir='ltr' id='par_1_83' title="bbox 2233 2447 3936 2518">
     <span class='ocr_line' id='line_1_83' title="bbox 2233 2447 3936 2518; baseline 0 -18"><span class='ocrx_word' id='word_1_591' title='bbox 2233 2449 2632 2502; x_wconf 83' lang='lat' dir='ltr'>succumberes</span> <span class='ocrx_word' id='word_1_592' title='bbox 2692 2448 2885 2518; x_wconf 90' lang='lat' dir='ltr'>aliquo</span> <span class='ocrx_word' id='word_1_593' title='bbox 2938 2449 3218 2517; x_wconf 87' lang='lat' dir='ltr'>jumento,</span> <span class='ocrx_word' id='word_1_594' title='bbox 3290 2453 3348 2501; x_wconf 93' lang='lat' dir='ltr'>et</span> <span class='ocrx_word' id='word_1_595' title='bbox 3411 2447 3556 2500; x_wconf 92' lang='lat' dir='ltr'>illud</span> <span class='ocrx_word' id='word_1_596' title='bbox 3609 2450 3936 2518; x_wconf 75' lang='lat' dir='ltr'>jumentum</span> 
     </span>
    </p>
   </div>
   <div class='ocr_carea' id='block_1_84' title="bbox 2235 2536 3935 2606">
    <p class='ocr_par' dir='ltr' id='par_1_84' title="bbox 2235 2536 3935 2606">
     <span class='ocr_line' id='line_1_84' title="bbox 2235 2536 3935 2606; baseline 0 -18"><span class='ocrx_word' id='word_1_597' title='bbox 2235 2545 2574 2606; x_wconf 83' lang='lat' dir='ltr'>provocares</span> <span class='ocrx_word' id='word_1_598' title='bbox 2619 2536 2689 2589; x_wconf 91' lang='lat' dir='ltr'>ad</span> <span class='ocrx_word' id='word_1_599' title='bbox 2722 2536 2957 2603; x_wconf 81' lang='lat' dir='ltr'>coitum,</span> <span class='ocrx_word' id='word_1_600' title='bbox 2999 2536 3390 2606; x_wconf 89' lang='lat' dir='ltr'>qualicunque</span> <span class='ocrx_word' id='word_1_601' title='bbox 3425 2551 3629 2606; x_wconf 89' lang='lat' dir='ltr'>posses</span> <span class='ocrx_word' id='word_1_602' title='bbox 3687 2537 3935 2606; x_wconf 84' lang='lat' dir='ltr'>ingenio,</span> 
     </span>
    </p>
   </div>
   <div class='ocr_carea' id='block_1_85' title="bbox 2233 2623 3935 2692">
    <p class='ocr_par' dir='ltr' id='par_1_85' title="bbox 2233 2623 3935 2692">
     <span class='ocr_line' id='line_1_85' title="bbox 2233 2623 3935 2692; baseline -0.001 -15"><span class='ocrx_word' id='word_1_603' title='bbox 2233 2630 2299 2678; x_wconf 91' lang='lat' dir='ltr'>ut</span> <span class='ocrx_word' id='word_1_604' title='bbox 2355 2623 2434 2677; x_wconf 90' lang='lat' dir='ltr'>sic</span> <span class='ocrx_word' id='word_1_605' title='bbox 2482 2624 2660 2677; x_wconf 89' lang='lat' dir='ltr'>coiret</span> <span class='ocrx_word' id='word_1_606' title='bbox 2707 2623 2939 2679; x_wconf 80' lang='lat' dir='ltr'>tecum?</span> <span class='ocrx_word' id='word_1_607' title='bbox 2978 2625 3032 2678; x_wconf 90' lang='lat' dir='ltr'>Si</span> <span class='ocrx_word' id='word_1_608' title='bbox 3089 2624 3287 2692; x_wconf 86' lang='lat' dir='ltr'>fecisti,</span> <span class='ocrx_word' id='word_1_609' title='bbox 3332 2626 3592 2678; x_wconf 87' lang='lat' dir='ltr'>carinam</span> <span class='ocrx_word' id='word_1_610' title='bbox 3667 2641 3846 2678; x_wconf 65' lang='lat' dir='ltr'>unum</span> <span class='ocrx_word' id='word_1_611' title='bbox 3886 2626 3935 2676; x_wconf 89' lang='lat' dir='ltr'>in</span> 
     </span>
    </p>
   </div>
   <div class='ocr_carea' id='block_1_86' title="bbox 2235 2712 3936 2784">
    <p class='ocr_par' dir='ltr' id='par_1_86' title="bbox 2235 2712 3936 2784">
     <span class='ocr_line' id='line_1_86' title="bbox 2235 2712 3936 2784; baseline 0 -19"><span class='ocrx_word' id='word_1_612' title='bbox 2235 2727 2386 2783; x_wconf 88' lang='lat' dir='ltr'>pane</span> <span class='ocrx_word' id='word_1_613' title='bbox 2421 2717 2476 2766; x_wconf 93' lang='lat' dir='ltr'>et</span> <span class='ocrx_word' id='word_1_614' title='bbox 2500 2729 2670 2783; x_wconf 91' lang='lat' dir='ltr'>aqua,</span> <span class='ocrx_word' id='word_1_615' title='bbox 2703 2729 2832 2766; x_wconf 91' lang='lat' dir='ltr'>cum</span> <span class='ocrx_word' id='word_1_616' title='bbox 2865 2717 3081 2780; x_wconf 87' lang='lat' dir='ltr'>septem</span> <span class='ocrx_word' id='word_1_617' title='bbox 3129 2712 3508 2783; x_wconf 91' lang='lat' dir='ltr'>sequentibus</span> <span class='ocrx_word' id='word_1_618' title='bbox 3554 2714 3728 2767; x_wconf 90' lang='lat' dir='ltr'>annis</span> <span class='ocrx_word' id='word_1_619' title='bbox 3761 2713 3936 2784; x_wconf 64' lang='lat' dir='ltr'>paeni-</span> 
     </span>
    </p>
   </div>
   <div class='ocr_carea' id='block_1_87' title="bbox 2233 2801 3342 2872">
    <p class='ocr_par' dir='ltr' id='par_1_87' title="bbox 2233 2801 3342 2872">
     <span class='ocr_line' id='line_1_87' title="bbox 2233 2801 3342 2872; baseline -0.002 -17"><span class='ocrx_word' id='word_1_620' title='bbox 2233 2808 2373 2864; x_wconf 89' lang='lat' dir='ltr'>teas,</span> <span class='ocrx_word' id='word_1_621' title='bbox 2409 2818 2706 2872; x_wconf 89' lang='lat' dir='ltr'>nunquam</span> <span class='ocrx_word' id='word_1_622' title='bbox 2737 2804 2811 2854; x_wconf 91' lang='lat' dir='ltr'>sis</span> <span class='ocrx_word' id='word_1_623' title='bbox 2833 2801 2954 2854; x_wconf 91' lang='lat' dir='ltr'>sine</span> <span class='ocrx_word' id='word_1_624' title='bbox 2985 2801 3342 2871; x_wconf 72' lang='lat' dir='ltr'>pmnitentia.</span> 
     </span>
    </p>
   </div>
   <div class='ocr_carea' id='block_1_88' title="bbox 2307 2889 3940 2960">
    <p class='ocr_par' dir='ltr' id='par_1_88' title="bbox 2307 2889 3940 2960">
     <span class='ocr_line' id='line_1_88' title="bbox 2307 2889 3940 2960; baseline -0.002 -16"><span class='ocrx_word' id='word_1_625' title='bbox 2307 2889 2507 2944; x_wconf 91' lang='lat' dir='ltr'>Fecisti</span> <span class='ocrx_word' id='word_1_626' title='bbox 2539 2891 2690 2959; x_wconf 89' lang='lat' dir='ltr'>quod</span> <span class='ocrx_word' id='word_1_627' title='bbox 2721 2891 2984 2960; x_wconf 72' lang='lat' dir='ltr'>quaedam</span> <span class='ocrx_word' id='word_1_628' title='bbox 3017 2890 3285 2942; x_wconf 89' lang='lat' dir='ltr'>mulieres</span> <span class='ocrx_word' id='word_1_629' title='bbox 3339 2889 3525 2943; x_wconf 90' lang='lat' dir='ltr'>facere</span> <span class='ocrx_word' id='word_1_630' title='bbox 3571 2891 3780 2957; x_wconf 85' lang='lat' dir='ltr'>solent,</span> <span class='ocrx_word' id='word_1_631' title='bbox 3817 2907 3940 2960; x_wconf 64' lang='lat' dir='ltr'>quae</span> 
     </span>
    </p>
   </div>
   <div class='ocr_carea' id='block_1_89' title="bbox 2155 2974 3942 3048">
    <p class='ocr_par' dir='ltr' id='par_1_89' title="bbox 2155 2974 3942 3048">
     <span class='ocr_line' id='line_1_89' title="bbox 2155 2974 3942 3048; baseline 0.001 -20"><span class='ocrx_word' id='word_1_632' title='bbox 2155 2974 2196 3028; x_wconf 88' lang='lat' dir='ltr'><strong><em>C</em></strong></span> <span class='ocrx_word' id='word_1_633' title='bbox 2233 2978 2370 3032; x_wconf 91' lang='lat' dir='ltr'>dum</span> <span class='ocrx_word' id='word_1_634' title='bbox 2401 2978 2760 3032; x_wconf 88' lang='lat' dir='ltr'>foruicantur</span> <span class='ocrx_word' id='word_1_635' title='bbox 2789 2982 2846 3032; x_wconf 93' lang='lat' dir='ltr'>et</span> <span class='ocrx_word' id='word_1_636' title='bbox 2877 2982 3074 3048; x_wconf 90' lang='lat' dir='ltr'>partus</span> <span class='ocrx_word' id='word_1_637' title='bbox 3107 2994 3240 3031; x_wconf 91' lang='lat' dir='ltr'>suos</span> <span class='ocrx_word' id='word_1_638' title='bbox 3266 2993 3474 3032; x_wconf 89' lang='lat' dir='ltr'>necare</span> <span class='ocrx_word' id='word_1_639' title='bbox 3507 2979 3734 3042; x_wconf 89' lang='lat' dir='ltr'>volunt,</span> <span class='ocrx_word' id='word_1_640' title='bbox 3770 2985 3942 3048; x_wconf 89' lang='lat' dir='ltr'>agunt</span> 
     </span>
    </p>
   </div>
   <div class='ocr_carea' id='block_1_90' title="bbox 2233 3065 3940 3131">
    <p class='ocr_par' dir='ltr' id='par_1_90' title="bbox 2233 3065 3940 3131">
     <span class='ocr_line' id='line_1_90' title="bbox 2233 3065 3940 3131; baseline -0.001 -12"><span class='ocrx_word' id='word_1_641' title='bbox 2233 3073 2292 3120; x_wconf 90' lang='lat' dir='ltr'>ut</span> <span class='ocrx_word' id='word_1_642' title='bbox 2325 3071 2481 3120; x_wconf 91' lang='lat' dir='ltr'>utero</span> <span class='ocrx_word' id='word_1_643' title='bbox 2518 3071 2824 3131; x_wconf 91' lang='lat' dir='ltr'>conceptus</span> <span class='ocrx_word' id='word_1_644' title='bbox 2882 3065 3169 3120; x_wconf 85' lang='lat' dir='ltr'>excutiant</span> <span class='ocrx_word' id='word_1_645' title='bbox 3220 3067 3341 3120; x_wconf 90' lang='lat' dir='ltr'>suis</span> <span class='ocrx_word' id='word_1_646' title='bbox 3375 3067 3680 3120; x_wconf 85' lang='lat' dir='ltr'>maleﬁciis</span> <span class='ocrx_word' id='word_1_647' title='bbox 3729 3073 3788 3119; x_wconf 78' lang='lat' dir='ltr'>et.</span> <span class='ocrx_word' id='word_1_648' title='bbox 3825 3067 3940 3119; x_wconf 86' lang='lat' dir='ltr'>suis</span> 
     </span>
    </p>
   </div>
   <div class='ocr_carea' id='block_1_91' title="bbox 2229 3154 3940 3224">
    <p class='ocr_par' dir='ltr' id='par_1_91' title="bbox 2229 3154 3940 3224">
     <span class='ocr_line' id='line_1_91' title="bbox 2229 3154 3940 3224; baseline -0.001 -16"><span class='ocrx_word' id='word_1_649' title='bbox 2229 3155 2437 3222; x_wconf 89' lang='lat' dir='ltr'>herbis,</span> <span class='ocrx_word' id='word_1_650' title='bbox 2476 3154 2558 3208; x_wconf 87' lang='lat' dir='ltr'>ita</span> <span class='ocrx_word' id='word_1_651' title='bbox 2589 3160 2653 3208; x_wconf 88' lang='lat' dir='ltr'>ut</span> <span class='ocrx_word' id='word_1_652' title='bbox 2687 3160 2787 3208; x_wconf 90' lang='lat' dir='ltr'>aut</span> <span class='ocrx_word' id='word_1_653' title='bbox 2823 3170 3158 3224; x_wconf 69' lang='lat' dir='ltr'>conceptum</span> <span class='ocrx_word' id='word_1_654' title='bbox 3205 3154 3558 3209; x_wconf 83' lang='lat' dir='ltr'>interficiant</span> <span class='ocrx_word' id='word_1_655' title='bbox 3608 3160 3711 3208; x_wconf 89' lang='lat' dir='ltr'>aut</span> <span class='ocrx_word' id='word_1_656' title='bbox 3770 3171 3940 3210; x_wconf 80' lang='lat' dir='ltr'>excu-</span> 
     </span>
    </p>
   </div>
   <div class='ocr_carea' id='block_1_92' title="bbox 2232 3242 3940 3312">
    <p class='ocr_par' dir='ltr' id='par_1_92' title="bbox 2232 3242 3940 3312">
     <span class='ocr_line' id='line_1_92' title="bbox 2232 3242 3940 3312; baseline -0.001 -16"><span class='ocrx_word' id='word_1_657' title='bbox 2232 3243 2395 3311; x_wconf 89' lang='lat' dir='ltr'>tiant,</span> <span class='ocrx_word' id='word_1_658' title='bbox 2431 3244 2520 3297; x_wconf 86' lang='lat' dir='ltr'>vel</span> <span class='ocrx_word' id='word_1_659' title='bbox 2568 3242 2616 3296; x_wconf 90' lang='lat' dir='ltr'>si</span> <span class='ocrx_word' id='word_1_660' title='bbox 2663 3243 2920 3296; x_wconf 91' lang='lat' dir='ltr'>nondum</span> <span class='ocrx_word' id='word_1_661' title='bbox 2955 3249 3356 3312; x_wconf 89' lang='lat' dir='ltr'>conceperunt,</span> <span class='ocrx_word' id='word_1_662' title='bbox 3411 3244 3634 3297; x_wconf 86' lang='lat' dir='ltr'>faciunt</span> <span class='ocrx_word' id='word_1_663' title='bbox 3694 3249 3762 3297; x_wconf 88' lang='lat' dir='ltr'>ut</span> <span class='ocrx_word' id='word_1_664' title='bbox 3827 3259 3940 3296; x_wconf 92' lang='lat' dir='ltr'>non</span> 
     </span>
    </p>
   </div>
   <div class='ocr_carea' id='block_1_93' title="bbox 2231 3331 3938 3402">
    <p class='ocr_par' dir='ltr' id='par_1_93' title="bbox 2231 3331 3938 3402">
     <span class='ocr_line' id='line_1_93' title="bbox 2231 3331 3938 3402; baseline 0 -18"><span class='ocrx_word' id='word_1_665' title='bbox 2231 3332 2591 3402; x_wconf 85' lang='lat' dir='ltr'>concipiant?</span> <span class='ocrx_word' id='word_1_666' title='bbox 2621 3331 2679 3386; x_wconf 91' lang='lat' dir='ltr'>Si</span> <span class='ocrx_word' id='word_1_667' title='bbox 2724 3331 2929 3397; x_wconf 89' lang='lat' dir='ltr'>fecisti,</span> <span class='ocrx_word' id='word_1_668' title='bbox 2979 3336 3077 3385; x_wconf 91' lang='lat' dir='ltr'>aut</span> <span class='ocrx_word' id='word_1_669' title='bbox 3121 3331 3484 3398; x_wconf 90' lang='lat' dir='ltr'>consensisti,</span> <span class='ocrx_word' id='word_1_670' title='bbox 3531 3338 3636 3385; x_wconf 86' lang='lat' dir='ltr'>aut</span> <span class='ocrx_word' id='word_1_671' title='bbox 3675 3333 3938 3398; x_wconf 88' lang='lat' dir='ltr'>docuisti,</span> 
     </span>
    </p>
   </div>
   <div class='ocr_carea' id='block_1_94' title="bbox 2231 3419 3936 3490">
    <p class='ocr_par' dir='ltr' id='par_1_94' title="bbox 2231 3419 3936 3490">
     <span class='ocr_line' id='line_1_94' title="bbox 2231 3419 3936 3490; baseline -0.001 -16"><span class='ocrx_word' id='word_1_672' title='bbox 2231 3421 2424 3474; x_wconf 92' lang='lat' dir='ltr'>decem</span> <span class='ocrx_word' id='word_1_673' title='bbox 2480 3436 2660 3474; x_wconf 91' lang='lat' dir='ltr'>annos</span> <span class='ocrx_word' id='word_1_674' title='bbox 2691 3435 2794 3490; x_wconf 87' lang='lat' dir='ltr'>per</span> <span class='ocrx_word' id='word_1_675' title='bbox 2843 3419 3131 3490; x_wconf 86' lang='lat' dir='ltr'>legitimas</span> <span class='ocrx_word' id='word_1_676' title='bbox 3187 3421 3360 3474; x_wconf 88' lang='lat' dir='ltr'>ferias</span> <span class='ocrx_word' id='word_1_677' title='bbox 3415 3421 3704 3490; x_wconf 74' lang='lat' dir='ltr'>pcenitere</span> <span class='ocrx_word' id='word_1_678' title='bbox 3753 3421 3936 3475; x_wconf 87' lang='lat' dir='ltr'>debes.</span> 
     </span>
    </p>
   </div>
   <div class='ocr_carea' id='block_1_95' title="bbox 2231 3507 3939 3579">
    <p class='ocr_par' dir='ltr' id='par_1_95' title="bbox 2231 3507 3939 3579">
     <span class='ocr_line' id='line_1_95' title="bbox 2231 3507 3939 3579; baseline 0 -16"><span class='ocrx_word' id='word_1_679' title='bbox 2231 3508 2340 3563; x_wconf 90' lang='lat' dir='ltr'>Sed</span> <span class='ocrx_word' id='word_1_680' title='bbox 2393 3508 2626 3579; x_wconf 88' lang='lat' dir='ltr'>antiqua</span> <span class='ocrx_word' id='word_1_681' title='bbox 2669 3507 2929 3562; x_wconf 91' lang='lat' dir='ltr'>deﬁnitio</span> <span class='ocrx_word' id='word_1_682' title='bbox 2978 3525 3159 3579; x_wconf 91' lang='lat' dir='ltr'>usque</span> <span class='ocrx_word' id='word_1_683' title='bbox 3213 3511 3284 3562; x_wconf 89' lang='lat' dir='ltr'>ad</span> <span class='ocrx_word' id='word_1_684' title='bbox 3333 3510 3549 3563; x_wconf 81' lang='lat' dir='ltr'>exitum</span> <span class='ocrx_word' id='word_1_685' title='bbox 3612 3511 3749 3563; x_wconf 60' lang='lat' dir='ltr'>vita</span> <span class='ocrx_word' id='word_1_686' title='bbox 3807 3513 3939 3564; x_wconf 84' lang='lat' dir='ltr'>tales</span> 
     </span>
    </p>
   </div>
   <div class='ocr_carea' id='block_1_96' title="bbox 2232 3597 3939 3669">
    <p class='ocr_par' dir='ltr' id='par_1_96' title="bbox 2232 3597 3939 3669">
     <span class='ocr_line' id='line_1_96' title="bbox 2232 3597 3939 3669; baseline 0.002 -19"><span class='ocrx_word' id='word_1_687' title='bbox 2232 3597 2303 3650; x_wconf 90' lang='lat' dir='ltr'>ab</span> <span class='ocrx_word' id='word_1_688' title='bbox 2332 3597 2573 3650; x_wconf 87' lang='lat' dir='ltr'>Ecclesia</span> <span class='ocrx_word' id='word_1_689' title='bbox 2598 3603 2871 3651; x_wconf 87' lang='lat' dir='ltr'>removet.</span> <span class='ocrx_word' id='word_1_690' title='bbox 2907 3597 3049 3650; x_wconf 86' lang='lat' dir='ltr'>Nam</span> <span class='ocrx_word' id='word_1_691' title='bbox 3093 3597 3320 3667; x_wconf 89' lang='lat' dir='ltr'>quoties</span> <span class='ocrx_word' id='word_1_692' title='bbox 3377 3604 3724 3666; x_wconf 88' lang='lat' dir='ltr'>conceptum</span> <span class='ocrx_word' id='word_1_693' title='bbox 3759 3599 3939 3669; x_wconf 83' lang='lat' dir='ltr'>impe-</span> 
     </span>
    </p>
   </div>
   <div class='ocr_carea' id='block_1_97' title="bbox 2231 3684 3938 3751">
    <p class='ocr_par' dir='ltr' id='par_1_97' title="bbox 2231 3684 3938 3751">
     <span class='ocr_line' id='line_1_97' title="bbox 2231 3684 3938 3751; baseline 0.002 -14"><span class='ocrx_word' id='word_1_694' title='bbox 2231 3684 2431 3751; x_wconf 90' lang='lat' dir='ltr'>dierat,</span> <span class='ocrx_word' id='word_1_695' title='bbox 2464 3691 2549 3738; x_wconf 93' lang='lat' dir='ltr'>tot</span> <span class='ocrx_word' id='word_1_696' title='bbox 2575 3685 3019 3740; x_wconf 90' lang='lat' dir='ltr'>homicidiornm</span> <span class='ocrx_word' id='word_1_697' title='bbox 3069 3701 3166 3739; x_wconf 90' lang='lat' dir='ltr'>rea</span> <span class='ocrx_word' id='word_1_698' title='bbox 3222 3687 3349 3740; x_wconf 91' lang='lat' dir='ltr'>erit.</span> <span class='ocrx_word' id='word_1_699' title='bbox 3412 3686 3518 3740; x_wconf 89' lang='lat' dir='ltr'>Sed</span> <span class='ocrx_word' id='word_1_700' title='bbox 3553 3686 3735 3741; x_wconf 85' lang='lat' dir='ltr'>distat</span> <span class='ocrx_word' id='word_1_701' title='bbox 3791 3689 3938 3742; x_wconf 84' lang='lat' dir='ltr'>mul—</span> 
     </span>
    </p>
   </div>
   <div class='ocr_carea' id='block_1_98' title="bbox 2232 3774 3936 3844">
    <p class='ocr_par' dir='ltr' id='par_1_98' title="bbox 2232 3774 3936 3844">
     <span class='ocr_line' id='line_1_98' title="bbox 2232 3774 3936 3844; baseline 0.002 -18"><span class='ocrx_word' id='word_1_702' title='bbox 2232 3779 2378 3840; x_wconf 89' lang='lat' dir='ltr'>tum,</span> <span class='ocrx_word' id='word_1_703' title='bbox 2413 3779 2606 3827; x_wconf 90' lang='lat' dir='ltr'>utrum</span> <span class='ocrx_word' id='word_1_704' title='bbox 2655 3774 3008 3844; x_wconf 88' lang='lat' dir='ltr'>paupercula</span> <span class='ocrx_word' id='word_1_705' title='bbox 3037 3774 3127 3840; x_wconf 90' lang='lat' dir='ltr'>sit,</span> <span class='ocrx_word' id='word_1_706' title='bbox 3175 3779 3232 3827; x_wconf 89' lang='lat' dir='ltr'>et</span> <span class='ocrx_word' id='word_1_707' title='bbox 3280 3791 3387 3844; x_wconf 90' lang='lat' dir='ltr'>pro</span> <span class='ocrx_word' id='word_1_708' title='bbox 3448 3774 3800 3829; x_wconf 75' lang='lat' dir='ltr'>difficultate</span> <span class='ocrx_word' id='word_1_709' title='bbox 3841 3792 3936 3829; x_wconf 88' lang='lat' dir='ltr'>nu-</span> 
     </span>
    </p>
   </div>
   <div class='ocr_carea' id='block_1_99' title="bbox 2232 3861 3933 3932">
    <p class='ocr_par' dir='ltr' id='par_1_99' title="bbox 2232 3861 3933 3932">
     <span class='ocr_line' id='line_1_99' title="bbox 2232 3861 3933 3932; baseline 0.002 -18"><span class='ocrx_word' id='word_1_710' title='bbox 2232 3862 2467 3930; x_wconf 90' lang='lat' dir='ltr'>triendi,</span> <span class='ocrx_word' id='word_1_711' title='bbox 2503 3863 2588 3916; x_wconf 87' lang='lat' dir='ltr'>vel</span> <span class='ocrx_word' id='word_1_712' title='bbox 2618 3861 2922 3917; x_wconf 89' lang='lat' dir='ltr'>fornicaria</span> <span class='ocrx_word' id='word_1_713' title='bbox 2972 3878 3160 3931; x_wconf 90' lang='lat' dir='ltr'>causa,</span> <span class='ocrx_word' id='word_1_714' title='bbox 3190 3867 3246 3916; x_wconf 92' lang='lat' dir='ltr'>et</span> <span class='ocrx_word' id='word_1_715' title='bbox 3275 3879 3381 3932; x_wconf 87' lang='lat' dir='ltr'>pro</span> <span class='ocrx_word' id='word_1_716' title='bbox 3427 3865 3518 3917; x_wconf 90' lang='lat' dir='ltr'>sui</span> <span class='ocrx_word' id='word_1_717' title='bbox 3549 3865 3789 3918; x_wconf 88' lang='lat' dir='ltr'>sceleris</span> <span class='ocrx_word' id='word_1_718' title='bbox 3842 3881 3933 3918; x_wconf 54' lang='lat' dir='ltr'>cas</span> 
     </span>
    </p>
   </div>
   <div class='ocr_carea' id='block_1_100' title="bbox 2235 3950 2605 4005">
    <p class='ocr_par' dir='ltr' id='par_1_100' title="bbox 2235 3950 2605 4005">
     <span class='ocr_line' id='line_1_100' title="bbox 2235 3950 2605 4005; baseline 0.005 -2"><span class='ocrx_word' id='word_1_719' title='bbox 2235 3951 2390 4004; x_wconf 89' lang='lat' dir='ltr'>landi</span> <span class='ocrx_word' id='word_1_720' title='bbox 2419 3950 2605 4005; x_wconf 89' lang='lat' dir='ltr'>faciat.</span> 
     </span>
    </p>
   </div>
   <div class='ocr_carea' id='block_1_101' title="bbox 2233 4039 3928 4111">
    <p class='ocr_par' dir='ltr' id='par_1_101' title="bbox 2233 4039 3928 4111">
     <span class='ocr_line' id='line_1_101' title="bbox 2233 4039 3928 4111; baseline 0.001 -18"><span class='ocrx_word' id='word_1_721' title='bbox 2233 4042 2298 4093; x_wconf 77' lang='lat' dir='ltr'>In</span> <span class='ocrx_word' id='word_1_722' title='bbox 2353 4041 2576 4093; x_wconf 78' lang='lat' dir='ltr'>concilio</span> <span class='ocrx_word' id='word_1_723' title='bbox 2627 4043 2805 4093; x_wconf 80' lang='lat' dir='ltr'>autem</span> <span class='ocrx_word' id='word_1_724' title='bbox 2861 4039 3170 4093; x_wconf 78' lang='lat' dir='ltr'>Hilerdensi</span> <span class='ocrx_word' id='word_1_725' title='bbox 3214 4039 3281 4092; x_wconf 85' lang='lat' dir='ltr'>de</span> <span class='ocrx_word' id='word_1_726' title='bbox 3333 4040 3680 4108; x_wconf 74' lang='lat' dir='ltr'>supradictis</span> <span class='ocrx_word' id='word_1_727' title='bbox 3719 4045 3820 4111; x_wconf 81' lang='lat' dir='ltr'>qui</span> <span class='ocrx_word' id='word_1_728' title='bbox 3855 4045 3928 4094; x_wconf 78' lang='lat' dir='ltr'>in-</span> 
     </span>
    </p>
   </div>
   <div class='ocr_carea' id='block_1_102' title="bbox 2303 4127 3928 4197">
    <p class='ocr_par' dir='ltr' id='par_1_102' title="bbox 2303 4127 3928 4197">
     <span class='ocr_line' id='line_1_102' title="bbox 2303 4127 3928 4197; baseline 0.001 -17"><span class='ocrx_word' id='word_1_729' title='bbox 2303 4129 2485 4192; x_wconf 84' lang='lat' dir='ltr'>fantes</span> <span class='ocrx_word' id='word_1_730' title='bbox 2537 4143 2659 4182; x_wconf 88' lang='lat' dir='ltr'>suos</span> <span class='ocrx_word' id='word_1_731' title='bbox 2713 4143 2780 4181; x_wconf 74' lang='lat' dir='ltr'>ear</span> <span class='ocrx_word' id='word_1_732' title='bbox 2830 4127 3102 4182; x_wconf 76' lang='lat' dir='ltr'>adulterio</span> <span class='ocrx_word' id='word_1_733' title='bbox 3174 4135 3448 4197; x_wconf 81' lang='lat' dir='ltr'>susceptos</span> <span class='ocrx_word' id='word_1_734' title='bbox 3511 4133 3802 4183; x_wconf 69' lang='lat' dir='ltr'>excutiunt</span> <span class='ocrx_word' id='word_1_735' title='bbox 3861 4135 3928 4183; x_wconf 78' lang='lat' dir='ltr'>ita</span> 
     </span>
    </p>
   </div>
   <div class='ocr_carea' id='block_1_103' title="bbox 2309 4217 2649 4284">
    <p class='ocr_par' dir='ltr' id='par_1_103' title="bbox 2309 4217 2649 4284">
     <span class='ocr_line' id='line_1_103' title="bbox 2309 4217 2649 4284; baseline -0.003 -15"><span class='ocrx_word' id='word_1_736' title='bbox 2309 4217 2649 4284; x_wconf 73' lang='lat' dir='ltr'>praecipitur.</span> 
     </span>
    </p>
   </div>
   <div class='ocr_carea' id='block_1_104' title="bbox 2311 4303 3924 4374">
    <p class='ocr_par' dir='ltr' id='par_1_104' title="bbox 2311 4303 3924 4374">
     <span class='ocr_line' id='line_1_104' title="bbox 2311 4303 3924 4374; baseline 0 -16"><span class='ocrx_word' id='word_1_737' title='bbox 2311 4305 2378 4358; x_wconf 87' lang='lat' dir='ltr'>Hi</span> <span class='ocrx_word' id='word_1_738' title='bbox 2410 4320 2542 4357; x_wconf 88' lang='lat' dir='ltr'>vero</span> <span class='ocrx_word' id='word_1_739' title='bbox 2600 4303 2697 4374; x_wconf 92' lang='lat' dir='ltr'>qui</span> <span class='ocrx_word' id='word_1_740' title='bbox 2730 4304 2876 4358; x_wconf 92' lang='lat' dir='ltr'>male</span> <span class='ocrx_word' id='word_1_741' title='bbox 2928 4309 3232 4374; x_wconf 88' lang='lat' dir='ltr'>conceptos</span> <span class='ocrx_word' id='word_1_742' title='bbox 3285 4321 3350 4358; x_wconf 84' lang='lat' dir='ltr'>ex</span> <span class='ocrx_word' id='word_1_743' title='bbox 3407 4306 3706 4361; x_wconf 89' lang='lat' dir='ltr'>adulterio</span> <span class='ocrx_word' id='word_1_744' title='bbox 3749 4308 3924 4368; x_wconf 83' lang='lat' dir='ltr'>factos,</span> 
     </span>
    </p>
   </div>
   <div class='ocr_carea' id='block_1_105' title="bbox 2237 4392 3930 4460">
    <p class='ocr_par' dir='ltr' id='par_1_105' title="bbox 2237 4392 3930 4460">
     <span class='ocr_line' id='line_1_105' title="bbox 2237 4392 3930 4460; baseline 0.001 -13"><span class='ocrx_word' id='word_1_745' title='bbox 2237 4394 2324 4447; x_wconf 90' lang='lat' dir='ltr'>vel</span> <span class='ocrx_word' id='word_1_746' title='bbox 2361 4393 2546 4447; x_wconf 89' lang='lat' dir='ltr'>editos</span> <span class='ocrx_word' id='word_1_747' title='bbox 2577 4409 2776 4446; x_wconf 91' lang='lat' dir='ltr'>necare</span> <span class='ocrx_word' id='word_1_748' title='bbox 2809 4392 3152 4460; x_wconf 88' lang='lat' dir='ltr'>studuerint,</span> <span class='ocrx_word' id='word_1_749' title='bbox 3201 4393 3288 4446; x_wconf 90' lang='lat' dir='ltr'>vel</span> <span class='ocrx_word' id='word_1_750' title='bbox 3339 4393 3402 4447; x_wconf 89' lang='lat' dir='ltr'>in</span> <span class='ocrx_word' id='word_1_751' title='bbox 3466 4396 3771 4450; x_wconf 86' lang='lat' dir='ltr'>ventribus</span> <span class='ocrx_word' id='word_1_752' title='bbox 3825 4413 3930 4451; x_wconf 84' lang='lat' dir='ltr'>ma-</span> 
     </span>
    </p>
   </div>
   <div class='ocr_carea' id='block_1_106' title="bbox 2238 4481 3927 4555">
    <p class='ocr_par' dir='ltr' id='par_1_106' title="bbox 2238 4481 3927 4555">
     <span class='ocr_line' id='line_1_106' title="bbox 2238 4481 3927 4555; baseline 0 -19"><span class='ocrx_word' id='word_1_753' title='bbox 2238 4487 2391 4536; x_wconf 90' lang='lat' dir='ltr'>trum</span> <span class='ocrx_word' id='word_1_754' title='bbox 2446 4481 2778 4551; x_wconf 89' lang='lat' dir='ltr'>potionibus</span> <span class='ocrx_word' id='word_1_755' title='bbox 2851 4481 3140 4552; x_wconf 89' lang='lat' dir='ltr'>aliquibus</span> <span class='ocrx_word' id='word_1_756' title='bbox 3188 4482 3532 4552; x_wconf 87' lang='lat' dir='ltr'>colliserint,</span> <span class='ocrx_word' id='word_1_757' title='bbox 3567 4484 3631 4538; x_wconf 90' lang='lat' dir='ltr'>in</span> <span class='ocrx_word' id='word_1_758' title='bbox 3704 4491 3927 4555; x_wconf 83' lang='lat' dir='ltr'>utroque</span> 
     </span>
    </p>
   </div>
   <div class='ocr_carea' id='block_1_107' title="bbox 2240 4570 3926 4645">
    <p class='ocr_par' dir='ltr' id='par_1_107' title="bbox 2240 4570 3926 4645">
     <span class='ocr_line' id='line_1_107' title="bbox 2240 4570 3926 4645; baseline 0.001 -21"><span class='ocrx_word' id='word_1_759' title='bbox 2240 4587 2376 4625; x_wconf 83' lang='lat' dir='ltr'>sexu</span> <span class='ocrx_word' id='word_1_760' title='bbox 2409 4571 2708 4639; x_wconf 89' lang='lat' dir='ltr'>adulteris,</span> <span class='ocrx_word' id='word_1_761' title='bbox 2748 4570 2808 4625; x_wconf 90' lang='lat' dir='ltr'>id</span> <span class='ocrx_word' id='word_1_762' title='bbox 2854 4576 2940 4624; x_wconf 91' lang='lat' dir='ltr'>est</span> <span class='ocrx_word' id='word_1_763' title='bbox 2969 4571 3116 4642; x_wconf 90' lang='lat' dir='ltr'>patri</span> <span class='ocrx_word' id='word_1_764' title='bbox 3164 4571 3250 4625; x_wconf 91' lang='lat' dir='ltr'>vel</span> <span class='ocrx_word' id='word_1_765' title='bbox 3293 4573 3494 4640; x_wconf 87' lang='lat' dir='ltr'>matri,</span> <span class='ocrx_word' id='word_1_766' title='bbox 3526 4580 3667 4644; x_wconf 88' lang='lat' dir='ltr'>post</span> <span class='ocrx_word' id='word_1_767' title='bbox 3723 4583 3926 4645; x_wconf 83' lang='lat' dir='ltr'>septem</span> 
     </span>
    </p>
   </div>
   <div class='ocr_carea' id='block_1_108' title="bbox 2241 4659 3929 4716">
    <p class='ocr_par' dir='ltr' id='par_1_108' title="bbox 2241 4659 3929 4716">
     <span class='ocr_line' id='line_1_108' title="bbox 2241 4659 3929 4716; baseline 0.001 -4"><span class='ocrx_word' id='word_1_768' title='bbox 2241 4675 2525 4713; x_wconf 89' lang='lat' dir='ltr'>annorum</span> <span class='ocrx_word' id='word_1_769' title='bbox 2556 4659 2840 4714; x_wconf 90' lang='lat' dir='ltr'>curricula</span> <span class='ocrx_word' id='word_1_770' title='bbox 2868 4659 3200 4714; x_wconf 90' lang='lat' dir='ltr'>communio</span> <span class='ocrx_word' id='word_1_771' title='bbox 3223 4660 3518 4714; x_wconf 87' lang='lat' dir='ltr'>tribuatur</span> <span class='ocrx_word' id='word_1_772' title='bbox 3554 4679 3568 4715; x_wconf 88' lang='lat'>:</span> <span class='ocrx_word' id='word_1_773' title='bbox 3630 4662 3711 4716; x_wconf 83' lang='lat' dir='ltr'>ita</span> <span class='ocrx_word' id='word_1_774' title='bbox 3755 4668 3929 4715; x_wconf 79' lang='lat' dir='ltr'>tamen</span> 
     </span>
    </p>
   </div>
   <div class='ocr_carea' id='block_1_109' title="bbox 2242 4748 3933 4818">
    <p class='ocr_par' dir='ltr' id='par_1_109' title="bbox 2242 4748 3933 4818">
     <span class='ocr_line' id='line_1_109' title="bbox 2242 4748 3933 4818; baseline 0.001 -18"><span class='ocrx_word' id='word_1_775' title='bbox 2242 4752 2304 4802; x_wconf 91' lang='lat' dir='ltr'>ut</span> <span class='ocrx_word' id='word_1_776' title='bbox 2349 4748 2504 4801; x_wconf 92' lang='lat' dir='ltr'>omni</span> <span class='ocrx_word' id='word_1_777' title='bbox 2559 4753 2814 4818; x_wconf 88' lang='lat' dir='ltr'>tempore</span> <span class='ocrx_word' id='word_1_778' title='bbox 2876 4749 3008 4803; x_wconf 72' lang='lat' dir='ltr'>vitae</span> <span class='ocrx_word' id='word_1_779' title='bbox 3057 4765 3175 4803; x_wconf 64' lang='lat' dir='ltr'>suae</span> <span class='ocrx_word' id='word_1_780' title='bbox 3233 4748 3467 4804; x_wconf 84' lang='lat' dir='ltr'>ﬂetibus</span> <span class='ocrx_word' id='word_1_781' title='bbox 3517 4757 3576 4804; x_wconf 90' lang='lat' dir='ltr'>et</span> <span class='ocrx_word' id='word_1_782' title='bbox 3634 4749 3933 4806; x_wconf 86' lang='lat' dir='ltr'>humilitati</span> 
     </span>
    </p>
   </div>
   <div class='ocr_carea' id='block_1_110' title="bbox 2241 4835 2528 4890">
    <p class='ocr_par' dir='ltr' id='par_1_110' title="bbox 2241 4835 2528 4890">
     <span class='ocr_line' id='line_1_110' title="bbox 2241 4835 2528 4890; baseline 0.007 -2"><span class='ocrx_word' id='word_1_783' title='bbox 2241 4835 2528 4890; x_wconf 89' lang='lat' dir='ltr'>insistant.</span> 
     </span>
    </p>
   </div>
   <div class='ocr_carea' id='block_1_111' title="bbox 2312 4925 3930 4999">
    <p class='ocr_par' dir='ltr' id='par_1_111' title="bbox 2312 4925 3930 4999">
     <span class='ocr_line' id='line_1_111' title="bbox 2312 4925 3930 4999; baseline 0.002 -21"><span class='ocrx_word' id='word_1_784' title='bbox 2312 4925 2542 4978; x_wconf 91' lang='lat' dir='ltr'>Donasti</span> <span class='ocrx_word' id='word_1_785' title='bbox 2573 4926 2657 4978; x_wconf 92' lang='lat' dir='ltr'>vel</span> <span class='ocrx_word' id='word_1_786' title='bbox 2709 4926 3005 4980; x_wconf 89' lang='lat' dir='ltr'>ostendisti</span> <span class='ocrx_word' id='word_1_787' title='bbox 3036 4926 3225 4995; x_wconf 88' lang='lat' dir='ltr'>alicui,</span> <span class='ocrx_word' id='word_1_788' title='bbox 3259 4932 3326 4980; x_wconf 92' lang='lat' dir='ltr'>ut</span> <span class='ocrx_word' id='word_1_789' title='bbox 3378 4934 3732 4999; x_wconf 86' lang='lat' dir='ltr'>conceptum</span> <span class='ocrx_word' id='word_1_790' title='bbox 3783 4944 3930 4983; x_wconf 86' lang='lat' dir='ltr'>suum</span> 
     </span>
    </p>
   </div>
   <div class='ocr_carea' id='block_1_112' title="bbox 2240 5013 3930 5089">
    <p class='ocr_par' dir='ltr' id='par_1_112' title="bbox 2240 5013 3930 5089">
     <span class='ocr_line' id='line_1_112' title="bbox 2240 5013 3930 5089; baseline 0.002 -24"><span class='ocrx_word' id='word_1_791' title='bbox 2240 5013 2328 5066; x_wconf 87' lang='lat' dir='ltr'>vel</span> <span class='ocrx_word' id='word_1_792' title='bbox 2358 5019 2665 5079; x_wconf 86' lang='lat' dir='ltr'>excuteret,</span> <span class='ocrx_word' id='word_1_793' title='bbox 2701 5021 2800 5068; x_wconf 91' lang='lat' dir='ltr'>aut</span> <span class='ocrx_word' id='word_1_794' title='bbox 2829 5015 3145 5070; x_wconf 83' lang='lat' dir='ltr'>occideret?</span> <span class='ocrx_word' id='word_1_795' title='bbox 3194 5016 3249 5070; x_wconf 91' lang='lat' dir='ltr'>Si</span> <span class='ocrx_word' id='word_1_796' title='bbox 3305 5016 3516 5083; x_wconf 89' lang='lat' dir='ltr'>fecisti,</span> <span class='ocrx_word' id='word_1_797' title='bbox 3574 5024 3805 5089; x_wconf 85' lang='lat' dir='ltr'>septem</span> <span class='ocrx_word' id='word_1_798' title='bbox 3847 5033 3930 5071; x_wconf 83' lang='lat' dir='ltr'>an-</span> 
     </span>
    </p>
   </div>
   <div class='ocr_carea' id='block_1_113' title="bbox 2241 5101 3522 5174">
    <p class='ocr_par' dir='ltr' id='par_1_113' title="bbox 2241 5101 3522 5174">
     <span class='ocr_line' id='line_1_113' title="bbox 2241 5101 3522 5174; baseline 0.005 -20"><span class='ocrx_word' id='word_1_799' title='bbox 2241 5116 2343 5154; x_wconf 89' lang='lat' dir='ltr'>nos</span> <span class='ocrx_word' id='word_1_800' title='bbox 2374 5117 2478 5170; x_wconf 90' lang='lat' dir='ltr'>per</span> <span class='ocrx_word' id='word_1_801' title='bbox 2506 5101 2795 5170; x_wconf 84' lang='lat' dir='ltr'>legitimas</span> <span class='ocrx_word' id='word_1_802' title='bbox 2823 5102 2992 5156; x_wconf 90' lang='lat' dir='ltr'>ferias</span> <span class='ocrx_word' id='word_1_803' title='bbox 3025 5104 3302 5174; x_wconf 85' lang='lat' dir='ltr'>pcenitere</span> <span class='ocrx_word' id='word_1_804' title='bbox 3325 5105 3522 5160; x_wconf 89' lang='lat' dir='ltr'>debes.</span> 
     </span>
    </p>
   </div>
   <div class='ocr_carea' id='block_1_114' title="bbox 2313 5189 3924 5264">
    <p class='ocr_par' dir='ltr' id='par_1_114' title="bbox 2313 5189 3924 5264">
     <span class='ocr_line' id='line_1_114' title="bbox 2313 5189 3924 5264; baseline 0.004 -24"><span class='ocrx_word' id='word_1_805' title='bbox 2313 5189 2613 5243; x_wconf 81' lang='lat' dir='ltr'>Excussisti</span> <span class='ocrx_word' id='word_1_806' title='bbox 2647 5196 2989 5259; x_wconf 86' lang='lat' dir='ltr'>conceptum</span> <span class='ocrx_word' id='word_1_807' title='bbox 3038 5197 3200 5246; x_wconf 91' lang='lat' dir='ltr'>tuum</span> <span class='ocrx_word' id='word_1_808' title='bbox 3246 5199 3566 5264; x_wconf 89' lang='lat' dir='ltr'>antequam</span> <span class='ocrx_word' id='word_1_809' title='bbox 3628 5195 3924 5249; x_wconf 66' lang='lat' dir='ltr'>viviﬁcan-</span> 
     </span>
    </p>
   </div>
   <div class='ocr_carea' id='block_1_115' title="bbox 2241 5278 3920 5351">
    <p class='ocr_par' dir='ltr' id='par_1_115' title="bbox 2241 5278 3920 5351">
     <span class='ocr_line' id='line_1_115' title="bbox 2241 5278 3920 5351; baseline 0.001 -20"><span class='ocrx_word' id='word_1_810' title='bbox 2241 5280 2372 5333; x_wconf 86' lang='lat' dir='ltr'>tur?</span> <span class='ocrx_word' id='word_1_811' title='bbox 2420 5278 2478 5332; x_wconf 89' lang='lat' dir='ltr'>Si</span> <span class='ocrx_word' id='word_1_812' title='bbox 2524 5278 2726 5347; x_wconf 89' lang='lat' dir='ltr'>fecisti,</span> <span class='ocrx_word' id='word_1_813' title='bbox 2767 5296 2947 5334; x_wconf 90' lang='lat' dir='ltr'>unum</span> <span class='ocrx_word' id='word_1_814' title='bbox 2990 5296 3205 5335; x_wconf 89' lang='lat' dir='ltr'>annum</span> <span class='ocrx_word' id='word_1_815' title='bbox 3261 5297 3369 5351; x_wconf 89' lang='lat' dir='ltr'>per</span> <span class='ocrx_word' id='word_1_816' title='bbox 3417 5283 3716 5351; x_wconf 84' lang='lat' dir='ltr'>legitimas</span> <span class='ocrx_word' id='word_1_817' title='bbox 3777 5284 3920 5337; x_wconf 73' lang='lat' dir='ltr'>ferias</span> 
     </span>
    </p>
   </div>
   <div class='ocr_carea' id='block_1_116' title="bbox 2242 5365 3912 5444">
    <p class='ocr_par' dir='ltr' id='par_1_116' title="bbox 2242 5365 3912 5444">
     <span class='ocr_line' id='line_1_116' title="bbox 2242 5365 3912 5444; baseline 0.007 -26"><span class='ocrx_word' id='word_1_818' title='bbox 2242 5365 2519 5435; x_wconf 65' lang='lat' dir='ltr'>paenitere</span> <span class='ocrx_word' id='word_1_819' title='bbox 2573 5367 2788 5421; x_wconf 89' lang='lat' dir='ltr'>debes:</span> <span class='ocrx_word' id='word_1_820' title='bbox 2832 5368 3014 5422; x_wconf 88' lang='lat' dir='ltr'>fecisti</span> <span class='ocrx_word' id='word_1_821' title='bbox 3063 5375 3192 5439; x_wconf 85' lang='lat' dir='ltr'>post</span> <span class='ocrx_word' id='word_1_822' title='bbox 3255 5377 3606 5440; x_wconf 82' lang='lat' dir='ltr'>conceptum</span> <span class='ocrx_word' id='word_1_823' title='bbox 3655 5373 3912 5444; x_wconf 69' lang='lat' dir='ltr'>spiritum.</span> 
     </span>
    </p>
   </div>
   <div class='ocr_carea' id='block_1_117' title="bbox 2242 5456 3754 5527">
    <p class='ocr_par' dir='ltr' id='par_1_117' title="bbox 2242 5456 3754 5527">
     <span class='ocr_line' id='line_1_117' title="bbox 2242 5456 3754 5527; baseline 0.007 -22"><span class='ocrx_word' id='word_1_824' title='bbox 2242 5457 2358 5506; x_wconf 89' lang='lat' dir='ltr'>tres</span> <span class='ocrx_word' id='word_1_825' title='bbox 2389 5470 2568 5508; x_wconf 91' lang='lat' dir='ltr'>annos</span> <span class='ocrx_word' id='word_1_826' title='bbox 2596 5471 2701 5525; x_wconf 89' lang='lat' dir='ltr'>per</span> <span class='ocrx_word' id='word_1_827' title='bbox 2731 5456 3016 5526; x_wconf 82' lang='lat' dir='ltr'>legitimas</span> <span class='ocrx_word' id='word_1_828' title='bbox 3035 5457 3204 5511; x_wconf 89' lang='lat' dir='ltr'>ferias</span> <span class='ocrx_word' id='word_1_829' title='bbox 3233 5459 3519 5527; x_wconf 68' lang='lat' dir='ltr'>paenitere</span> <span class='ocrx_word' id='word_1_830' title='bbox 3553 5460 3754 5515; x_wconf 85' lang='lat' dir='ltr'>debes.</span> 
     </span>
    </p>
   </div>
   <div class='ocr_carea' id='block_1_118' title="bbox 2316 5541 3934 5618">
    <p class='ocr_par' dir='ltr' id='par_1_118' title="bbox 2316 5541 3934 5618">
     <span class='ocr_line' id='line_1_118' title="bbox 2316 5541 3934 5618; baseline 0.003 -24"><span class='ocrx_word' id='word_1_831' title='bbox 2316 5541 2650 5596; x_wconf 87' lang='lat' dir='ltr'>Interfecisti</span> <span class='ocrx_word' id='word_1_832' title='bbox 2679 5543 2861 5597; x_wconf 86' lang='lat' dir='ltr'>tilium</span> <span class='ocrx_word' id='word_1_833' title='bbox 2893 5544 2978 5598; x_wconf 91' lang='lat' dir='ltr'>vel</span> <span class='ocrx_word' id='word_1_834' title='bbox 3039 5543 3216 5598; x_wconf 87' lang='lat' dir='ltr'>ﬁliam</span> <span class='ocrx_word' id='word_1_835' title='bbox 3262 5546 3592 5601; x_wconf 88' lang='lat' dir='ltr'>voluntarie</span> <span class='ocrx_word' id='word_1_836' title='bbox 3625 5555 3758 5618; x_wconf 88' lang='lat' dir='ltr'>post</span> <span class='ocrx_word' id='word_1_837' title='bbox 3815 5563 3934 5618; x_wconf 81' lang='lat' dir='ltr'>par-</span> 
     </span>
    </p>
   </div>
  </div>
