4010 6192
366 261 466 311 975
1439 247 1841 304 BURCHARDI
1883 242 2417 302 WORMACIENSIS
2457 243 2766 298 EPISCOPI
2784 285 2796 296 .
3794 245 3895 291 971‘.

370 384 557 434 morte
603 377 831 444 obierit,
883 376 941 429 in
1007 377 1130 447 ipso
1178 375 1439 444 sepulcro
1489 376 1728 425 matrem
1797 386 1927 423 cum
1984 369 2141 422 in-A
2254 367 2562 422 Comedisti
2594 382 2827 420 carnem
2876 365 2932 418 in
2965 365 3450 436 quadragesima?
3508 364 3566 418 Si
3599 363 3811 426 fecisti,
3846 363 3898 413 in

370 469 527 523 fante
553 468 683 537 palo
711 466 768 517 in
804 471 1012 518 terram
1042 463 1405 532 transﬁgunt.
1435 460 1491 515 Si
1515 459 1697 513 fecisti
1717 459 1804 512 vel
1836 474 2070 512 consen—
2181 455 2361 526 ipsius
2419 455 2555 508 anni
2585 454 2802 508 circulo
2834 455 2904 507 ab
2957 455 3113 508 omni
3163 470 3262 507 esu
3308 453 3576 507 carnium
3611 457 3666 504 te
3723 451 3900 504 absti-

373 556 514 622 sisti,
545 557 686 609 duos
744 571 923 608 annos
979 569 1080 624 per
1112 552 1398 622 legitimas
1447 549 1614 603 ferias
1671 547 1842 602 debes
1887 546 2074 618 pmni-
2181 561 2338 599 neas.

373 650 513 700 tcre.
2254 633 2565 688 Comedisti
2606 633 2674 686 de
2707 631 2833 685 cibo
2852 632 3193 698 Judzeorum,
3227 632 3315 685 vel
3351 630 3608 684 aliorum
3646 643 3903 698 pagano~

447 731 788 803 Oppressisti
828 730 1105 783 infantem
1138 732 1301 780 tuum
1325 726 1445 779 sine
1496 725 1786 779 voluntate
1824 727 1942 788 tua,
1977 723 2075 774 aut.
2186 739 2335 790 rum,
2359 737 2528 792 quem
2549 721 2655 790 ipsi
2678 720 2786 774 sibi
2817 722 3326 790 praeparaverunt?
3354 720 3414 774 Si
3445 719 3663 786 fecisti,
3709 718 3906 771 decem

375 822 632 891 pondere
688 819 1155 872 vestimentorum
1215 821 1444 868 tuorum
1496 811 1802 878 sutfocasti,
1865 815 1919 863 et
1967 810 2075 862 hoc
2183 812 2305 866 dies
2337 811 2392 863 in
2426 827 2573 880 pane
2605 815 2660 862 et
2691 825 2843 878 aqua
2872 810 3160 878 paenitens.

375 916 508 979 post
536 907 884 978 baptismum
941 906 1152 959 factum
1205 904 1425 957 fuerat?
1473 901 1531 956 Si
1575 900 1773 964 fecisti,
1805 900 1893 954 XL
1932 897 2071 963 dies,
2256 899 2456 952 Fecisti
2478 898 2626 968 quod
2659 898 2891 967 quidam
2927 896 3104 949 facere
3153 895 3384 949 solent?
3420 896 3576 949 Dum
3612 893 3682 946 ad
3721 891 3909 946 Eccle-

378 999 434 1052 id
465 1001 566 1062 est,
599 995 851 1049 carinam
894 995 953 1047 in
985 1009 1130 1064 pane
1161 998 1219 1046 et
1265 1008 1436 1062 aqua,
1481 995 1538 1043 et
1577 989 1847 1053 oleribus,
1903 993 2076 1056 atque
2185 989 2326 1042 siam
2358 987 2594 1054 vadunt,
2643 986 2703 1038 in
2755 986 2876 1056 ipsa
2928 985 3018 1038 via
3064 984 3366 1054 proferunt
3423 999 3562 1036 suas
3597 981 3905 1042 vanitates.

377 1082 765 1152 leguminibus
822 1082 1122 1152 pmniteas,
1195 1086 1249 1134 et
1310 1097 1341 1133 a
1387 1079 1626 1149 conjuge
1684 1082 1738 1131 te
1795 1075 2077 1128 abstineas
2186 1077 2582 1146 etloquuntur
2638 1075 2844 1139 otiosa,
2875 1090 2975 1126 nec
3007 1073 3064 1126 in
3127 1073 3324 1127 eadem
3357 1072 3450 1124 via
3499 1071 3773 1140 cogitant
3817 1069 3909 1120 ali-

377 1171 555 1224 donec
613 1170 693 1222 illi
724 1170 807 1224 XL
858 1170 978 1223 dies
1034 1172 1459 1239 pertranseant;
1521 1169 1667 1236 post,
1730 1168 1844 1216 tres
1902 1177 2078 1214 annos
2186 1165 2321 1235 quid
2365 1164 2516 1234 quod
2548 1164 2619 1217 ad
2677 1163 2887 1215 anima:
2943 1162 3245 1215 utilitatem
3303 1161 3631 1231 pertineat;
3677 1164 3740 1211 et.
3784 1172 3906 1210 cum

375 1275 478 1330 per
499 1259 782 1328 legitimas
823 1257 1012 1324 ferias,
1073 1262 1128 1310 et
1174 1261 1288 1308 tres
1319 1253 1785 1326 quadragesimas
1833 1251 1892 1303 in
1925 1265 2076 1304 anno
2185 1253 2450 1307 venerint
2469 1251 2527 1306 in
2555 1251 2762 1305 atrium
2798 1251 3053 1305 Ecclesiae
3084 1251 3184 1304 ubi
3225 1251 3454 1320 sepulta
3485 1254 3630 1302 sunt
3669 1262 3904 1318 corpora

378 1347 660 1400 observes.
706 1345 865 1408 Quod
898 1345 944 1398 si
986 1349 1118 1398 ante
1165 1343 1518 1414 baptismum
1553 1341 1742 1394 infans
1771 1353 2079 1409 oppressus
2188 1342 2469 1407 ﬁdelium,
2527 1344 2582 1394 et
2635 1340 2774 1394 dum
2803 1339 3135 1393 calcaverint
3181 1340 3443 1409 sepulcra
3501 1337 3903 1407 proximorum

377 1433 566 1498 fuerit,
603 1433 895 1502 proximos
924 1433 1006 1486 XL
1034 1432 1174 1496 dies,
1220 1435 1282 1483 ut
1340 1446 1513 1500 supra
1572 1431 1919 1497 praeceptum
1974 1428 2078 1491 est,
2195 1447 2307 1484 non
2363 1430 2740 1483 recordantur
2799 1427 2933 1498 quid
2991 1427 3073 1481 eis
3117 1427 3380 1480 futurum
3433 1426 3531 1489 sit,
3591 1441 3705 1478 nec
3737 1425 3903 1476 ullam

380 1521 677 1592 pceniteas.
706 1522 902 1573 Postea
934 1537 1064 1572 vero
1097 1518 1557 1589 quinquennium
1583 1517 1828 1586 eXpleas.
2191 1518 2567 1580 mentionem,
2621 1533 2724 1570 nec
2779 1517 2916 1568 ullas
2973 1531 3168 1586 preces
3197 1531 3299 1584 pro
3349 1515 3433 1567 eis
3467 1514 3539 1567 ad
3597 1513 3904 1566 Dominum

453 1608 722 1662 Invenisti
765 1609 1041 1661 infantem
1084 1614 1246 1660 tuum
1292 1607 1452 1676 juxta
1506 1611 1558 1658 te
1589 1617 1949 1674 oppressum,
1985 1601 2077 1653 ubi
2113 1645 2152 1698 Β
2193 1607 2462 1672 fundunt,
2497 1605 2649 1676 quod
2687 1605 2867 1658 facere
2913 1604 3252 1656 debuerunt.
3310 1602 3368 1656 Si
3429 1601 3769 1673 neglexisti,
3818 1600 3909 1697 de-

381 1704 443 1750 tu
475 1701 532 1749 et
570 1696 656 1748 vir
685 1700 817 1748 tuus
856 1696 1024 1748 simul
1052 1695 1108 1747 in
1138 1695 1280 1748 lecto
1316 1693 1593 1763 jacuistis,
1649 1697 1705 1744 et
1756 1705 1869 1743 non
1906 1705 2081 1759 appa-
2113 1689 2150 1698 ”
2191 1711 2314 1749 cem
2345 1694 2464 1748 dies
2494 1694 2551 1747 in
2581 1709 2728 1764 pane
2769 1698 2826 1746 et
2862 1709 3007 1762 aqua
3046 1692 3343 1758 pceniteas,
3403 1696 3464 1744 et
3495 1691 3635 1743 vide
3675 1689 3910 1742 ulterius

384 1786 500 1838 ruit
530 1790 725 1838 utrum
757 1801 788 1837 a
817 1790 998 1853 patre,
1022 1800 1119 1836 seu
1153 1801 1180 1834 a
1216 1789 1266 1836 te
1301 1782 1605 1835 suffocatus
1637 1785 1801 1844 esset,
1837 1795 1907 1831 an
1949 1794 2079 1848 pro-
2191 1800 2264 1836 ne
2295 1783 2401 1836 tibi
2455 1782 2766 1852 contingat.
2819 1781 2926 1835 Sed
2958 1781 3421 1851 quandocunque
3465 1779 3526 1832 in
3557 1779 3784 1832 atrium
3825 1778 3913 1830 Ec-

383 1874 509 1943 pria
541 1877 721 1925 morte
751 1872 1049 1926 defunctus
1077 1876 1242 1923 esset.
1302 1870 1424 1922 Non
1457 1867 1672 1922 debetis
1723 1866 1855 1919 inde
1899 1863 2083 1917 securi
2191 1871 2382 1925 etesia;
2411 1870 2729 1936 intraveris,
2785 1886 2884 1925 ora
2917 1885 3020 1939 pro
3061 1869 3162 1934 eis,
3197 1874 3254 1922 et
3308 1883 3456 1938 roga
3504 1867 3642 1921 illas
3694 1874 3912 1920 sanctas

385 1976 525 2025 esse,
580 1975 682 2012 nec
752 1975 873 2010 esse
930 1958 1052 2011 sine
1093 1955 1449 2027 pmnitentia.
1503 1955 1607 2008 Sed
1662 1959 1855 2006 tamen
1902 1951 1961 2004 in
1995 1951 2082 2004 his
2192 1959 2415 2014 animas
2443 1975 2688 2029 quarum
2718 1974 2958 2027 corpora
2980 1957 3056 2011 ibi
3089 1957 3473 2028 requiescunt,
3504 1961 3574 2009 ut

387 2063 594 2117 magna
651 2046 1026 2100 consideratio
1082 2046 1254 2099 debet
1310 2059 1429 2097 esse
1481 2043 1731 2112 pietatis,
1779 2040 1876 2094 ubi
1927 2040 2082 2092 nulla
2191 2050 2415 2119 possint
2438 2063 2539 2117 pro
2576 2047 2684 2100 tuis
2705 2045 2950 2116 peccatis
2981 2045 3049 2098 ad
3077 2045 3470 2098 Dominumin

386 2136 534 2188 mala
565 2136 829 2188 voluntas
851 2134 977 2202 fuit,
1007 2133 1105 2186 sed
1138 2132 1365 2204 propria
1400 2147 1572 2185 mors.
1606 2131 1817 2184 Tamen
1851 2134 2085 2198 propter
2265 2136 2543 2206 operatus
2602 2151 2663 2188 es
2711 2134 2930 2204 aliquid
2961 2133 3015 2187 in
3051 2133 3349 2186 Dominica
3397 2133 3492 2186 die
3515 2131 3546 2185 ‘2
3604 2132 3662 2186 Si
3706 2132 3908 2195 fecisti,

386 2221 815 2291 negligentiam,
853 2222 938 2275 XL
959 2221 1077 2274 dies
1111 2221 1164 2273 in
1190 2234 1335 2288 pane
1370 2224 1421 2273 ct
1456 2234 1602 2288 aqua
1653 2216 1870 2270 debetis
1899 2215 2083 2284 pceni-
2193 2229 2310 2278 {res
2339 2225 2459 2278 dies
2484 2224 2540 2277 in
2562 2239 2710 2293 pane
2733 2227 2788 2276 et
2815 2239 2966 2292 aqua
2994 2222 3273 2292 poenitere
3305 2221 3496 2275 debes,

385 2315 526 2362 tere.
576 2309 631 2363 Si
681 2314 875 2362 autem
938 2325 1036 2362 vos
1067 2324 1183 2361 non
1225 2309 1359 2360 latet
1404 2305 1796 2360 interfectores
1847 2318 1968 2356 esse
2002 2302 2086 2355 in-
2268 2311 2466 2366 Fecisti
2537 2311 2688 2382 quod
2759 2311 3020 2382 quaedam
3078 2309 3349 2362 mulieres
3421 2309 3616 2362 facere.
3688 2308 3915 2361 solent?

386 2395 573 2463 fantis,
593 2413 708 2449 non
739 2397 1052 2460 voluntate,
1091 2395 1188 2448 sed
1222 2393 1593 2464 negligentia,
1627 2397 1740 2444 tres
1771 2407 1952 2443 annos

2329 2404 2503 2454 munt
2554 2399 2893 2452 vestimenta
2949 2415 3050 2451 sua
3089 2403 3142 2451 et
3190 2401 3380 2451 totum
3433 2413 3648 2466 corpus
3691 2398 3912 2450 nudum

386 2485 672 2555 legitimas
719 2485 884 2538 ferias
948 2486 1224 2554 paenitere
1280 2483 1514 2550 debetis,
1585 2496 1763 2533 unum
1814 2495 1876 2532 ex
1909 2479 1996 2531 his
2026 2476 2086 2530 in
2194 2489 2364 2541 melle
2412 2487 2717 2556 inungunt,
2769 2490 2822 2539 et
2879 2485 2958 2538 sic
2998 2484 3212 2538 mellito
3273 2501 3376 2537 suo
3423 2500 3673 2554 corpore
3745 2499 3920 2554 supra.

388 2588 534 2642 pane
559 2578 613 2625 et
643 2588 810 2643 aqua,
845 2577 1182 2642 ettempore
1216 2570 1588 2642 paenitudinis
1620 2569 1688 2622 ab
1716 2567 1873 2621 omni
1915 2568 2086 2619 lllel-
2195 2575 2449 2629 triticum
2503 2575 2560 2627 in
2607 2574 2851 2646 quodam
2904 2574 3080 2627 linteo
3135 2573 3193 2626 in
3251 2577 3404 2626 terra
3449 2573 3751 2642 deposito,
3799 2588 3919 2625 sese

389 2658 474 2714 ria
503 2679 597 2715 vos
629 2662 910 2714 custodire
958 2662 1196 2714 debetis.
2196 2663 2302 2717 hac
2335 2669 2507 2735 atque
2563 2663 2688 2716 illac
2729 2661 2935 2732 saepius
2984 2662 3308 2727 revolvunt,
3361 2665 3421 2714 et
3479 2667 3696 2714 cuncta
3748 2660 3921 2714 tritici

444 2751 768 2804 Exercuisti
803 2750 1151 2803 lenocinium
1173 2754 1270 2803 aut
1300 2750 1356 2802 in
1379 2754 1431 2802 te
1461 2749 1599 2818 ipsa,
1624 2752 1719 2800 aut
1748 2746 1805 2798 in
1829 2745 1972 2807 aliis,
2007 2743 2088 2796 ita
2197 2767 2396 2822 grana,
2459 2768 2587 2822 qua;
2626 2750 2866 2805 humido
2931 2750 3156 2820 corpori
3210 2749 3527 2813 adhaerent,
3582 2749 3922 2803 cautissime

386 2838 532 2906 dico,
589 2844 648 2891 ut
677 2844 735 2892 tu
798 2839 1119 2892 meretricio
1155 2855 1307 2891 more
1343 2837 1454 2890 tuis
1505 2835 1853 2890 amatoribus
1882 2849 2086 2902 corpus
2196 2841 2495 2909 colligunt,
2547 2839 2688 2892 etin
2725 2839 2939 2892 molam
2968 2839 3227 2899 mittunt,
3261 2844 3320 2891 et
3366 2843 3688 2890 retrorsum
3718 2844 3924 2890 contra

385 2931 548 2980 tuum
581 2928 648 2981 ad
682 2927 1041 2980 tractandum
1095 2932 1151 2980 et
1179 2927 1248 2980 ad
1279 2925 1708 2985 sordidandum,
1760 2939 1862 2992 pro
1896 2921 2087 2992 preciu
2119 2925 2159 2980 C
2197 2929 2374 2982 solam
2409 2929 2618 2982 molam
2667 2927 2904 2981 circuire
2963 2926 3180 2979 faciunt
3223 2930 3279 2979 et
3307 2925 3388 2978 sic
3446 2927 3503 2979 in
3546 2925 3802 2979 farinam
3838 2941 3925 2978 re-

387 3015 735 3080 tradidisses,
780 3031 873 3068 seu
922 3015 1074 3084 quod
1130 3015 1416 3068 crudelius
1460 3019 1545 3067 est
1596 3017 1651 3065 et
1710 3011 2084 3082 periculosius
2193 3016 2416 3085 dignm,
2449 3019 2504 3069 et
2535 3016 2600 3070 de
2662 3015 2762 3069 illa
2814 3015 3000 3068 farina
3067 3029 3271 3083 panem
3323 3013 3661 3078 conﬁciunt,
3730 3018 3788 3066 et
3833 3015 3918 3066 sic

380 3109 484 3164 est,
510 3105 760 3157 alienum
797 3120 1024 3173 corpus,
1054 3103 1187 3156 ﬁliae
1227 3104 1370 3169 dico,
1405 3103 1491 3156 vel
1521 3101 1724 3171 neptis,
1752 3105 1808 3153 et
1842 3099 2082 3169 alicujus
2192 3103 2412 3156 maritis
2457 3101 2572 3155 suis
2631 3102 2704 3155 ad
2756 3101 3170 3156 comedendum
3230 3100 3485 3160 trahunt,
3547 3105 3612 3153 ut
3655 3110 3924 3154 comesto

381 3192 738 3248 Christianae.
798 3191 1148 3244 amatoribus
1211 3191 1531 3252 vendidisti,
1583 3190 1668 3242 vel
1733 3187 2077 3254 concessisti,
2189 3206 2340 3260 pane
2387 3196 2739 3244 marcescant
2805 3195 2860 3243 et
2908 3188 3220 3243 deficiant?
3261 3188 3321 3242 Si
3374 3187 3579 3252 fecisti,
3656 3189 3922 3258 quadra-

380 3279 471 3330 vel
503 3277 866 3330 internuncia
921 3277 1094 3342 fuisti,
1155 3279 1240 3329 vel
1293 3277 1589 3330 consiliata
1629 3291 1686 3328 es
1716 3280 1778 3328 ut
1817 3280 2078 3343 stuprum
2190 3278 2350 3348 ginta
2380 3277 2499 3331 dies
2537 3279 2593 3330 in
2619 3294 2764 3347 pane
2786 3280 2843 3331 et
2871 3293 3018 3348 aqua
3049 3276 3348 3347 pmniteas.

383 3366 618 3435 aliquod
640 3365 924 3418 talimodo
957 3363 1434 3435 perpetraretur?
1465 3365 1519 3417 Si
1549 3362 1742 3427 fecisti,
1767 3379 1861 3417 sex
1901 3379 2081 3415 annos
2262 3367 2462 3422 Fecisti
2513 3367 2664 3436 quod
2739 3367 3004 3437 quaedam
3081 3366 3355 3420 mulieres
3421 3363 3608 3418 facere
3670 3365 3922 3418 solent?

380 3468 484 3522 per
515 3453 797 3523 legitimas
821 3452 987 3506 ferias
1020 3453 1313 3523 poeniteas.
1347 3453 1559 3506 Tamen
1590 3451 1649 3504 in
1695 3449 1934 3504 concilio
1965 3449 2077 3504 Eli-
2191 3455 2337 3508 Dum
2370 3455 2622 3524 pluviam
2662 3470 2778 3508 non
2800 3455 3033 3517 habent,
3067 3460 3202 3507 etea
3224 3453 3504 3523 indigent,
3544 3459 3689 3506 tunc
3721 3453 3922 3523 plures

380 3541 618 3595 bertano
650 3541 1004 3612 pracipitur,
1035 3547 1098 3594 ut
1123 3541 1219 3595 ille
1241 3541 1339 3612 qui
1363 3541 1483 3595 haec
1507 3539 1939 3611 perpetraverit,
1970 3538 2081 3592 nisi
2187 3545 2408 3614 puellas
2465 3548 2834 3614 congregant,
2909 3548 2963 3596 et
3020 3557 3192 3596 unam
3251 3543 3550 3612 parvulam
3613 3543 3920 3611 virginem

381 3630 441 3683 in
483 3632 594 3683 fine
627 3647 742 3684 non
775 3630 1016 3700 accipiat
1044 3631 1534 3684 communionem.
1611 3699 1622 3710 κ
2187 3634 2350 3703 quasi
2383 3633 2584 3687 ducem
2639 3633 2745 3686 sibi
2780 3638 3141 3703 prteponunt,
3191 3636 3248 3684 et
3276 3631 3537 3684 eamdem
3579 3630 3919 3696 denudent,

451 3719 652 3772 Fecisti
676 3719 830 3790 quod
872 3721 1135 3790 quaedam
1169 3719 1437 3772 mulieres
1469 3718 1651 3771 facere
1674 3715 1907 3770 solent?
1936 3715 2074 3769 Cum
2187 3726 2244 3775 et
2270 3727 2429 3775 extra
2451 3723 2644 3775 villam
2671 3721 2801 3794 'ubi
2831 3721 3068 3774 herbam
3121 3720 3520 3790 jusquiamum
3574 3720 3915 3780 inveniunt,

377 3807 564 3862 infans
599 3808 820 3862 noviter
861 3814 1028 3862 natus
1064 3813 1167 3875 est,
1202 3813 1260 3861 et
1285 3809 1474 3862 statim
1524 3807 1864 3876 baptizatus,
1912 3809 1968 3859 et
1998 3805 2077 3858 sic
2186 3825 2314 3880 quae
2367 3810 2673 3864 Teutonice
2722 3810 2903 3864 belisa
2945 3813 3197 3874 vocatur,
3249 3809 3331 3862 sic
3391 3808 3668 3862 nudatam
3735 3809 3917 3862 dedu-

379 3904 638 3950 mortuus
694 3897 888 3957 fuerit,
943 3897 1078 3950 dum
1131 3896 1416 3967 sepeliunt
1478 3911 1631 3962 eum,
1667 3895 1723 3948 in
1781 3894 2076 3948 dexteram
2185 3903 2340 3965 cunt,
2384 3903 2440 3952 et
2469 3899 2729 3952 eamdem
2769 3898 3029 3960 herbam,
3062 3897 3325 3951 eamdem
3363 3897 3648 3966 virginem
3693 3898 3777 3951 sic
3811 3914 3915 3951 nn-

377 4001 610 4038 manum
631 3989 854 4055 ponunt
885 3986 936 4039 ei
970 3991 1238 4055 patenam
1266 4000 1488 4039 ceream
1521 4000 1648 4037 cum
1679 3983 1888 4048 oblata,
1931 3982 2074 4036 etin
2183 3986 2316 4040 dam
2377 3987 2616 4040 minimo
2668 3986 2847 4056 digito
2890 3986 3100 4040 dextrae
3150 4001 3359 4039 manus
3406 4001 3606 4038 eruere
3658 3986 3910 4050 faciunt,

376 4073 664 4127 sinistram
720 4090 954 4128 manum
1005 4073 1239 4128 calicem
1301 4089 1429 4126 cum
1483 4072 1614 4125 vino
1673 4071 1938 4124 similiter
1983 4086 2072 4124 ce-
2183 4077 2241 4128 et
2272 4075 2540 4128 radicitus
2589 4079 2810 4128 erutam
2851 4091 2982 4128 cum
3019 4073 3294 4144 ligamine
3345 4075 3565 4144 aliquo.
3604 4074 3679 4127 ad
3732 4076 3908 4128 mini-

376 4176 535 4215 reum
559 4167 779 4229 ponunt
806 4161 876 4226 ei,
905 4168 957 4214 et
980 4161 1060 4214 sic
1080 4177 1212 4214 eum
1237 4161 1538 4231 sepeliunt.
1569 4160 1626 4214 Si
1651 4160 1850 4227 fecisti,
1875 4161 2070 4213 decem
2101 4206 2145 4259 D
2184 4179 2342 4216 mum
2377 4163 2618 4233 digitum
2649 4163 2830 4216 dextri
2860 4163 3021 4232 pedis
3051 4162 3228 4231 ligare
3282 4162 3519 4215 faciunt.
3550 4161 3619 4214 Et
3656 4162 3908 4232 singula

373 4248 493 4302 dies
525 4251 581 4303 in
612 4266 757 4319 pane
795 4255 849 4302 et
879 4265 1026 4319 aqua
1053 4249 1332 4319 paenitere
1355 4250 1546 4303 debes.
2101 4248 2143 4259 "
2183 4251 2391 4320 puellae
2418 4251 2672 4321 singulas
2703 4251 2890 4320 virgas
2936 4250 2994 4303 in
3026 4249 3293 4303 manibus
3339 4250 3640 4314 habentes,
3702 4267 3906 4322 supra-

447 4337 645 4390 Fecisti
700 4337 850 4407 quod
901 4337 1165 4406 quaedam
1227 4338 1492 4392 mulieres
1551 4337 1822 4391 adulterae
1885 4336 2068 4390 facere
2177 4339 2384 4393 dictam
2433 4339 2715 4409 virginem
2745 4339 2984 4392 herbam
3025 4343 3155 4409 post
3203 4355 3261 4392 se
3311 4339 3643 4392 trahentem
3701 4339 3764 4393 in
3793 4339 3902 4393 ﬂu-

371 4425 600 4477 solcnt?
646 4425 786 4479 Cum
849 4425 1100 4494 primum
1160 4425 1543 4480 intellexerint
1593 4425 1742 4497 quod
1785 4431 2066 4478 amatores
2176 4444 2309 4482 men
2365 4428 2695 4498 proximum
2735 4426 3125 4492 introducunt,
3175 4433 3234 4480 et
3265 4443 3398 4480 cum
3457 4427 3682 4481 eisdem
3730 4429 3899 4498 virgis

371 4529 566 4566 earum
634 4512 919 4583 legitimas
977 4530 1182 4568 uxores
1242 4515 1528 4568 voluerint
1580 4514 1856 4583 accipere,
1930 4519 2065 4566 tunc
2175 4517 2456 4586 virginem
2493 4515 2731 4569 ﬂumine
2779 4519 3110 4586 aspergunt,
3152 4519 3209 4568 et
3256 4515 3336 4569 sic
3379 4517 3499 4569 suis
3557 4515 3898 4571 incantatio-

369 4602 612 4670 quadam
647 4609 766 4655 arte
795 4601 1051 4655 maleﬁca
1084 4602 1379 4657 libidinem
1413 4603 1666 4656 virorum
1703 4601 2061 4672 extinguunt,
2173 4605 2342 4659 nibus
2396 4604 2650 4675 pluviam
2706 4619 2764 4657 se
2811 4603 3019 4657 habere
3068 4608 3320 4673 sperant.
3386 4605 3452 4658 Et
3500 4611 3635 4674 post
3695 4605 3894 4659 eadem

367 4689 722 4760 utlegitimis
772 4691 1041 4760 prodesse
1089 4707 1203 4745 non
1252 4691 1494 4762 possint,
1551 4706 1736 4760 neque
1792 4706 1922 4744 cum
1980 4691 2062 4743 eis
2170 4693 2454 4763 virginem
2487 4692 2565 4746 sic
2595 4690 2813 4745 nudam
2861 4691 3227 4762 transpositis
3275 4696 3334 4744 et
3372 4693 3614 4746 mutatis
3670 4694 3732 4746 in
3773 4709 3893 4747 mo-

361 4779 533 4832 cuirc.
567 4779 625 4834 Si
690 4779 870 4833 fecisti
928 4786 1028 4833 aut
1069 4780 1214 4834 alios
1248 4780 1512 4845 docuisti,
1562 4780 1646 4834 XL
1677 4779 1797 4833 dies
1828 4779 1887 4833 in
1912 4795 2058 4849 pane
2171 4780 2309 4834 dum
2352 4780 2541 4834 cancri
2596 4779 2870 4850 vestigiis,
2926 4795 2959 4832 a
3015 4779 3255 4833 ﬂumine
3314 4779 3388 4832 ad
3453 4780 3675 4844 villam,
3745 4783 3896 4835 inter

362 4873 586 4936 etaqua
614 4867 889 4937 poenitere
923 4868 1111 4921 debes.
2168 4883 2374 4921 manus
2427 4866 2752 4922 reducunt?
2799 4867 2854 4921 Si
2909 4867 3089 4921 fecisti
3139 4871 3238 4920 aut
3286 4869 3659 4922 consentiens
3717 4870 3896 4935 fuisti,

433 4956 699 5008 Obtulisti
722 4955 994 5009 infantem
1025 4961 1187 5009 tuum
1209 4955 1278 5008 ab
1308 4955 1742 5024 baptizandum,
1776 4954 1887 5008 nisi
1916 4955 2056 5026 lcgi-
2166 4955 2370 5025 viginti
2395 4956 2516 5010 dies
2546 4955 2606 5008 in
2631 4971 2779 5025 pane
2803 4960 2857 5009 et
2877 4971 3025 5025 aqua
3056 4955 3230 5010 debes
3271 4956 3580 5025 paenitere.

356 5043 495 5096 timo
525 5049 801 5114 tempore,
861 5044 919 5097 id
948 5049 1032 5097 est
1081 5044 1140 5097 in
1186 5045 1419 5097 sabbato
1474 5044 1723 5110 Paschas,
1757 5049 1813 5098 et
1842 5044 1903 5097 in
1933 5046 2056 5098 sab-
2165 5044 2294 5098 CAP.
2337 5045 2421 5098 VI.
2462 5075 2528 5084 —-
2572 5047 2644 5097 De
2695 5045 3059 5099 admonitione
3107 5049 3220 5098 octo
3269 5047 3682 5114 principalium
3729 5050 3894 5100 citie—

353 5131 484 5185 bato
538 5133 916 5199 Peutecostes,
969 5132 1076 5186 nisi
1133 5132 1486 5184 inﬁrmitatis
1534 5131 1869 5187 necessitate
1899 5131 1927 5186 ?
1997 5133 2051 5185 Si
2623 5147 2764 5193 rum,
2807 5138 2856 5186 et
2895 5148 3076 5187 eorum
3104 5134 3402 5202 speciebus.

350 5219 550 5285 fecisti,
585 5220 779 5274 decem
813 5221 933 5274 dies
964 5220 1022 5274 in
1050 5237 1195 5290 pane
1215 5225 1271 5273 et
1291 5236 1439 5290 aqua
1477 5220 1648 5273 debes
1683 5220 1978 5289 pmnitere.
2235 5220 2346 5287 (Ea:
2403 5222 2773 5275 Paenitentiali
2824 5221 3042 5286 Theod.)
3098 5222 3256 5274 Nunc
3312 5221 3422 5274 tibi
3487 5227 3618 5276 octo
3673 5224 3890 5294 princi-

419 5308 722 5376 Neglexisti
759 5309 985 5362 visitare
1023 5308 1299 5375 inﬁrmos,
1359 5312 1559 5361 etnon
1617 5307 1821 5361 venisti
1851 5307 1922 5361 ad
1953 5323 2050 5360 eos
2160 5307 2314 5377 palia
2361 5309 2497 5362 vitia
2528 5309 2840 5378 explicabo.
2876 5309 2934 5363 Si
2981 5309 3042 5363 in
3092 5310 3202 5363 illis
3257 5314 3312 5364 te
3374 5326 3754 5380 percussum,
3801 5320 3890 5365 ta-

345 5394 532 5463 quiin
582 5411 803 5450 carcere
861 5402 1046 5462 erant,
1104 5403 1161 5449 et
1192 5412 1306 5449 non
1358 5396 1464 5450 sub
1489 5394 1804 5451 niuistrasti
1837 5394 1959 5450 eis?
1991 5395 2050 5450 Si
2159 5401 2315 5450 ctum
2365 5402 2422 5451 et
2477 5398 2840 5451 vulneratum
2890 5398 3085 5462 sentis,
3140 5398 3267 5451 vide
3309 5415 3383 5452 ne
3445 5415 3541 5453 me
3591 5402 3788 5464 cales,
3833 5401 3888 5454 id

347 5498 463 5536 nou
496 5483 697 5552 fecisti,
730 5485 926 5539 decem
959 5485 1076 5538 dies
1114 5485 1172 5537 iu
1201 5501 1349 5554 pane
1381 5490 1435 5538 et
1464 5500 1613 5554 aqua
1637 5484 1934 5554 poeniteas.
2158 5489 2262 5552 est,
2326 5486 2675 5556 superbiam,
2728 5501 2929 5540 vanam
3007 5487 3268 5557 gloriam,
3343 5485 3654 5554 invidiam,
3722 5490 3888 5554 iram,
