4010 6192
122 310 193 357 97
208 310 239 358 7

992 303 1458 361 DECRETORUM
1503 303 1693 359 LIBRI
1732 300 1845 356 ΧΧ.
1890 327 1959 335 -
2000 297 2222 358 LIBER
2262 304 2566 360 DECIMUS
2608 304 2847 361 NONUS.

3554 313 3656 364 978

120 430 451 497 tristitiam,
517 427 839 495 avaritiam,
888 428 1100 481 ventris
1145 428 1478 500 ingluviem,
1531 426 1843 482 luxuriam.
1878 423 1926 475 Α
1967 421 2279 479 Humiliter
2311 426 2481 480 etiam
2512 431 2566 480 te
2599 428 2854 481 sacerdos
2904 428 3286 498 Deiexposco,
3325 435 3387 483 ut
3414 430 3655 485 interce-

121 521 208 574 Ex
266 520 478 590 quibus
523 518 570 571 si
621 523 675 570 te
723 517 1070 587 culpabilem
1130 518 1508 587 recognoscis,
1552 516 1845 587 poeniten-

118 610 279 663 tiam
312 608 558 678 suscipe,
591 622 723 660 nam
758 621 823 658 ex
862 605 948 658 his
980 606 1175 658 omnia
1208 607 1341 659 vitia
1370 606 1655 659 oriuntur.

202 699 291 751 De
332 696 620 766 superbia,
675 710 804 764 qua
858 694 1088 747 initium
1139 694 1327 748 omnis
1376 694 1587 765 peccati
1635 698 1735 753 est,
1792 692 1850 741 et

118 787 341 856 regina
372 785 631 838 omnium
667 783 973 847 malorum,
1007 782 1263 836 nascitur
1294 783 1482 836 omnis
1506 780 1846 835 inobedien-

118 874 233 938 tia,
284 872 473 926 omnis
532 872 926 941 praesumptio,
969 874 1025 922 et
1072 871 1259 923 omnis
1312 870 1663 940 pertinacia,
1708 881 1848 919 con-

120 961 452 1027 tentiones,
483 960 748 1024 hareses,
780 957 1130 1025 arrogantia.

202 1049 291 1102 De
330 1064 473 1100 vana
513 1046 717 1116 gloria,
756 1045 1055 1113 jactautia,
1108 1044 1457 1113 arrogantia,
1500 1040 1846 1113 indignatio,

128 1135 452 1201 discordia,
480 1133 668 1186 inanis
697 1132 898 1201 gloria
928 1132 1155 1202 cupido,
1198 1137 1255 1185 et
1285 1131 1616 1202 hypocrisis.

212 1226 296 1277 De
358 1223 587 1283 invidia,
660 1221 909 1275 nascitur
975 1220 1193 1283 odium,
1262 1220 1602 1288 susurratio,
1657 1219 1845 1272 detra-

130 1313 276 1380 ctio,
337 1310 609 1364 exultatio
688 1309 747 1361 iu
828 1307 1081 1361 adversis
1145 1308 1412 1377 proximi,
1482 1306 1718 1361 afﬂictio
1786 1306 1847 1358 in

131 1400 459 1472 prosperis.

212 1492 296 1543 De
324 1490 409 1541 ira
451 1488 715 1541 oriuntur
767 1486 922 1551 rixa,
960 1492 1157 1537 tumor
1196 1485 1425 1548 mentis,
1459 1484 1842 1549 contumelia,

134 1579 380 1641 clamor,
424 1574 759 1644 indignatio,
810 1573 1212 1642 prasumptio,
1260 1572 1655 1641 blasphemia,
1712 1587 1843 1625 san-

136 1666 340 1736 guinis
382 1664 605 1730 effusio,
657 1662 976 1722 homicidia,
1035 1661 1347 1714 ulciscendi
1399 1660 1701 1730 cupiditas,
1756 1660 1844 1712 in-

132 1755 431 1826 juriarum
463 1751 759 1805 memoria.

216 1844 296 1896 De
349 1840 573 1893 tristitia
598 1839 845 1891 nascitur
874 1837 1112 1901 malitia,
1154 1853 1361 1890 rancor
1417 1835 1617 1904 animi,
1669 1834 1846 1905 pusil-

141 1930 455 1995 lanimitas,
530 1927 869 1986 amaritudo,
935 1927 1283 1995 desperatio,
1342 1931 1561 1994 torpor,
1618 1923 1846 1990 vagatio

140 2020 377 2081 mentis,
443 2032 595 2086 sape
642 2017 816 2068 etiam
872 2020 930 2068 et
972 2014 1269 2084 prasentis
1318 2013 1451 2066 vita
1491 2013 1648 2065 nulla
1691 2012 1844 2064 dele-

141 2106 341 2159 ctatio.

219 2196 298 2247 De
358 2192 589 2245 avaritia
638 2190 906 2243 oriuntur
959 2190 1208 2255 invidia,
1278 2189 1450 2254 furta,
1518 2186 1845 2252 latrocinia,

144 2280 480 2345 homicidia,
532 2278 851 2343 mendacia,
905 2279 1180 2347 perjuria,
1230 2278 1468 2347 rapina,
1528 2274 1847 2341 violentia,

144 2369 510 2440 inquietudo,
590 2368 802 2437 injusta
863 2367 1099 2436 judicia,
1168 2370 1530 2435 contemptus
1593 2364 1850 2417 veritatis

145 2460 383 2523 futura,
410 2452 779 2509 beatitudinis
804 2453 1036 2517 oblivio,
1070 2452 1376 2505 obduratio
1406 2451 1613 2504 cordis.

219 2543 305 2596 De
362 2542 569 2595 ventris
623 2541 876 2611 ingluvie
956 2545 1309 2611 propagatur
1381 2540 1576 2609 inepta
1626 2538 1848 2603 latitia,

145 2631 483 2695 scurrilitas,
530 2629 746 2696 levitas,
806 2628 1227 2698 vaniloquium,
1289 2625 1667 2680 immundicia
1718 2642 1850 2679 cor-

145 2720 331 2790 poris,
361 2718 699 2772 instabilitas
751 2717 977 2782 mentis,
1014 2717 1279 2783 ebrietas,
1328 2716 1526 2781 libido,
1559 2715 1851 2769 hebetudo

148 2823 374 2862 58115115.

223 2897 307 2950 De
340 2895 564 2948 luxuria
624 2899 935 2963 generatur
982 2893 1204 2947 cacitas
1253 2893 1480 2956 mentis,
1528 2890 1853 2944 inconside-

1959 510 2061 563 das
2091 530 2194 583 pro
2226 532 2337 583 me,
2390 520 2444 568 et
2489 532 2592 585 pro
2626 516 2870 584 peccatis
2917 516 3057 569 meis
3106 518 3175 570 ad
3230 519 3532 572 Dominum
3602 524 3658 573 et

1958 608 2275 657 creatorem
2332 608 2612 672 nostrum,
2677 611 2956 674 quatenus
3009 606 3077 658 de
3136 605 3222 658 his
3281 612 3335 659 et
3384 608 3651 660 omnibus

1959 691 2273 747 sceleribus
2323 693 2462 746 meis
2512 692 2737 747 veniam
2787 700 2842 747 et
2898 694 3320 763 indulgentiam
3380 696 3653 766 consequi

1960 793 2208 833 merear.

1956 868 2161 922 Deinde
2204 869 2450 923 sacerdos
2499 884 2617 922 cum
2663 874 2946 937 praenitente
2997 874 3305 937 prosternat
3350 887 3403 923 se
3433 874 3488 924 in
3540 878 3654 925 ter~

2203 972 2339 1023 ram,
2375 961 2425 1009 et
2441 955 2684 1010 decantet
2716 958 2806 1010 hos
2834 960 3108 1023 sequentes
3140 958 3399 1011 Psalmos.

2030 1045 2093 1098 In
2126 1045 2330 1115 primis
2378 1045 2525 1097 dicat
2582 1046 2869 1098 Psalmum
2926 1045 3285 1113 trigesimum
3345 1045 3655 1115 septimum

1958 1139 2165 1202 totum,
2200 1135 2439 1188 Domine
2470 1151 2541 1187 ne
2590 1136 2647 1187 in
2691 1136 2882 1188 furore
2932 1141 3075 1187 tuo:
3128 1142 3183 1187 et
3238 1141 3431 1203 postea
3472 1136 3649 1200 dit‘tlt;

1958 1224 2489 1289 Oremus,etcantel
2512 1224 2800 1277 Psalmum
2837 1222 2927 1277 Cll
2955 1239 2966 1276 :
2997 1223 3257 1287 Benedic,
3294 1223 3481 1275 anima
3505 1241 3653 1283 mea,

1959 1313 2240 1379 Domino;
2290 1318 2346 1365 et
2377 1312 2582 1365 iterum
2641 1313 2812 1379 dicat,
2868 1312 3125 1367 Oremus.
3174 1317 3226 1362 et
3270 1316 3457 1364 cantet
3506 1313 3656 1364 Psal-

1959 1418 2115 1454 mum
2155 1403 2192 1454 L
2228 1418 2239 1453 :
2275 1401 2536 1453 Miserere
2570 1402 2702 1463 mei,
2743 1402 2907 1453 Deus.
2958 1402 3090 1453 Post
3123 1400 3238 1452 har,-
3271 1404 3459 1452 cantet
3497 1401 3649 1452 Psal-

1961 1502 2120 1539 mum
2155 1486 2271 1539 Llll
2305 1502 2316 1537 :
2357 1487 2522 1547 Deus,
2560 1487 2614 1537 in
2648 1485 2882 1538 nomine
2926 1492 3056 1549 tuo;
3102 1492 3155 1537 et
3186 1486 3354 1547 dicat,
3390 1486 3652 1549 Oremus,

1958 1579 2015 1628 et
2045 1578 2234 1627 cantet
2267 1573 2551 1625 Psalmum
2590 1574 2650 1626 LI
2680 1590 2691 1625 :
2731 1574 2872 1636 Quid
2914 1572 3175 1642 gloriaris
3205 1573 3260 1625 iu
3290 1573 3525 1626 malitia.

2225 1664 2368 1715 Tunc
2397 1662 2544 1715 dicat
2576 1663 2672 1715 has
2693 1662 3068 1728 subsequenles
3099 1666 3383 1715 orationes.

2034 1751 2180 1803 Deus
2225 1751 2385 1820 cujus
2446 1749 2804 1818 indulgentia
2869 1766 3037 1802 nemo
3088 1765 3200 1801 nou
3250 1749 3493 1818 indiget,
3537 1764 3654 1802 me-

1958 1843 2155 1891 mento
2186 1839 2385 1891 famuli
2412 1840 2495 1892 tui
2529 1840 2592 1892 N.
2627 1838 2727 1908 qui
2758 1838 2979 1891 lubrica
3009 1838 3221 1889 terreni
3258 1836 3515 1906 corporis
3544 1837 3655 1889 fra-

1958 1927 2177 1997 gilitate
2200 1927 2446 1980 nudatus
2467 1932 2569 1991 est,
2598 1943 2949 1995 quasumus,
2978 1926 3049 1979 da
3074 1926 3297 1978 veniam
3329 1925 3650 1986 confitenti,

1958 2030 2127 2085 parce
2166 2015 2432 2084 supplici,
2479 2020 2542 2067 ut
2601 2014 2700 2084 qui
2759 2014 2874 2065 suis
2919 2013 3138 2065 meritis
3186 2020 3498 2074 accusatur,
3551 2017 3652 2067 tua

1959 2101 2323 2155 miseratione
2358 2104 2618 2155 salvetur.
2656 2103 2760 2154 Per
2791 2100 3117 2154 Dominum.

2034 2190 2272 2244 Domine
2304 2194 2517 2255 sancte,
2576 2190 2762 2254 Pater,
2810 2188 3170 2257 omnipotens
3217 2192 3429 2241 aterne
3482 2189 3649 2255 Deus,

1960 2277 2061 2348 qui
2118 2294 2221 2348 per
2269 2280 2463 2332 Jesum
2520 2278 2805 2333 Christum
2861 2277 3064 2331 Filium
3120 2281 3281 2329 tuum
3344 2276 3652 2330 Dominum

1959 2368 2217 2417 nostrum
2249 2365 2483 2417 vulnera
2516 2366 2712 2416 nostra
2743 2378 2941 2415 curare
2970 2361 3238 2429 dignatus
3286 2376 3363 2426 es,
3410 2366 3466 2413 te
3516 2377 3650 2431 sup-

1959 2451 2134 2522 plices
2163 2468 2448 2521 rogamus,
2469 2456 2524 2504 et
2549 2451 2816 2521 petimus,
2840 2456 2901 2502 ut
2925 2449 3189 2518 precibus
3217 2448 3424 2502 nostris
3454 2465 3653 2503 aurem

1961 2545 2072 2594 tua
2102 2540 2332 2610 pietatis
2380 2539 2654 2593 inclinare
2704 2537 2981 2607 digneris,
3035 2538 3134 2608 qui
3179 2537 3349 2590 etiam
3410 2537 3656 2591 remittis

1962 2629 2157 2684 omnia
2186 2629 2447 2695 crimina,
2483 2634 2535 2681 et
2591 2632 2821 2697 peccata
2860 2626 3125 2679 universa
3163 2625 3465 2688 condonas,
3528 2626 3654 2679 des-

1961 2734 2072 2789 que
2106 2718 2237 2771 huic
2267 2716 2483 2770 famulo
2514 2722 2636 2781 tuo,
2663 2715 2928 2781 Domine,
2952 2731 3054 2785 pro
3082 2713 3374 2783 suppliciis
3404 2715 3652 2780 veniam,

1962 2822 2063 2877 pro
2104 2817 2347 2858 maerore
2400 2804 2676 2870 latitiam,
2736 2820 2839 2873 pro
2888 2809 3073 2858 morte
3116 2802 3312 2867 vitam,
3345 2805 3417 2854 ut
3458 2802 3528 2855 de
3558 2806 3655 2854 tua

1964 2893 2353 2949 misericordia
2384 2892 2700 2956 confidens,
2757 2891 3052 2962 pervenire
3102 2906 3427 2943 mereamur
3475 2889 3544 2943 ad
3581 2890 3657 2942 vi-

150 2984 318 3047 ratio,
380 2982 758 3036 inconstantia
827 2980 1149 3047 oculorum,
1218 2981 1304 3035 vel
1370 2981 1547 3033 totius
1596 2980 1852 3047 corporis
1886 2977 1926 3032 C
1966 2986 2078 3037 tam
2105 2988 2399 3036 aternam.
2426 2982 2532 3034 Per
2561 2980 2829 3033 eumdem
2866 2980 3191 3032 Dominum.

150 3071 551 3143 pracipitatio,
615 3087 775 3124 amor
828 3070 1243 3123 immoderatus
1288 3070 1398 3134 sui,
1448 3068 1644 3123 odium
1688 3083 1851 3120 man-

152 3162 423 3215 datorum
481 3160 601 3223 Dei,
651 3158 887 3213 affectus
940 3159 1240 3228 prasentis
1293 3158 1508 3223 saeculi,
1561 3156 1765 3209 horror
1799 3161 1855 3209 et

152 3248 474 3319 desperatio
501 3248 700 3302 futuri.

224 3336 357 3392 CAP.
383 3337 502 3390 VII.
530 3367 594 3375 —
616 3338 751 3390 Item
774 3335 840 3388 de
860 3334 1155 3389 virtutibus
1172 3336 1367 3405 quibus
1397 3334 1581 3389 eadem
1607 3336 1747 3387 vitia
1767 3348 1855 3387 su-

312 3427 504 3494 perari
529 3426 764 3493 possint,
795 3428 850 3477 et
882 3423 947 3477 de
978 3424 1311 3477 conclusione
1338 3424 1689 3492 paenitentia.

228 3514 377 3582 Ergo
440 3513 486 3565 si
554 3512 834 3582 superbus
896 3527 1075 3581 usque
1142 3512 1313 3566 modo
1370 3511 1550 3575 fuisti,
1615 3508 1856 3562 humilia

152 3601 409 3671 teipsum
440 3600 497 3653 in
549 3604 855 3669 conspectu
910 3599 1023 3652 Dei.
1088 3599 1145 3653 Si
1186 3615 1389 3652 vanam
1426 3596 1665 3667 gloriam
1720 3596 1855 3651 dile-

152 3689 314 3754 xisti,
347 3689 533 3759 cogita
565 3704 637 3742 ne
667 3693 908 3758 propter
948 3688 1330 3741 transitoriam
1382 3687 1632 3746 laudem,
1683 3689 1856 3738 ater-

152 3792 295 3831 nam
321 3777 523 3846 perdas
557 3777 895 3831 mercedem.
921 3776 979 3830 Si
1002 3776 1233 3829 invidia
1255 3775 1457 3845 rubigo
1478 3779 1535 3828 te
1561 3774 1857 3842 hucusque

154 3866 537 3935 consumpsit,
572 3866 725 3936 quod
758 3871 845 3920 est
872 3870 1165 3936 peccatum
1199 3863 1536 3928 maximum,
1588 3867 1645 3915 et
1685 3877 1859 3931 super

156 3954 359 4008 omnia
386 3954 716 4009 detestabile
751 3971 763 4008 :
799 3953 935 4025 quia
964 3954 1192 4007 diabolo
1215 3957 1584 4023 comparatur
1608 3950 1855 4016 invidus,

158 4042 267 4113 qui
319 4042 506 4111 primo
552 4043 772 4096 homini
834 4041 1039 4095 invidit
1096 4042 1314 4109 datum,
1378 4041 1534 4112 quod
1586 4039 1707 4110 ipse
1758 4056 1861 4108 per

156 4145 326 4183 suam
355 4131 582 4200 culpam
610 4131 960 4199 perdiderat,
1017 4146 1123 4200 age
1154 4130 1574 4199 panitentiam,
1624 4133 1680 4181 et
1726 4144 1859 4196 pro-

155 4218 651 4308 fectumgaliorum
686 4224 850 4308 tuum
876 4219 1105 4308 deputa.
1159 4218 1215 4272 Si
1248 4218 1477 4271 tristitia
1508 4222 1562 4270 te
1603 4222 1855 4286 superat,
1886 4255 1929 4308 Ι)

154 4304 501 4376 patientiam
534 4312 589 4360 et
616 4306 1117 4377 longanimitatem
1150 4307 1450 4360 meditare.
1497 4306 1553 4361 Si
1606 4306 1857 4359 avaritia

158 4393 398 4448 morbus
444 4399 498 4447 te
546 4402 766 4465 gravat,
809 4394 994 4465 cogita
1070 4396 1204 4465 quia
1245 4395 1407 4449 radix
1464 4399 1548 4448 est
1594 4393 1854 4448 omnium

155 4483 470 4551 malorum,
505 4490 561 4537 et
592 4484 932 4537 idololatria
959 4488 1345 4553 comparatur,
1375 4488 1431 4537 et
1459 4484 1589 4537 ideo
1629 4483 1857 4551 largum

152 4579 214 4627 te
254 4586 376 4623 esse
407 4576 647 4640 oportet.
683 4571 741 4625 Si
779 4571 866 4623 ira
912 4576 967 4624 te
1016 4577 1196 4633 vexat,
1250 4588 1379 4642 qua
1430 4571 1490 4624 in
1553 4572 1859 4624 stultorum

152 4662 296 4714 sinu
330 4659 653 4728 requiescit,
688 4659 971 4712 dominari
1007 4660 1179 4713 debes
1208 4662 1403 4713 animo
1435 4664 1555 4723 tuo,
1607 4664 1662 4712 et
1714 4660 1860 4713 hanc

156 4764 191 4800 a
226 4752 285 4798 te
314 4745 518 4797 mentis
557 4746 970 4814 tranquillitate
1023 4746 1177 4815 fuga.
1224 4745 1283 4800 Si
1334 4745 1547 4798 ventris
1578 4745 1860 4814 ingluvies

154 4840 216 4888 te
251 4833 320 4885 ad
356 4833 741 4887 devorandum
772 4834 1074 4903 pertrahit,
1120 4834 1487 4888 sobrietatem
1532 4839 1762 4887 sectare.
1804 4834 1861 4888 Si

158 4920 431 4985 luxuria,
465 4922 783 4975 castitatem
816 4939 974 4976 vove.

236 5010 396 5061 Tunc
442 5015 767 5078 prosternat
813 5027 870 5063 se
913 5010 1199 5080 pauitans
1248 5010 1305 5064 in
1354 5015 1587 5077 terram,
1638 5014 1859 5063 etcum

160 5096 436 5165 lacrymis
483 5097 634 5151 dicat
689 5099 799 5151 :Et
842 5098 899 5151 in
949 5098 1055 5165 his,
1108 5102 1163 5151 et
1209 5098 1270 5150 in
1336 5098 1461 5151 aliis
1508 5097 1679 5163 vitiis,
1731 5098 1864 5167 qui-

163 5186 506 5254 buscumque
536 5186 789 5239 humana
815 5186 1095 5256 fragilitas
1145 5191 1345 5239 contra
1396 5187 1575 5240 Deum
1619 5190 1672 5239 et
1716 5202 1865 5239 crea-

162 5282 354 5327 torem
384 5289 573 5339 suum,
598 5279 698 5327 aut
722 5274 1048 5344 cogitando,
1082 5279 1179 5326 aut
1228 5274 1535 5344 loquendo,
1579 5278 1678 5327 aut
1723 5290 1865 5344 ope-

162 5360 375 5425 rando,
430 5366 529 5413 ant
585 5362 937 5429 delectando,
988 5366 1085 5415 aut
1143 5362 1595 5430 concupiscendo
1633 5378 1865 5433 peccare

164 5453 379 5517 potest,
413 5448 470 5503 in
502 5450 774 5505 omnibus
804 5468 892 5504 me
922 5466 1201 5522 peccasse,
1222 5454 1277 5503 et
1296 5466 1453 5504 reum
1477 5451 1534 5502 in
1562 5456 1864 5519 conspectu

171 5537 275 5588 Dei
311 5552 484 5605 super
514 5553 714 5590 omnes
748 5540 1006 5592 homines
1030 5554 1150 5591 esse
1168 5544 1539 5607 cognosco,et
1569 5540 1863 5592 confiteor.

2034 3070 2407 3140 Omnipotens
2438 3075 2493 3122 et
2546 3069 2869 3121 misericors
2917 3069 3086 3132 Deus,
3143 3066 3243 3136 qui
3295 3071 3652 3135 peccatorum

1962 3156 2402 3227 indulgentiam,
2438 3156 2495 3208 in
2512 3155 2866 3208 confessione
2899 3156 3070 3207 celeri
3096 3154 3353 3223 posuisti,
3389 3170 3655 3206 succurre

1965 3245 2156 3316 lapsis,
2210 3246 2479 3298 miserere
2536 3243 2825 3309 confessis,
2878 3248 2939 3296 ut
2967 3259 3109 3313 quos
3162 3242 3499 3295 dilectorum
3556 3258 3649 3294 ca-

1965 3341 2099 3387 tena
2154 3333 2514 3403 constringit,
2570 3332 2907 3401 magnitudo
2946 3335 3061 3384 tua
3099 3330 3326 3400 pietatis
3375 3330 3653 3382 absolvat.

1966 3424 2090 3476 Per.

2038 3513 2257 3575 Precor,
2305 3510 2561 3573 Domine,
2612 3508 2931 3562 clementia
2976 3514 3032 3560 et
3091 3507 3491 3561 misericordia
3548 3513 3657 3562 tua

1967 3599 2342 3665 m'ajestatem,
2376 3603 2438 3650 ut
2464 3597 2679 3651 famulo
2709 3601 2807 3648 tuo
2842 3598 2905 3650 N.
2939 3602 3168 3665 peccata
3197 3601 3253 3649 et
3283 3597 3534 3650 facinora
3557 3614 3655 3650 sua

1966 3686 2281 3749 confitenti,
2366 3686 2557 3739 debita
2632 3685 2903 3747 relaxare,
2982 3689 3038 3736 et
3090 3684 3316 3736 veniam
3386 3690 3656 3751 prastare

1967 3774 2239 3845 digneris,
2273 3780 2329 3827 et
2350 3772 2772 3842 prateritorum
2793 3771 3308 3839 criminumculpas
3332 3774 3655 3839 indulgeas,

1968 3865 2067 3934 qui
2098 3862 2351 3915 humeris
2393 3862 2505 3914 tuis
2536 3876 2699 3912 ovem
2751 3860 3029 3928 perditam
3074 3860 3371 3921 reduxisti,
3423 3861 3518 3929 qui
3554 3876 3655 3928 pu-

1971 3951 2179 4006 blicani
2204 3950 2468 4019 precibus
2498 3954 2555 4001 et
2583 3947 2933 4001 confessione
2967 3949 3221 4018 placatus
3252 3965 3311 4001 es
3346 3965 3357 4000 :
3392 3953 3453 4000 tu
3486 3947 3657 4001 etiam

1974 4039 2208 4094 Domine
2240 4039 2372 4091 huic
2430 4037 2646 4090 famulo
2687 4040 2786 4089 tuo
2813 4038 3068 4107 placatus
3112 4052 3234 4090 esse
3279 4037 3551 4105 digneris,
3600 4041 3655 4088 tu

1970 4130 2139 4199 hujus
2182 4127 2445 4197 precibus
2502 4125 2789 4194 benignus
2837 4124 3042 4199 aspira,
3096 4132 3157 4178 ut
3205 4125 3264 4177 in
3309 4125 3658 4177 confessione

1969 4215 2263 4287 placabilis
2294 4220 2646 4283 permaneat,
2696 4198 3026 4282 ﬂetusiejus
3073 4217 3128 4266 et
3175 4213 3397 4282 petitio,
3452 4228 3659 4282 perpe—

1968 4312 2122 4359 tuam
2169 4303 2529 4356 clementiam
2591 4308 2748 4356 tuam
2801 4303 3029 4355 cleriter
3088 4307 3300 4365 exoret,
3338 4302 3657 4369 sanctisque

1966 4393 2242 4447 altaribus
2273 4394 2589 4457 restitutus,
2622 4391 2741 4460 spei
2792 4406 3019 4443 rursum
3054 4393 3283 4443 aterna
3334 4407 3395 4441 ac
3446 4387 3657 4442 calesti

1967 4482 2163 4553 gloria
2192 4479 2567 4549 mancipatur.
2605 4478 2710 4541 Qui
2742 4478 2885 4531 vivis
2919 4485 2973 4531 et
3004 4493 3229 4548 regnas.

2566 4568 2773 4622 Deinde
2800 4567 3055 4636 adjunge.
3284 4626 3290 4633 ἡ

2043 4659 2187 4711 Deus
2227 4655 2592 4725 omnipotens
2624 4655 2699 4708 sit
2726 4655 2954 4724 adjutor
2984 4659 3040 4706 et
3085 4658 3374 4722 protector
3413 4657 3561 4709 tuus,
3608 4656 3662 4703 et

1966 4750 2196 4816 praestet
2242 4744 2662 4813 indulgentiam
2736 4741 2803 4795 de
2854 4741 3097 4811 peccatis
3138 4740 3271 4798 tuis,
3336 4738 3658 4808 praeteritis,

1968 4833 2368 4904 praseutibus,
2404 4837 2459 4885 et
2487 4830 2714 4885 futuris.
2749 4834 2948 4882 Amen.

2166 4923 2292 4975 Car.
2327 4920 2465 4973 VIII.
2501 4950 2568 4957 —
2602 4917 2829 4973 Salubre
2858 4916 3165 4970 antidotum
3196 4914 3501 4967 animabus.

2042 5011 2158 5079 (Ea:
2188 5010 2407 5076 scriptis
2424 5001 2714 5075 'Propheta
2753 5012 2802 5059 et
2847 5007 3072 5072 Gregor.
3129 5006 3384 5068 Hierony.
3420 5005 3664 5071 August-

1970 5099 2109 5153 etde
2144 5098 2318 5151 tribus
2351 5095 2823 5150 Panitentialibus
2871 5095 3187 5162 collectum.)
3235 5091 3522 5145 Institutio
3567 5091 3663 5143 illa

1972 5185 2295 5257 quatiebat
2333 5184 2391 5236 in
2423 5183 2622 5237 diebus
2674 5188 2901 5252 patrum
2950 5185 3275 5234 nostrorum
3329 5184 3507 5232 rectas
3548 5178 3663 5229 vias

1976 5289 2271 5343 nunquam
2333 5272 2602 5337 deseruit,
2662 5271 2762 5340 qui
2822 5270 3194 5322 instituerunt
3252 5265 3664 5336 paenitentibus

1976 5368 2147 5432 atque
2197 5360 2526 5431 lugentibus
2597 5375 2726 5412 suas
2788 5357 3077 5427 passiones
3116 5373 3178 5410 ac
3227 5356 3363 5408 vitia
3422 5353 3665 5407 medica-

1980 5456 2168 5503 mento
2199 5449 2394 5502 salutis
2426 5453 2655 5501 aterna
2694 5462 2981 5515 superare.
3015 5445 3159 5508 Quia
3206 5444 3499 5497 diversitas
3544 5441 3663 5493 eul-

1979 5554 2200 5608 parum,
2246 5537 2629 5589 diversitatem
2667 5536 2796 5588 facit
2834 5534 3240 5604 paenitentibus
3286 5533 3666 5586 medicamen-
