4014 6200
339 229 440 281 979

1409 221 1813 278 BURCHABDI
1852 217 2388 275 WOBMACIENSIS
2427 217 2765 274 EPISCOPI.

3741 221 3846 271 980

337 356 560 419 torum;
629 349 785 404 V911“
837 347 1042 404 Πιθάίοί
1117 362 1424 419 corporum
1486 345 1709 400 diversa
1777 344 2024 399 medica'
2055 345 2102 398 Α
2144 361 2459 432 eademque
2507 358 2652 414 libra
2697 359 3056 430 pensandum
3113 362 3218 426 est,
3270 359 3403 414 licet
3451 359 3512 413 in
3562 376 3682 413 uno
3715 375 3850 412 con-

339 446 552 508 menta,
582 440 668 494 vel
694 439 958 510 potiones
1003 436 1188 490 solent
1218 437 1423 502 facere,
1477 439 1674 488 contra
1729 433 2033 488 diversita-

339 541 454 588 tem
487 532 909 587 inﬁrmitatum.
949 529 1048 581 Vel
1086 525 1308 597 judices
1339 523 1701 577 saecularium
1732 536 2034 576 causarum

342 626 565 680 diversa
594 627 771 693 agunt
795 617 1031 691 judicia,
1061 615 1161 686 qui
1191 613 1328 668 boni
1370 617 1520 680 sunt,
1580 617 1636 666 et
1686 618 1841 666 recta
1892 625 2032 681 pen-

341 716 487 778 sant,
518 715 689 780 atque
718 710 962 762 tractant
1015 702 1305 774 quomodo
1348 700 1627 770 judicent,
1683 703 1833 752 recte
1885 697 2038 750 inter

343 801 582 854 miseros
610 803 666 852 et
695 796 916 861 divites,
949 793 1102 847 inter
1131 806 1383 855 causam,
1415 794 1471 842 et
1500 803 1729 841 causam
1761 803 1776 840 :
1813 785 2036 849 Quanto

345 889 525 958 magis
581 886 760 957 igitur
812 881 1132 936 sacerdotes
1199 877 1300 932 Dei
1353 877 1572 930 diversa
1620 873 2038 928 medicamenta

344 978 667 1032 animarum
698 969 1070 1027 invisibilium
1093 965 1421 1021 hominibus
1449 979 1690 1034 pensare
1711 967 1768 1016 et
1797 966 2036 1014 tractare

345 1070 588 1136 oportet,
621 1079 691 1116 ne
721 1078 824 1132 per
855 1060 1093 1113 stultum
1125 1054 1413 1109 medicum
1446 1053 1683 1105 vulnera
1712 1050 2037 1104 animarum

342 1157 691 1228 putrescant,
725 1156 782 1205 et
805 1151 999 1220 pejora
1042 1148 1205 1211 fiant,
1240 1144 1523 1213 Propheta
1555 1141 1775 1228 dicente
1803 1156 1815 1192 :
1869 1138 2038 1192 Com-

345 1246 694 1315 putrnerunt
719 1240 1007 1294 cicatrices
1037 1251 1201 1302 meat,
1235 1250 1266 1286 a
1296 1231 1438 1286 facie
1485 1227 1833 1299 insipientiaa
1875 1242 2035 1280 meas.

346 1334 390 1388 Ο
422 1333 594 1386 stulte
625 1329 867 1392 medice,
892 1323 1292 1394 nolidecipere
1317 1319 1566 1374 animam
1594 1323 1754 1371 tuam
1786 1321 1842 1369 et
1863 1315 2036 1380 illius,

345 1439 416 1476 ne
446 1421 734 1490 duplicem
759 1432 984 1488 poenam
999 1413 1264 1480 accipias,
1284 1410 1373 1463 vel
1397 1407 1742 1477 septuplam,
1774 1405 1860 1457 vel
1881 1403 2038 1456 .mil-

344 1513 556 1566 lenam.
589 1509 736 1563 Audi
787 1505 1078 1562 Christum
1129 1501 1454 1554 dicentem:
1490 1495 1546 1549 Si
1605 1510 1784 1548 caecus
1828 1508 2038 1546 caecum

347 1599 590 1661 duxerit,
617 1596 784 1650 ambo
813 1595 871 1648 in
897 1593 1119 1648 foveam
1139 1589 1367 1643 cadunt.
1394 1587 1458 1640 Et
1478 1584 1526 1637 si
1553 1588 1616 1637 tu
1645 1582 1857 1652 cogitas
1882 1580 2036 1650 judi-

347 1688 498 1742 cium
531 1701 745 1748 meum,
779 1684 922 1735 alter
949 1681 1122 1734 homo
1161 1693 1279 1730 non
1307 1675 1485 1740 audit,
1520 1688 1706 1742 neque
1751 1670 1903 1724 videt
1944 1669 2043 1739 qui

349 1773 672 1845 mejudicet
704 1788 716 1825 :
749 1788 780 1824 o
812 1765 1216 1836 nonintelligis
1231 1764 1385 1836 quod
1405 1764 1551 1816 Deus
1572 1759 1963 1832 judexjustus,
1989 1763 2046 1812 et

347 1862 534 1929 fortis,
571 1861 718 1914 videt
750 1866 806 1912 et
845 1856 1024 1919 audit,
1065 1860 1124 1909 et
1153 1854 1210 1907 in
1261 1853 1448 1922 palam
1482 1848 1813 1903 abscondita
1865 1847 2042 1900 dedu-

352 1955 459 2015 cet,
509 1955 566 2003 et
605 1948 804 2002 reddet
855 1943 1166 2014 unicuique
1224 1939 1535 1994 secundum
1569 1952 1744 2007 opera
1782 1936 1926 1990 sua?
1979 1935 2046 1988 Et

353 2040 493 2092 Item
527 2053 541 2091 :
576 2037 714 2089 Vere
749 2038 884 2088 sunt
913 2030 1198 2098 nonnulli,
1232 2043 1516 2083 caecorum
1544 2042 1752 2079 canum
1776 2023 2044 2078 similitu-

349 2127 540 2181 dinem
571 2122 926 2188 habentium,
959 2119 1319 2174 currentium
1359 2117 1432 2170 ad
1462 2115 1738 2169 cadavera
1780 2122 2044 2166 mortuo-

353 2230 502 2278 rum,
537 2213 625 2266 vel
656 2210 1092 2266 similitudinem
1116 2220 1417 2261 corvorum
1450 2202 1789 2267 volantium,
1822 2200 1922 2272 qui
1975 2199 2046 2254 ad

352 2301 730 2358 sacerdotium
767 2299 1110 2362 evehuntur,
1142 2311 1260 2349 non
1290 2297 1525 2364 propter
1553 2293 1756 2356 Deum,
1792 2289 1886 2343 sed
1917 2290 2048 2359 plus

353 2398 588 2466 propter
618 2393 899 2446 honorem
922 2395 1218 2442 terrenum
1250 2383 1556 2448 inhiantes,
1575 2381 1708 2436 caaci
1737 2380 1928 2434 divina
1958 2397 2046 2433 sa-

355 2481 588 2554 pientia.
624 2481 700 2533 De
730 2479 940 2532 talibus
973 2476 1117 2530 dixit
1145 2472 1449 2544 Gregorius
1481 2471 1874 2528 Nazianzenus
1908 2485 1920 2522 :
1955 2469 2046 2522 Ti-

355 2586 482 2624 meo
512 2570 640 2635 hoc,
671 2568 824 2639 quod
858 2581 1025 2619 canes
1053 2567 1405 2617 assectantur
1437 2559 1694 2614 officium
1723 2558 2004 2629 pastorale
2030 2574 2042 2612 :

353 2658 599 2713 maxime
633 2671 763 2709 cum
809 2651 1130 2723 semetipsis
1182 2649 1324 2704 nihil
1366 2647 1825 2719 prteparaverint
1879 2645 2045 2700 disci-

351 2746 541 2818 plinas.
573 2743 830 2798 Ezechiel
863 2757 1110 2811 namque
1160 2738 1282 2792 ait:
1327 2738 1420 2791 Va;
1467 2735 1790 2816 pastoribus
1849 2735 2044 2800 Israel,

353 2835 454 2906 qui
484 2833 789 2904 pascebant
819 2829 1173 2900 semetipsos,
1205 2831 1261 2880 et
1290 2842 1405 2880 non
1435 2841 1690 2896 gregem.
1735 2825 1840 2878 Lac
1886 2823 2045 2878 bibe-

2145 449 2505 519 stringantur
2528 447 2688 515 vitio,
2724 447 2820 502 sed
2877 447 3141 501 discretio
3173 447 3245 500 sit
3278 447 3429 502 inter
3469 447 3848 517 unumquod-

2145 555 2256 609 que
2289 553 2510 603 eorum,
2541 536 2648 590 hoc
2692 540 2778 590 est
2824 536 2977 589 inter
3021 535 3255 589 divitem
3303 542 3362 590 et
3391 552 3735 606 pauperem,
3768 535 3851 588 in-

2144 632 2230 679 ter
2254 627 2496 680 liberum
2529 631 2584 678 et
2613 640 2860 684 servum.
2908 624 3210 692 infantem,
3241 640 3509 695 puerum,
3547 624 3851 693 juvenem,

2145 716 2588 781 adolescentem,
2623 721 2783 767 astuto
2821 729 3035 779 senem,
3085 713 3369 780 hebetem,
3421 713 3716 782 ignarum,
3753 713 3857 764 lai-

2146 820 2299 872 cum,
2346 802 2636 869 clericum,
2711 803 3080 869 monachum,
3141 801 3494 872 episcopum,
3548 801 3854 872 presbyteo

2146 909 2300 958 rum,
2328 891 2650 957 diaconum,
2703 889 3137 956 subdiaconum,
3193 890 3484 955 lectorem,
3534 891 3591 943 in
3645 889 3848 959 gradu,

2144 982 2231 1035 vel
2263 980 2384 1034 sine
2415 979 2614 1048 gradu,
2648 979 3040 1048 conjugatum,
3075 979 3163 1031 vel
3190 979 3310 1032 sine
3351 978 3649 1048 conjugio,
3689 994 3850 1047 pere-

2148 1070 2402 1139 grinum,
2432 1067 2784 1137 indigenam,
2831 1067 3132 1137 virginem,
3187 1067 3434 1132 viduam,
3486 1066 3846 1130 canonicam,

2149 1157 2508 1222 monacham,
2543 1155 2808 1221 debilem,
2841 1154 3158 1216 inﬁrmum,
3209 1171 3433 1220 sanum,
3467 1154 3848 1209 fornicantem

2149 1263 2279 1300 cum
2339 1244 2703 1308 animalibus,
2756 1244 2841 1296 vel
2875 1258 3004 1295 cum
3063 1242 3396 1296 hominibus
3443 1249 3653 1296 contra
3701 1250 3847 1297 natu-

2151 1351 2294 1399 ram,
2329 1333 2742 1399 continentem,
2771 1331 2859 1384 vel
2901 1331 3371 1397 incontinentem,
3405 1332 3729 1395 voluntate,
3761 1349 3850 1385 ne-

2150 1423 2433 1487 cessitate,
2463 1421 2550 1475 vel
2583 1437 2736 1487 casu,
2771 1437 2868 1474 seu
2899 1420 2957 1473 in
3003 1420 3233 1489 publico
3265 1425 3620 1489 peccantem,
3659 1421 3751 1474 vel
3794 1422 3851 1475 in

2150 1510 2498 1577 abscondito,
2524 1514 2582 1563 et
2611 1509 2764 1578 quali
2799 1508 3238 1578 compunctione
3271 1509 3390 1561 haec
3420 1509 3624 1561 omnia
3660 1525 3854 1563 emen-

2151 1597 2263 1663 det,
2300 1601 2364 1650 ut
2389 1600 2444 1648 et
2474 1596 2618 1660 loca,
2651 1600 2707 1649 et
2734 1599 2999 1665 tempora
3018 1595 3334 1665 paenitendi
3365 1595 3678 1649 discernat.

2225 1687 2354 1739 Hinc
2401 1684 2595 1738 omnia
2641 1684 2709 1738 de
2759 1684 3090 1751 canonibus,
3148 1688 3201 1737 et
3253 1684 3323 1738 de
3366 1690 3708 1738 sanctorum
3752 1687 3854 1738 Pa-

2152 1779 2306 1828 trum
2353 1773 2669 1839 sententiis,
2720 1777 2776 1825 et
2823 1772 2892 1825 de
2952 1771 3316 1841 Hieronymo,
3383 1772 3452 1825 de
3501 1774 3852 1842 Augustino,

2154 1861 2450 1932 Gregorio,
2479 1861 2798 1926 Theodoro,
2835 1860 3003 1926 Beda,
3039 1864 3094 1914 et
3119 1876 3187 1914 ex
3217 1859 3604 1914 Pmnitentiali
3639 1862 3854 1916 Roma-

2154 1967 2229 2004 no
2267 1966 2400 2004 vera
2445 1949 2784 2020 collegimus
2817 1965 2831 2002 :
2874 1953 2932 2002 et
2968 1953 3031 2002 ut
3072 1949 3218 2002 nulli
3254 1965 3482 2003 necesse
3523 1950 3599 2002 sit
3643 1950 3849 2020 perire,

2154 2038 2464 2092 scientibus
2509 2041 2564 2092 et
2588 2036 3044 2107 intelligentibns
3083 2037 3408 2091 animarum
3441 2038 3704 2105 medicis,
3740 2040 3855 2093 haec

2154 2127 2526 2198 temperanda
2567 2125 2996 2179 committimus.
3031 2125 3097 2178 In
3133 2126 3263 2180 Jesu
3307 2126 3426 2180 tilio
3476 2126 3680 2180 Sirach
3713 2127 3854 2180 dici-

2154 2220 2289 2270 tur:
2330 2216 2394 2268 In
2431 2213 2742 2285 judicando
2784 2218 2903 2267 esto
2951 2213 3294 2281 misericors,
3344 2215 3582 2285 pupillis
3638 2221 3708 2269 ut
3755 2232 3855 2285 pa-

2154 2308 2260 2358 ter.
2302 2304 2446 2357 Item
2479 2307 2706 2356 sanctus
2744 2301 2988 2356 Jacobus
3029 2301 3108 2355 ait
3140 2318 3152 2356 :
3199 2300 3487 2356 Judicium
3520 2303 3649 2358 sine
3699 2305 3859 2358 mise-

2155 2390 2405 2444 ricordia
2447 2390 2557 2444 erit
2591 2390 2674 2443 illi
2713 2389 2811 2460 qui
2862 2405 2979 2442 non
3025 2389 3162 2443 facit
3213 2389 3671 2446 misericordiam
3707 2409 3722 2446 :
3769 2410 3858 2446 su-

2156 2480 2467 2550 perexaltet
2504 2483 2695 2532 autem
2739 2478 3133 2532 misericordia
3166 2478 3471 2548 judicium.
3507 2481 3579 2534 Et
3626 2488 3860 2535 sanctus

2156 2567 2511 2638 Augustinus
2538 2567 2693 2634 dicit,
2727 2567 2796 2620 de
2827 2566 2937 2619 illis
2969 2566 3068 2636 qui
3095 2582 3288 2620 veram
3333 2568 3750 2636 paenitentiam
3785 2572 3858 2623 fa-

2157 2655 2334 2723 ciunt,
2367 2655 2424 2708 in
2450 2653 2772 2724 jejunio,et
2799 2654 2958 2719 ﬂetu,
2980 2654 3036 2707 in
3062 2654 3463 2726 eleemosynis,
3489 2655 3552 2708 in
3575 2658 3858 2710 orationi-

2157 2745 2282 2811 bus,
2317 2748 2461 2798 etut
2493 2748 2819 2813 perpetrata
2844 2743 3051 2796 iterum
3083 2759 3200 2795 non
3233 2742 3442 2797 faciant
3472 2760 3485 2796 :
3516 2751 3577 2798 et
3616 2746 3667 2798 si
3709 2746 3860 2799 fece-

2156 2832 2293 2898 rint,
2326 2837 2521 2885 tamen
2550 2847 2670 2886 non
2695 2835 3063 2902 perseverant
3092 2831 3154 2883 in
3175 2830 3277 2884 eis.
3315 2831 3460 2896 Quia
3492 2833 3648 2886 Deus
3682 2834 3857 2887 dicit:

352 2923 514 2989 bant,
545 2927 598 2975 et
632 2921 772 2974 lanis
802 2933 1002 2972 eorum
1031 2915 1454 2987 operiebantur,
1487 2919 1544 2968 et
1584 2913 1740 2984 quod
1794 2927 2047 2966 crassum
2077 2907 2116 2962 C
2157 2922 2362 2976 malum
2413 2919 2674 2990 cogitasti
2707 2936 2720 2974 ε
2775 2919 2992 2990 ignavi,
3044 2918 3251 2973 Malum
3331 2919 3522 2974 dixisti
3557 2938 3572 2974 ε
3632 2922 3857 2991 ignavi,

352 3011 480 3078 fuit,
515 3008 954 3074 manducabant,
1003 3005 1152 3076 quod
1204 3004 1447 3057 fractum
1499 3002 1625 3068 fuit,
1674 3016 1790 3054 non
1843 3001 2045 3071 alliga-

355 3100 514 3166 bant,
550 3104 605 3152 et
629 3097 868 3166 reliqua.
907 3096 1047 3148 item
1083 3092 1336 3146 Ezechiel
1363 3090 1442 3144 ait
1469 3106 1482 3144 :
1513 3091 1604 3143 Va!
1633 3089 2043 3156 sacerdotibus,

356 3187 456 3257 qui
482 3185 792 3239 comedunt
819 3187 1050 3253 peccata
1071 3179 1272 3250 populi
1303 3178 1436 3244 mei,
1472 3179 1576 3231 hoc
1603 3183 1688 3231 est
1712 3177 1819 3230 sibi
1846 3193 2046 3230 eorum

357 3278 651 3328 sumentes
681 3271 958 3336 victimas,
1013 3274 1069 3322 et
1101 3283 1218 3321 non
1248 3269 1477 3320 orantes
1524 3281 1629 3335 pro
1678 3265 1761 3318 eis
1795 3281 1806 3318 :
1856 3281 2046 3319 come-

357 3362 552 3416 dentes
582 3360 816 3426 hostias,
847 3361 904 3412 et
956 3372 1074 3411 non
1105 3355 1510 3425 corripientes;
1543 3353 1642 3424 qui
1674 3353 1776 3410 ubi
1801 3353 2046 3407 moritu-

357 3466 450 3504 ros
479 3449 741 3504 homines
767 3446 1028 3513 audiunt,
1060 3444 1194 3498 inde
1224 3443 1496 3514 gaudent,
1529 3446 1584 3496 et
1612 3447 1940 3512 praeparant
1989 3458 2048 3496 se

356 3539 427 3592 ad
478 3540 731 3609 praedam
787 3535 953 3607 quasi
1010 3532 1164 3588 corvi
1219 3533 1286 3586 ad
1341 3531 1616 3585 cadavera
1655 3535 2044 3585 mortuorum.

358 3629 517 3682 Nunc
563 3642 720 3697 ergo,
773 3642 805 3679 o
835 3624 1054 3691 fratres,
1115 3621 1215 3694 qui
1239 3620 1482 3674 voluerit
1509 3619 1813 3674 sacerdotis
1838 3635 2045 3672 nomen

355 3715 584 3782 habere,
616 3714 677 3767 in
710 3711 908 3784 primis
939 3716 1174 3781 propter
1222 3710 1402 3763 Deum
1432 3707 1660 3777 cogitet,
1691 3710 1754 3759 ut
1775 3705 1956 3758 discat
1983 3721 2049 3759 ea

297 3797 304 3804 ’
356 3819 485 3874 quae
516 3803 570 3856 ei
601 3801 914 3855 necessaria
940 3799 1073 3864 sint,
1111 3801 1418 3867 antequam
1447 3810 1651 3848 manus
1671 3793 1925 3863 episcopi
1955 3809 2046 3846 ca-

354 3896 460 3962 put
488 3892 610 3962 ejus
641 3893 874 3960 tangat:
921 3887 978 3942 ld
1033 3891 1132 3952 est,
1195 3883 1556 3948 Psalterium,
1608 3881 2044 3948 Lectionarium,

355 3995 486 4035 cum
546 3976 880 4048 Evangeliis,
941 3976 1439 4029 Sacramentorum
1483 3970 1718 4036 librum,
1769 3971 2046 4040 Baptista-

356 4069 504 4123 rium
540 4084 552 4122 :
587 4072 643 4121 et
671 4069 1020 4136 computum,
1052 4079 1181 4116 cum
1230 4061 1384 4131 cyclo
1436 4075 1565 4113 cum
1596 4059 2045 4114 commendatio-

2159 3011 2365 3064 Malum
2411 3009 2641 3063 fecisti:
2703 3007 2918 3078 ignovi.
2982 3009 3346 3061 Perseverare
3407 3008 3466 3062 in
3523 3010 3682 3063 malo
3740 3026 3860 3064 non

2156 3097 2413 3167 ignosco.
2449 3099 2596 3167 Ergo
2630 3096 2730 3167 qui
2760 3101 3128 3167 perseverant
3155 3096 3216 3150 in
3247 3097 3418 3163 malo,
3451 3113 3573 3151 non
3601 3098 3857 3168 ignosce,

2157 3186 2257 3240 sed
2284 3185 2476 3256 judica
2519 3185 2840 3239 districtum
2882 3184 3168 3254 judicium
3217 3185 3531 3239 secundum
3585 3202 3856 3252 canones,

2158 3279 2214 3329 et
2235 3277 2390 3343 justa
2423 3274 2686 3328 instituta
2731 3273 3040 3343 majorum,
3084 3278 3151 3326 ut
3205 3273 3395 3328 caeteri
3447 3274 3719 3330 timorem
3748 3276 3854 3330 ha-

2157 3363 2347 3417 beant.

2157 3472 2285 3526 CAP.
2335 3470 2422 3524 IX.
2471 3498 2539 3507 —
2591 3468 2922 3522 Pcem'tentia
2966 3468 3305 3538 illiusranni,
3363 3470 3461 3536 qui
3502 3471 3559 3522 in
3608 3486 3758 3538 pane
3809 3477 3861 3524 et

2263 3556 2409 3609 aqua
2419 3538 2756 3608 jejunandus
2777 3543 2874 3603 est,
2906 3539 3010 3592 isto
3047 3537 3237 3592 ordine
3261 3539 3537 3592 observari
3562 3537 3737 3594 debet.

2230 3631 2341 3698 (Ex
2371 3628 2743 3683 Pamitentiali
2768 3627 3048 3697 Romano.)
3081 3627 3420 3681 Pmuitentia
3468 3628 3637 3681 unius
3694 3632 3856 3694 anni,

2159 3719 2258 3790 qui
2296 3719 2356 3772 in
2381 3733 2529 3788 pane
2559 3721 2615 3770 et
2644 3731 2793 3786 aqua
2817 3716 3172 3786 jejunandus
3203 3722 3306 3780 est,
3339 3716 3470 3770 talis
3500 3732 3621 3770 esse
3644 3717 3857 3772 debet:

2157 3809 2222 3862 In
2267 3821 2617 3877 unaquaque
2665 3804 3024 3858 hebdomada
3072 3810 3186 3858 tres
3228 3804 3367 3870 dies,
3418 3805 3473 3858 id
3512 3809 3597 3858 est
3643 3823 3860 3860 secun—

2158 3896 2287 3951 dam
2312 3894 2534 3961 feriam,
2565 3899 2829 3965 quartam
2857 3893 3080 3959 feriam,
3115 3899 3329 3947 sextam
3358 3893 3560 3947 feriam
3593 3895 3652 3947 in
3707 3911 3859 3965 pane

2159 3990 2214 4038 et
2237 3999 2387 4054 aqua
2410 3983 2648 4053 jejunet.
2685 3983 2752 4036 Et
2791 3986 2906 4034 tres
2943 3981 3084 4047 dies,
3126 3981 3182 4034 id
3228 3987 3316 4035 est
3358 3982 3583 4036 tertiam
3625 3983 3856 4050 feriam,

2159 4072 2441 4143 quintam,
2475 4075 2532 4124 et
2560 4070 2877 4134 sabbatum,
2913 4085 2946 4122 a
2970 4069 3125 4136 vino,
3161 4069 3426 4136 medone,
3465 4070 3686 4125 mellita
3734 4088 3854 4125 cer-

357 4157 524 4211 nibus
553 4155 898 4218 animarum,
936 4149 1430 4222 martyrologium,
1483 4148 1759 4201 homelias
1799 4165 1901 4218 per
1931 4147 2046 4201 cir—
2082 4183 2121 4236 Β
2163 4159 2319 4226 νίείδ,
2352 4175 2385 4212 ο,
2415 4173 2603 4225 carne,
2658 4161 2717 4211 et
2771 4155 3075 4226 sagimine,
3125 4161 3182 4210 et
3209 4172 3242 4208 a
3272 4171 3455 4222 caseo,
3509 4162 3568 4211 et
3598 4157 3747 4222 ovis,
3803 4165 3859 4212 et

355 4245 546 4298 culum
584 4243 722 4297 anni
756 4242 1018 4313 plebibus
1039 4237 1450 4309 prtedicaudas.
1501 4237 1655 4290 Istud
1705 4242 1792 4290 est
1833 4237 2048 4308 simpli-

355 4334 574 4388 ciorum
611 4349 624 4386 :
659 4331 796 4402 quia
825 4330 871 4383 si
924 4345 1104 4384 unum
1137 4327 1598 4398 supradictorum
1645 4326 1910 4392 defuerit,
1950 4343 2045 4380 sa-

355 4421 600 4476 cerdotis
631 4436 840 4473 nomen
865 4418 924 4472 in
958 4434 1025 4472 eo
1058 4433 1174 4471 non
1200 4416 1503 4471 constabit.
1552 4416 1637 4470 Ad
1685 4416 1807 4470 hac
1855 4419 2046 4469 autem

355 4525 524 4564 suum
586 4508 1066 4567 Pmnitentialem,
1128 4505 1228 4576 qui
1275 4510 1333 4560 et
1385 4505 1702 4559 secundum
1759 4519 2046 4558 canonum

356 4597 775 4663 auctoritatem,
809 4603 865 4652 et
886 4597 1070 4666 justas
1097 4595 1405 4649 sententias
1452 4593 1629 4648 trium
1678 4592 2045 4647 Pmnitentia-

353 4687 517 4754 lium,
549 4685 832 4740 Theodori
860 4683 1132 4756 episcopi,
1166 4687 1221 4737 et
1247 4683 1645 4738 Romanorum
1684 4681 2043 4752 pontificum,

353 4780 409 4830 et
440 4775 602 4829 Bedes
631 4774 948 4827 ordinetur.
1003 4772 1109 4827 Sed
1153 4772 1214 4825 in
1245 4770 1625 4826 Pcenitentiali
1668 4770 1834 4824 Beda:
1878 4771 2044 4840 plura

350 4865 726 4919 inveniuntur
755 4861 917 4916 utilia
952 4878 965 4915 :
1000 4863 1166 4932 plura
1195 4866 1388 4915 autem
1417 4859 1792 4914 inveniuntur
1817 4858 1887 4912 ab
1921 4860 2045 4912 aliis

349 4954 579 5019 inserta,
612 4967 742 5022 quas
769 4966 874 5004 nec
923 4949 1256 5016 canonibus,
1307 4964 1414 5002 nec
1458 4947 1585 5001 allis
1644 4947 2046 5002 Paenitentiali-

349 5042 454 5096 bus
506 5039 876 5096 conveniunt.
953 5037 1190 5107 Sapiens
1247 5041 1438 5091 autem
1493 5035 1749 5090 medicus
1803 5035 2045 5106 excipiat

349 5145 593 5200 quasque
625 5127 882 5193 meliora,
934 5129 997 5180 ut
1037 5123 1405 5180 discretiones
1450 5115 1709 5178 omnium
1741 5141 2040 5179 causarum

349 5215 691 5286 investigare
721 5215 918 5285 possit,
955 5215 1077 5268 sine
1106 5213 1314 5284 quibus
1353 5218 1570 5266 rectum
1594 5213 1876 5282 judicium
1925 5229 2039 5266 non

350 5308 535 5374 potest
561 5308 728 5357 stare.
758 5303 900 5368 Quia
933 5294 1209 5372 scriptum
1241 5306 1324 5354 est
1356 5343 1368 5355 .
1405 5303 1468 5355 In
1495 5302 1651 5355 nulla
1675 5317 1736 5356 re
1764 5318 2038 5372 apparens

349 5391 704 5457 indiscretus,
741 5391 836 5444 sed
871 5390 1159 5460 distingue
1191 5389 1348 5459 quid,
1380 5389 1497 5450 ubi,
1528 5389 1806 5460 quandiu,
1853 5406 2036 5460 quan-

345 5482 440 5550 do,
473 5480 718 5551 qualiter
740 5479 946 5534 debeas
975 5480 1178 5533 facere.
1217 5481 1336 5533 Non
1367 5479 1633 5532 omnibus
1664 5495 1800 5549 ergo
1831 5479 1892 5533 in
1923 5495 2037 5533 una

2161 4249 2232 4300 ab
2258 4246 2416 4300 omni
2445 4244 2644 4316 pingui
2675 4243 2829 4314 pisce
2861 4259 2920 4297 se
2969 4243 3270 4298 abstineat.
3323 4244 3624 4298 Manducet
3660 4251 3855 4300 autem

2159 4334 2413 4388 minutos
2437 4332 2740 4404 pisciculos
2791 4331 2838 4385 si
2881 4331 3092 4387 habere
3121 4336 3322 4402 potest.
3358 4332 3416 4386 Si
3476 4331 3690 4387 habere
3739 4351 3853 4387 non

2159 4427 2364 4494 potest,
2396 4425 2622 4476 tantum
2654 4419 2824 4474 unius
2851 4419 3079 4491 generis
3141 4419 3379 4490 piscem,
3423 4424 3480 4474 et
3530 4421 3850 4492 legumina,

2158 4514 2216 4564 et
2239 4510 2413 4575 olera,
2446 4513 2504 4562 et
2543 4523 2734 4578 poma,
2765 4507 2812 4560 si
2849 4508 2965 4562 vult
3007 4507 3283 4571 comedat,
3327 4510 3383 4562 et
3411 4508 3713 4563 cervisiam
3769 4511 3852 4563 bi-

2156 4597 2272 4652 bat.
2306 4599 2372 4652 Et
2397 4596 2458 4651 in
2487 4595 2688 4651 diebus
2716 4595 3044 4664 Dominicis,
3081 4601 3136 4650 et
3166 4596 3225 4649 in
3258 4597 3448 4650 Natali
3497 4597 3746 4663 Domini,
3792 4598 3852 4650 il-

2155 4687 2244 4740 los
2292 4689 2543 4757 quatuor
2581 4684 2721 4738 dies.
2768 4686 2833 4738 Et
2873 4684 2935 4738 in
2996 4684 3316 4755 Epiphania
3373 4685 3627 4752 Domini,
3667 4702 3847 4740 unum

2157 4776 2332 4830 diem.
2369 4775 2433 4828 Et
2457 4773 2517 4827 in
2546 4773 2760 4827 Pascha
2790 4789 2972 4844 usque
3019 4774 3078 4827 in
3124 4778 3389 4828 octavum
3449 4774 3626 4828 diem.
3658 4775 3746 4828 Et
3796 4775 3852 4827 in

2157 4862 2500 4918 Ascensione
2525 4861 2764 4928 domini,
2818 4866 2874 4914 et
2919 4861 2978 4914 in
3037 4863 3364 4915 Pentescote
3409 4868 3657 4933 quatuor
3695 4863 3850 4926 dies;

2155 4956 2211 5007 et
2239 4953 2298 5005 in
2330 4951 2501 5006 missa
2549 4949 2729 5004 sancti
2755 4949 2986 5004 Joannis
3034 4949 3318 5020 Baptistas,
3369 4956 3427 5004 et
3476 4956 3687 5004 sancta:
3735 4951 3852 5005 Ma-

2154 5039 2274 5107 rim,
2325 5044 2383 5093 et
2437 5039 2528 5092 XII
2584 5038 3000 5108 apostolorum,
3069 5043 3127 5092 et
3181 5039 3362 5092 sancti
3425 5038 3739 5105 Michaelis,
3801 5047 3855 5092 et

2153 5127 2332 5180 sancti
2390 5125 2661 5196 Remigii,
2716 5130 2774 5179 et
2823 5126 3084 5180 omnium
3145 5131 3494 5193 sanctorum,
3551 5131 3610 5180 et
3669 5131 3850 5181 sancti

2153 5214 2397 5282 Martini,
2463 5217 2521 5268 et
2568 5214 2627 5268 in
2679 5213 2834 5268 illius
2889 5215 3070 5268 sancti
3125 5214 3449 5282 festivitate,
3505 5215 3608 5284 qui
3656 5215 3717 5269 in
3756 5217 3850 5270 illo

2151 5304 2476 5374 episcopatu
2525 5303 2764 5356 celebris
2805 5303 3068 5358 habetur.
3117 5304 3179 5356 In
3229 5303 3317 5356 his
3345 5303 3690 5373 supradictis
3730 5305 3849 5358 die-

2151 5393 2256 5447 bus
2285 5393 2452 5446 faciat
2481 5391 2814 5447 charitatem
2846 5408 2976 5445 cum
3007 5392 3224 5445 caeteris
3259 5391 3617 5456 Christianis,
3655 5393 3710 5446 id
3746 5399 3848 5456 est,

2151 5483 2344 5534 utatur
2370 5479 2570 5534 eodem
2601 5480 2726 5534 cibo
2755 5486 2814 5533 et
2839 5484 2977 5548 potu
3011 5495 3126 5550 quo
3157 5479 3258 5532 illi.
3292 5479 3400 5534 Sed
3435 5485 3628 5533 tamen
3659 5480 3850 5533 ebrie-
