4010 6192
114 211 248 263 981
999 215 1465 274 DECRETORUM
1511 221 1693 277 LIBRI
1728 221 1841 277 XX.
1877 244 1948 256 -—
1991 216 2209 275 LIBER
2251 221 2558 280 DECIMUS
2596 227 2834 283 NONUS.

114 334 335 386 tatem
387 336 442 386 et
474 333 687 387 ventris
736 332 1170 399 distensionem,
1232 353 1456 410 semper
1514 340 1572 394 in
1594 340 1863 395 omnibus
1895 338 1943 391 Α

112 426 381 476 caveat.

3575 240 3677 291 982

2388 344 2515 399 CAP.
2557 345 2690 401 XIV.
2723 375 2789 387 —
2816 349 2945 401 Item
2984 350 3093 403 alio
3131 352 3304 405 modo.

2052 423 2168 491 (Ea:
2200 431 2425 503 eodem.)
2462 432 2569 496 Qui
2595 433 2651 486 in
2688 435 2931 489 Ecclesia
2957 453 3146 507 genua
3185 440 3398 493 centies
3433 442 3674 508 ﬂexerit,

115 526 285 580 CAP.
307 528 368 583 X.
407 557 471 605 —e
503 530 606 582 Iste
626 545 804 605 annus
832 531 1097 605 secundus
1145 538 1221 587 est
1253 534 1321 587 ab
1347 536 1438 587 illo
1467 551 1629 602 anno,
1661 539 1757 605 qui
1804 538 1863 588 in

203 614 369 675 p_ane
402 604 456 675 et
477 615 624 675 aqua
652 601 1019 675 observandas
1049 607 1147 667 est,
1184 610 1232 657 et
1261 612 1381 673 post
1412 607 1562 659 illum
1598 601 1861 675 jejunan-

207 668 353 722 dus.
389 670 497 732 Qui
537 673 703 724 etiam
743 672 960 725 dandus
1015 679 1093 727 est
1123 668 1275 738 illis;
1291 678 1388 743 qui
1425 678 1568 730 viros
1598 668 1860 733 ecclesia-

208 743 390 793 sticos
429 748 616 807 sponte
672 743 941 806 occidunt,
1001 748 1051 796 et
1122 747 1179 797 in
1226 748 1608 801 consuetudine
1666 749 1861 801 habent

207 810 624 865 Sodomiticum
671 815 863 877 scelus,
908 818 957 866 et
990 816 1088 882 qui
1124 817 1182 867 in
1248 818 1627 870 consuetudine
1665 820 1862 872 habent

210 887 415 933 contra
463 887 720 935 naturam
765 899 1006 952 peccare,
1055 891 1104 938 et
1147 888 1205 937 in
1260 887 1513 940 Ecclesiis
1568 889 1861 943 homicidia

208 958 417 1017 sponte
488 956 847 1024 committunt,
905 960 955 1008 et
1015 957 1281 1010 Ecclesias
1333 958 1643 1024 incendunt,
1712 961 1861 1013 etin

210 1024 483 1077 Ecclesiis
512 1023 787 1099 adulteria
819 1027 1180 1091 committunt,
1214 1033 1264 1081 et
1296 1033 1391 1097 qui
1411 1029 1527 1083 alia
1546 1030 1860 1099 hujusmodi

205 1096 681 1162 perpetrauerint.

215 1183 340 1249 (Ea:
367 1181 592 1251 eodem.)
625 1183 972 1237 Pcenitentia
1004 1183 1161 1238 illius
1191 1186 1326 1239 anni
1381 1187 1509 1240 talis
1539 1204 1661 1241 esse
1692 1188 1861 1242 debet

128 1274 205 1322 ut
242 1268 396 1322 duos
444 1269 583 1333 dies,
632 1270 686 1324 id
719 1275 821 1337 est,
871 1271 1180 1326 secundam
1227 1279 1285 1327 et
1315 1281 1577 1345 quartam
1636 1277 1856 1343 feriam,

126 1358 195 1410 in
224 1373 579 1427 unaquaque
623 1359 989 1413 hebdomada
1030 1362 1255 1431 jejunet
1304 1364 1373 1416 ad
1421 1380 1737 1433 vesperam,
1805 1370 1863 1419 et

131 1451 288 1500 tunc
317 1446 608 1500 reticiatur
641 1448 710 1500 de
743 1449 889 1501 sicco
923 1448 1069 1513 cibo,
1103 1448 1157 1503 id
1191 1456 1293 1517 est,
1334 1468 1481 1521 pane
1511 1457 1568 1506 et
1613 1454 1857 1522 legumi-

133 1534 323 1589 nibus
375 1535 548 1604 siccis,
609 1536 707 1589 sed
782 1536 979 1603 coctis,
1032 1542 1129 1590 aut
1187 1540 1394 1610 pomis,
1455 1545 1555 1594 aut
1610 1541 1861 1595 oleribus

134 1623 367 1690 crudis,
400 1640 573 1678 unum
605 1625 784 1694 eligat
817 1640 887 1680 ex
926 1624 1014 1677 his
1071 1626 1277 1694 tribus,
1323 1633 1379 1681 et
1409 1633 1618 1693 utatur,
1651 1635 1707 1682 et
1736 1646 1856 1682 cer—
1894 1621 1931 1675 Β

134 1711 354 1765 visiam
392 1712 566 1779 bibat,
600 1714 701 1767 sed
760 1712 966 1767 sobrie.
998 1714 1065 1766 Et
1122 1716 1360 1769 tertium
1402 1717 1577 1782 diem,
1637 1717 1693 1771 id
1752 1723 1854 1777 est.

135 1805 369 1854 sextam
421 1800 620 1853 feriam
674 1802 737 1854 in
787 1817 936 1871 pane
982 1808 1037 1854 et
1095 1819 1245 1873 aqua
1299 1804 1582 1869 observet,
1639 1809 1696 1857 et
1744 1809 1856 1858 tres

135 1887 615 1958 quadragesimas
665 1890 893 1960 jejunet
933 1908 946 1945 :
999 1907 1173 1944 unam
1208 1895 1340 1945 ante
1373 1891 1570 1945 Natale
1602 1891 1852 1957 Domini,

132 1976 457 2030 secundam
495 1982 623 2031 ante
672 1980 907 2044 Pascha,
950 1980 1177 2033 tertiam
1230 1983 1363 2032 ante
1395 1978 1630 2033 missam
1676 1981 1855 2034 sancti

132 2064 414 2129 Joannis;
467 2071 520 2119 et
574 2066 616 2119 si
667 2072 847 2120 totam
889 2067 1414 2138 quadragesimam,
1451 2073 1585 2121 ante
1620 2066 1853 2121 missam

132 2152 326 2205 sancti
370 2153 601 2207 Joannis
679 2155 919 2225 implere
974 2173 1091 2210 non
1133 2156 1333 2227 possit,
1407 2164 1540 2226 post
1618 2154 1853 2209 missam

134 2239 407 2308 impleat.
490 2244 549 2295 Et
602 2244 661 2296 in
732 2244 822 2298 his
878 2244 1063 2298 tribus
1116 2244 1579 2315 quadragesimis
1629 2244 1856 2312 jejunet

134 2328 286 2383 duos
320 2329 442 2383 dies
472 2331 527 2384 in
570 2331 924 2386 hebdomade
971 2333 1042 2387 ad
1076 2349 1307 2394 nonam,
1347 2338 1404 2385 et
1433 2332 1503 2386 de
1534 2332 1688 2385 sicco
1724 2332 1853 2386 cibo

136 2418 429 2484 comedat,
465 2423 521 2471 ut
546 2436 714 2489 supra
761 2426 1022 2474 notatum
1071 2427 1157 2475 est
1186 2426 1241 2474 et
1290 2422 1356 2473 VI
1391 2420 1598 2474 feriam
1625 2419 1853 2489 jeiunet

134 2506 197 2558 in
232 2522 391 2575 pane
461 2512 514 2560 et
550 2524 712 2578 aqua.
748 2510 815 2563 Et
854 2510 914 2562 in
963 2510 1162 2563 diebus
1194 2508 1527 2574 Dominicis,
1569 2509 1632 2561 in
1666 2508 1851 2561 Natali

137 2594 404 2661 Domini,
437 2596 559 2649 illos
599 2603 841 2668 quatuor
872 2598 1010 2654 dies.
1052 2599 1121 2652 Et
1144 2603 1204 2652 in
1246 2598 1572 2668 Epiphania
1592 2595 1849 2663 Domini,

134 2701 331 2738 unum
366 2684 537 2739 diem.
582 2687 644 2741 Et
692 2688 750 2741 iu
784 2688 995 2741 Pascha
1040 2704 1220 2759 usque
1254 2687 1315 2740 in
1367 2692 1639 2740 octavum
1671 2684 1847 2739 diem.

135 2774 207 2827 Et
245 2774 310 2826 in
332 2774 670 2828 Ascensione
694 2776 941 2844 Domini,
968 2780 1025 2829 et
1053 2777 1383 2829 Pentecoste
1411 2779 1667 2846 quatuor
1704 2774 1848 2839 dies,

1976 511 2033 565 id
2066 521 2173 581 est,
2210 519 2256 572 si
2287 520 2497 574 centies
2531 522 2752 576 veniam
2814 525 3064 594 petierit,
3116 527 3163 579 si
3220 528 3343 580 fieri
3376 536 3580 598 potest,
3615 538 3677 586 ut

1976 599 2036 653 in
2072 603 2320 661 Ecclesia
2340 609 2458 675 tiat,
2507 609 2615 663 hoc
2648 610 3031 680 justissimum
3083 619 3181 667 est.
3251 615 3306 669 Si
3336 623 3526 671 autem
3570 620 3676 673 hoc

1975 688 2104 745 ﬁeri
2135 710 2251 749 non
2283 702 2485 767 potest,
2540 705 2753 752 secrete
2787 700 2845 753 in
2896 702 3015 755 loco
3064 704 3418 758 convenienti
3474 708 3671 760 eadem

1974 776 2175 851 faciat;
2227 783 2273 836 si
2318 784 2395 837 sic
2426 785 2641 852 fecerit,
2690 802 2756 839 eo
2806 788 2897 841 die
2948 796 3177 859 excepto
3218 792 3371 857 vino,
3424 809 3590 847 carne
3619 800 3674 847 et

1972 869 2279 940 sagimine,
2311 878 2500 927 sumat
2530 875 2680 945 quod
2713 876 2950 945 placeat.

2425 964 2551 1016 CAP.
2588 964 2694 1017 XV.
2726 994 2794 1002 —
2834 967 2962 1029 Item
2996 966 3103 1019 alio
3135 967 3288 1020 modo

2045 1048 2153 1117 (Ea:
2178 1050 2399 1119 eodem.)
2430 1050 2537 1114 Qui
2596 1053 2843 1121 psalmos
2904 1070 3022 1106 non
3072 1054 3229 1107 novit
3276 1072 3455 1109 unum
3507 1058 3659 1110 diem

1972 1152 2145 1206 quem
2182 1137 2240 1191 in
2266 1155 2411 1213 pane
2443 1145 2497 1193 et
2540 1156 2688 1210 aqua
2718 1142 2992 1211 poenitere
3024 1142 3191 1196 debet
3223 1160 3235 1196 :
3281 1142 3435 1196 dives
3490 1147 3671 1199 tribus

1970 1225 2238 1294 denariis,
2273 1234 2329 1281 et
2358 1244 2577 1299 pauper
2607 1246 2719 1281 uno
2752 1231 2984 1283 denario
3018 1231 3282 1297 redimat,
3342 1239 3396 1286 et
3450 1249 3515 1286 eo
3576 1235 3670 1288 die

1973 1320 2201 1385 excepto
2250 1316 2403 1379 vino,
2461 1334 2629 1371 carne
2688 1324 2743 1370 et
2788 1318 3086 1387 sagimiue,
3157 1326 3343 1373 sumat
3387 1322 3668 1391 quidquid

1970 1404 2124 1456 velit.

2349 1493 2474 1546 CAP.
2520 1494 2661 1547 XVI.
2695 1524 2762 1532 —
2796 1496 2926 1547 Item
2965 1496 3071 1548 alio
3118 1495 3290 1549 modo.

2044 1579 2161 1648 (Ea:
2197 1579 2422 1647 eodem.)
2456 1582 2562 1633 Pro
2614 1597 2726 1634 uno
2755 1581 2867 1647 die,
2901 1598 3072 1651 quem
3126 1582 3186 1635 in
3238 1599 3385 1652 pane
3434 1588 3489 1636 et
3519 1600 3670 1653 aqua

1973 1665 2248 1735 poenitere
2301 1666 2485 1731 debet,
2530 1671 2642 1720 tres
2728 1682 3010 1736 pauperes
3060 1675 3273 1737 pascat.
3332 1670 3400 1722 Et
3454 1685 3520 1722 eo
3576 1670 3667 1723 die

1969 1756 2202 1822 excepto
2234 1752 2386 1822 vino,
2455 1769 2623 1807 carne
2659 1759 2712 1807 et
2745 1755 3047 1825 sagimine,
3099 1760 3285 1809 sumat
3333 1757 3485 1826 quod
3512 1758 3665 1826 ‘pla-

1967 1844 2110 1894 ceat.
2710 1846 2719 1861 '

2341 1928 2471 1983 CAP.
2514 1930 2668 1984 XVII.
2708 1960 2775 1971 -—
2803 1934 2934 1985 Item
2965 1933 3073 1985 alio
3104 1932 3276 1986 modo.

2040 2013 2146 2084 (Ea:
2201 2015 2423 2083 eodem.)
2455 2016 2697 2081 Quidam
2755 2018 2953 2071 dicunt
3003 2019 3088 2073 XX
3149 2020 3424 2089 palmatas
3470 2021 3662 2074 valere

1963 2118 2068 2173 pro
2100 2119 2213 2156 uno
2238 2104 2349 2157 die.

1965 2189 2090 2243 CAP.
2126 2190 2307 2245 XVIII.
2336 2221 2403 2233 —
2435 2195 2509 2247 De
2537 2193 2895 2262 redemptione
2917 2196 3076 2248 unius
3107 2194 3449 2248 hebdomadas
3496 2211 3661 2264 quam

2347 2264 2400 2315 in
2419 2278 2560 2331 pane
2590 2269 2638 2317 et
2669 2280 2815 2333 aqua
2831 2266 3085 2334 jejunare
3107 2265 3275 2317 debet.

2036 2349 2143 2419 (Ea:
2173 2350 2397 2419 eodem.)
2432 2352 2538 2404 Pro
2568 2367 2682 2404 una
2713 2352 3067 2406 hebdomada
3128 2369 3299 2422 quam
3328 2352 3385 2405 in
3412 2369 3560 2420 pane
3607 2358 3665 2407 et

1963 2454 2113 2508 aqua
2147 2439 2409 2508 jejunare
2451 2439 2637 2506 debet,
2683 2440 2807 2494 CCC
2854 2441 3102 2510 psalmos
3135 2440 3379 2510 genibus
3408 2441 3568 2494 ﬂexis
3603 2442 3660 2494 in

1964 2526 2198 2580 ecclesia
2227 2528 2505 2581 decantet.
2554 2528 2612 2582 Si
2667 2534 2858 2582 autem
2922 2530 3028 2582 hoc
3068 2529 3251 2582 facere
3302 2545 3417 2582 non
3454 2536 3657 2600 potest,

1962 2615 2074 2669 tria
2126 2616 2398 2670 Psalteria
2440 2616 2499 2670 in
2545 2617 2800 2683 ecclesia,
2852 2619 2937 2671 vel
2998 2618 3057 2671 in
3126 2619 3248 2671 loco
3303 2618 3662 2672 convenienti

1961 2702 2181 2757 intente
2246 2704 2523 2758 decantet.
2616 2706 2678 2758 Et
2734 2710 3035 2776 postquam
3094 2705 3365 2775 psallerit,
3427 2711 3661 2775 excepto

1964 2792 2117 2857 vino,
2151 2809 2318 2846 carne
2347 2798 2401 2846 et
2423 2792 2724 2862 sagimine,
2767 2800 2954 2848 sumat
2983 2794 3257 2864 quidquid
3290 2794 3444 2847 velit.

138 2866 197 2915 et
222 2862 287 2915 in
326 2860 497 2915 missa
534 2862 710 2915 sancti
739 2862 969 2916 Joannis
990 2863 1274 2932 Baptistae,
1309 2867 1367 2915 et
1390 2868 1609 2916 sanctae
1635 2860 1847 2927 Mariae,
1884 2901 1923 2956 Ο
1962 2881 2091 2935 οη,
2150 2881 2279 2934 χιχ,
2352 2911 2410 2921 _.
2479 2860 2552 2935 be
2590 2882 2949 2951 redemptione
2980 2860 3386 2949 κληίαεήεηεεε,
3422 2898 3576 2952 quem
3604 2886 3661 2935 in

138 2956 197 3004 et
250 2950 353 3005 XII
415 2952 821 3020 apostolorum,
880 2956 936 3005 et
985 2951 1161 3005 sancti
1204 2951 1512 3017 Michaelis,
1564 2955 1623 3004 et
1668 2953 1850 3003 sancti

141 3038 421 3109 Remigii,
476 3043 531 3093 et
584 3039 852 3094 Omnium
899 3040 1256 3103 Sanctorum,
1286 3045 1343 3094 et
1388 3039 1572 3093 sancti
1613 3038 1848 3093 Martini

141 3133 197 3181 et
229 3127 295 3181 in
351 3128 506 3182 illius
552 3128 729 3181 sancti
785 3128 1109 3195 festivitate,
1142 3128 1241 3199 qui
1271 3127 1330 3181 in
1382 3128 1480 3181 illo
1512 3127 1844 3198 episcopatu

141 3216 390 3270 celebris
438 3216 694 3271 habetur.
755 3218 818 3270 In
864 3217 951 3270 his
1012 3232 1183 3287 supra
1230 3216 1395 3270 dictis
1426 3216 1632 3271 diebus
1675 3216 1851 3272 faciat

141 3304 487 3359 charitatem
543 3322 669 3359 cum
746 3306 960 3360 caeteris
1047 3305 1403 3360 Christianis.
1475 3305 1586 3359 Sed
1655 3308 1849 3360 tamen

142 3394 510 3461 ebrietatem,
569 3399 625 3448 et
691 3394 904 3449 ventris
987 3393 1420 3459 distensionem,
1506 3409 1733 3463 semper
1790 3395 1848 3448 in

142 3482 415 3537 omnibus
445 3487 654 3535 caveat.

144 3589 281 3644 CAP.
332 3589 418 3645 XI.
473 3619 539 3628 —
584 3590 663 3642 De
716 3589 829 3643 ittis
874 3591 969 3656 qui
1006 3589 1262 3657 jejunare
1300 3592 1349 3641 et
1403 3587 1702 3655 adimplere
1746 3605 1850 3643 non

354 3664 581 3728 possunt
602 3659 745 3728 quod
774 3664 831 3712 in
861 3660 1227 3714 Pwnitentiati
1251 3661 1517 3728 scriptum
1549 3663 1645 3711 est.

217 3766 330 3835 (Em
361 3764 590 3834 eodem.)
616 3765 723 3830 Qui
750 3764 1011 3836 jejunare
1058 3768 1263 3834 potest,
1299 3769 1355 3817 et
1415 3764 1660 3833 implere
1692 3767 1846 3835 quod

143 3853 203 3906 in
266 3852 652 3907 Pmuitentiali
717 3854 992 3924 scriptum
1064 3858 1166 3917 est,
1199 3851 1415 3905 bonum
1465 3857 1569 3919 est,
1625 3858 1680 3907 et
1734 3856 1847 3909 Deo

143 3940 362 4012 gratias
405 3941 631 3996 referat.
686 3941 792 4006 Qui
826 3946 1013 3996 autem
1068 3957 1189 3995 non
1219 3944 1430 4010 potest,
1482 3956 1585 4010 per
1618 3942 1848 3997 miseri—

142 4029 402 4084 cordiam
435 4029 534 4084 Dei
580 4029 886 4083 consilium
931 4029 1133 4083 damus
1163 4029 1297 4094 tale,
1346 4033 1408 4081 ut
1448 4044 1551 4080 nec
1581 4028 1710 4092 sibi,
1746 4046 1849 4084 nec

142 4117 321 4171 alicui
348 4133 575 4172 necesse
607 4117 697 4185 sit,
727 4134 832 4171 nec
857 4117 1182 4186 desperare,
1210 4132 1317 4171 nec
1346 4114 1551 4187 perire.

140 4208 280 4262 CAP.
315 4206 431 4261 XII.
463 4238 528 4247 —-
558 4208 640 4260 De
661 4206 1022 4274 redemptione
1052 4206 1201 4258 illius
1235 4207 1386 4271 anni,
1424 4220 1579 4272 quem
1620 4207 1679 4258 in
1704 4221 1848 4275 pane

643 4280 693 4329 et
722 4292 869 4345 aqua
891 4277 1149 4344 jejunare
1175 4276 1346 4329 debet.

218 4346 332 4413 (Em
369 4345 592 4416 eodem.)
622 4348 730 4399 Pro
779 4363 894 4400 uno
944 4347 1036 4400 die
1076 4362 1247 4417 quem
1305 4346 1365 4399 iu
1413 4358 1560 4415 pane
1595 4351 1651 4398 et
1699 4362 1847 4415 aqua

132 4434 409 4504 jejuuare
450 4433 723 4499 debet,‘l.,
751 4435 1002 4503 psalmos
1033 4434 1276 4505 genibus
1304 4434 1465 4488 ﬂexis
1492 4433 1551 4485 in
1584 4433 1842 4500 Ecclesia,

138 4524 190 4576 si
225 4520 355 4575 ﬁeri
387 4526 591 4592 potest,
625 4522 886 4576 decantet
918 4539 930 4576 :
966 4522 1055 4575 sin
1101 4526 1315 4587 autem,
1377 4522 1435 4574 in
1475 4521 1600 4574 loco
1651 4538 1848 4575 conve-

140 4609 335 4663 nienti
376 4610 574 4663 eadem
613 4609 801 4675 faciat,
847 4614 905 4663 et
943 4626 1121 4663 unum
1174 4625 1484 4680 pauperem
1534 4614 1748 4679 pascat,
1793 4614 1847 4663 et

140 4716 213 4753 eo
280 4697 373 4751 die
422 4704 656 4769 excepto
735 4698 886 4763 vino,
954 4714 1125 4751 carne
1188 4703 1246 4751 et
1294 4697 1593 4768 sagimine,
1654 4703 1847 4752 sumat

138 4787 433 4858 quidquid
466 4787 618 4842 velit.

611 4912 739 4967 CAP.
772 4911 905 4965 XIII.
944 4943 1011 4950 —-
1050 4911 1178 4965 Alio
1206 4910 1379 4965 modo.

216 5016 339 5084 (Eae
367 5016 607 5083 eodem.)
647 5015 705 5071 Si
736 5021 928 5070 autem
978 5016 1107 5070 talis
1148 5020 1252 5083 est,
1307 5015 1458 5085 quod
1514 5014 1716 5068 taudiu
1783 5014 1844 5067 in

143 5104 394 5173 genibus
443 5104 633 5174 jacere
688 5120 808 5158 non
864 5104 1066 5173 possit,
1117 5103 1286 5158 faciat
1315 5108 1506 5158 autem
1540 5103 1617 5157 sic
1650 5119 1662 5155 :
1695 5103 1845 5156 infra

142 5191 477 5258 Ecclesiam,
511 5193 559 5245 si
605 5191 729 5245 ﬁeri
777 5196 1009 5260 potest:
1043 5192 1129 5244 sin
1161 5197 1371 5251 autem.
1426 5192 1485 5245 in
1545 5207 1662 5245 uno
1722 5191 1842 5244 loco

139 5280 351 5333 stando
378 5280 617 5347 intente,
673 5281 800 5335 LXX
832 5281 1082 5350 psalmos
1108 5295 1209 5349 per
1258 5279 1515 5332 ordinem
1562 5280 1840 5341 decantet,

142 5374 200 5422 et
232 5384 548 5438 pauperem
596 5374 806 5440 pascat,
862 5373 918 5421 et
973 5384 1040 5421 eo
1072 5368 1163 5421 die
1200 5373 1431 5435 excepto
1462 5368 1612 5430 vino,
1673 5384 1841 5420 carne

140 5464 199 5509 et
231 5457 536 5525 sagimine,
571 5462 757 5510 sumat
788 5456 1061 5526 quidquid
1094 5456 1246 5509 velit.

2371 2968 2514 3021 pane
2542 2957 2593 3005 et
2621 2969 2765 3021 aqua
2790 2955 3044 3021 jejunare
3073 2953 3243 3008 debet.

2034 3039 2146 3109 (Ea:
2172 3040 2400 3107 eodem.)
2436 3042 2544 3094 Pro
2576 3057 2690 3093 uno
2718 3058 2913 3094 mense
2945 3058 3118 3113 quem
3149 3041 3207 3095 in
3239 3057 3387 3111 pane
3420 3045 3475 3095 et
3514 3058 3664 3112 aqua

1955 3128 2219 3198 jejunare
2250 3129 2438 3195 debet,
2473 3129 2722 3199 psalmos
2755 3129 2910 3182 mille
2932 3130 3200 3183 ducentos
3230 3129 3473 3199 genibus
3502 3130 3662 3183 flexis

1960 3217 2239 3272 decantet.

2031 3306 2140 3376 (Ea:
2187 3305 2411 3372 eodem)
2462 3305 2519 3359 Si
2551 3310 2745 3359 autem
2780 3306 2886 3358 hoc
2929 3305 3113 3358 facere
3147 3321 3261 3359 non
3292 3312 3501 3376 potest,
3539 3307 3661 3360 sine.

1961 3394 2378 3465 genuﬂexione,
2404 3394 2656 3447 sedendo
2695 3397 2795 3446 aut
2842 3394 3041 3447 stando
3069 3394 3127 3447 in
3158 3394 3407 3448 Ecclesia
3458 3396 3505 3449 si
3536 3396 3661 3450 ﬁeri

1960 3488 2149 3553 potest
2181 3500 2192 3536 :
2225 3482 2311 3535 sin
2345 3487 2559 3549 autem,
2594 3482 2651 3535 in
2710 3476 2826 3535 uno
2873 3483 3013 3546 loco,
3071 3481 3223 3534 mille
3257 3483 3344 3537 DC
3374 3486 3663 3554 octoginta

1960 3572 2211 3641 psalmos
2246 3570 2525 3624 decantet.
2560 3571 2623 3624 Et
2649 3569 2809 3622 omni
2839 3570 2929 3624 die
2962 3569 3007 3623 si
3036 3569 3190 3633 velit,
3219 3574 3275 3623 et
3306 3571 3351 3625 si
3375 3572 3659 3626 abstinere

1942 3658 2074 3712 ’non
2097 3660 2235 3723 vult,
2266 3659 2484 3711 reﬁciat
2513 3674 2570 3710 se
2601 3657 2672 3711 ad
2705 3662 2921 3711 sextam
2961 3673 2974 3711 :
3001 3656 3108 3709 nisi
3140 3663 3405 3726 quartam
3436 3660 3656 3720 feriam.

1961 3751 2015 3800 et
2045 3752 2280 3811 sextam,
2308 3746 2532 3815 jejnnet
2559 3744 2627 3798 ad
2688 3761 2920 3798 nonam.
2959 3746 3021 3798 Et
3049 3762 3080 3796 a
3112 3761 3281 3799 carne
3334 3752 3389 3801 et
3417 3764 3448 3799 a
3518 3749 3661 3819 sagi-

1964 3836 2135 3901 mine,
2167 3838 2220 3887 et
2251 3851 2280 3886 a
2314 3833 2464 3899 vino,
2492 3838 2679 3887 totum
2737 3849 2990 3887 mensem
3023 3848 3081 3885 se
3112 3832 3413 3887 abstineat.
3469 3836 3657 3889 Alium

1959 3926 2151 3977 autem
2184 3922 2372 3975 cibum
2401 3926 2704 3992 postquam
2737 3922 2984 3991 psalmos
3032 3921 3386 3990 supradictus
3452 3924 3654 3977 decan-

1961 4011 2182 4077 taverit,
2217 4015 2423 4064 sumat.
2458 4011 2569 4063 Isto
2607 4009 2826 4077 ordine,
2861 4016 3012 4064 totus
3044 4010 3138 4063 ille
3168 4026 3353 4064 annus
3376 4013 3656 4066 redimcn-

1962 4102 2066 4155 dus
2089 4108 2193 4155 est.

1963 4191 2090 4244 CAP.
2142 4190 2247 4243 XX.
2289 4218 2350 4226 —
2388 4190 2457 4241 De
2514 4187 2625 4241 illis
2685 4189 2781 4255 qui
2828 4188 3083 4257 jejunare
3136 4202 3242 4241 non
3302 4194 3551 4256 possunt,
3608 4197 3657 4243 et

2028 4260 2264 4313 Psalmos
2313 4259 2578 4318 nesciunt,
2621 4259 2881 4325 quomodo
2912 4260 3282 4324 penitentiam
3328 4261 3490 4313 unius
3524 4265 3656 4313 anni

2030 4344 2184 4411 quem
2218 4331 2284 4451 tin
2339 4343 2478 4395 pane
2531 4331 2581 4381 et
2636 4344 2785 4396 aqua
2830 4329 3085 4397 jejunare
3140 4329 3330 4382 debent
3395 4332 3655 4383 redimere

2030 4414 2211 4451 possm
2244 4437 2256 4450 .

2025 4414 2256 4469 possmt.

2027 4490 2136 4555 (Em
2182 4484 2406 4555 eodem.)
2456 4486 2563 4549 Qui
2594 4502 2727 4540 vero
2786 4488 3041 4542 Psalmos
3075 4504 3188 4541 non
3216 4490 3392 4554 novit,
3425 4494 3479 4543 et
3505 4490 3652 4560 jeju-

1957 4592 2094 4630 nare
2118 4591 2231 4628 non
2254 4578 2457 4644 potest,
2486 4591 2592 4645 pro
2625 4591 2741 4629 uno
2772 4592 2922 4629 anno
2956 4591 3129 4646 quem
3163 4578 3223 4629 in
3246 4594 3395 4647 pane
3418 4584 3474 4631 et
3505 4595 3653 4648 aqua

1956 4664 2234 4736 pcenitere
2263 4663 2452 4725 debet,
2485 4663 2580 4718 det
2622 4665 2973 4733 pauperibus
3020 4665 3080 4717 in
3113 4665 3541 4735 eleemOSynam
3570 4668 3648 4720 vi-

1955 4752 2101 4822 ginti
2128 4751 2272 4805 duos
2304 4750 2529 4818 solidos,
2562 4754 2618 4803 et
2642 4767 2839 4804 omnes
2870 4756 3055 4804 sextas
3100 4751 3267 4805 ferias
3295 4754 3540 4822 jejunet,
3592 4755 3650 4806 in

1955 4857 2100 4909 pane
2131 4845 2185 4893 et
2217 4855 2390 4909 aqua.
2428 4840 2494 4892 Et
2521 4844 2634 4892 tres
2667 4839 3151 4909 quadragesimas,
3178 4839 3235 4892 id
3268 4848 3373 4906 est,
3411 4841 3649 4911 quadra-

1955 4929 2114 4997 ginta
2144 4927 2265 4981 dies
2324 4931 2455 4979 ante
2510 4927 2742 4993 Pascha,
2799 4932 2853 4980 et
2906 4927 3288 4997 quadraginta
3347 4928 3466 4981 dies
3517 4933 3649 4982 ante

1952 5016 2308 5069 festivitatem
2343 5013 2520 5067 sancti
2549 5015 2787 5067 Joannis
2820 5014 3085 5083 Baptistae
3120 5031 3132 5067 :
3175 5020 3230 5067 et
3260 5015 3307 5068 si
3335 5022 3465 5069 ante
3497 5016 3649 5069 festi-

1953 5104 2181 5155 vitatem
2204 5101 2420 5172 aliquid
2451 5102 2789 5155 remanserit
2819 5108 2947 5172 post
2974 5103 3301 5172 adimpleat,
3331 5109 3388 5158 et
3408 5104 3646 5174 quadra-

1954 5190 2114 5259 ginta
2144 5190 2262 5243 dies
2293 5194 2422 5243 ante
2470 5191 2726 5244 Natalem
2762 5189 2984 5244 Domini
3017 5191 3076 5243 in
3125 5190 3246 5243 istis
3295 5192 3476 5245 tribus
3509 5208 3646 5260 qua-

1952 5277 2309 5346 dragesimis,
2364 5278 2645 5349 quidquid
2695 5294 2798 5331 suo
2859 5278 2944 5331 ori
2988 5283 3347 5347 praeparatur
3408 5279 3466 5331 in
3494 5279 3641 5339 cibo,

1953 5367 2038 5420 vel
2066 5366 2123 5419 in
2156 5371 2315 5435 potu,
2373 5368 2459 5420 vel
2495 5367 2885 5437 cujuscunque
2928 5366 3155 5435 generis
3193 5367 3285 5432 sit,
3316 5368 3469 5421 istud
3500 5368 3647 5420 aesti-

1955 5459 2071 5507 met
2103 5454 2300 5522 quanti
2335 5456 2501 5524 pretii
2528 5456 2618 5521 sit,
2652 5455 2737 5507 vel
2780 5471 2901 5507 esse
2933 5456 3132 5524 possit,
3167 5460 3221 5508 et
3278 5456 3643 5510 medietatem
