4010 6192
341 185 444 239 983

1410 182 1817 238 BURCHARDI
1861 182 2390 268 WORMaClENSIS
2430 183 2769 241 EPISCOPI.

3755 185 3871 238 984

333 307 489 360 illius
550 305 720 377 pretii
763 305 1065 360 distribuat
1106 305 1165 360 in
1220 305 1646 374 eleemosynam
1691 307 2040 376 pauperibus
2069 309 2117 362 Α
2153 311 2210 362 et
2269 324 2420 379 aqua
2467 309 2731 378 jejunare
2773 308 2963 374 debet,
3023 310 3237 364 centies
3290 314 3622 380 prosternat
3683 325 3744 362 se
3805 311 3873 362 in

338 401 394 451 et
424 395 649 449 assidue
677 399 822 463 oret,
854 400 911 448 et
959 398 1124 464 roget
1157 394 1334 446 Deum
1388 397 1447 446 ut
1471 393 1654 446 oratio
1683 394 1806 464 ejus
1835 398 1892 448 et
1923 396 2045 465 ejus

340 485 718 551 eleemosynae
747 482 900 552 apud
932 483 1113 536 Deum
1135 481 1514 550 acceptabiles
1543 482 1676 536 sint.

342 574 468 628 CAP.
504 571 639 630 XXI.
669 597 742 610 —
773 571 911 624 Item
939 570 1236 638 redemptio
1265 571 1418 622 illius
1449 572 1585 622 anni
1635 587 1790 639 quem
1821 574 1878 625 in
1907 587 2047 640 pane

831 647 881 694 et
909 657 1054 709 aqua
1078 643 1334 708 paznitere
1373 640 1541 694 debet.

416 718 523 785 (Ea!
578 721 942 775 Pumitentiali
1000 719 1219 786 Theod.)
1276 719 1418 772 Item
1452 719 1552 789 qui
1602 719 1868 790 jejunare
1927 736 2044 774 non

344 813 552 876 potest,
641 813 695 861 et
764 807 1065 861 observare
1143 806 1298 877 quod
1356 806 1415 859 in
1477 806 1863 861 Paenitentiali
1913 808 2048 862 scri-

345 900 506 964 ptum
538 902 640 962 est,
692 897 799 950 hoc
832 896 1000 950 faciat
1048 896 1202 966 quod
1251 900 1480 950 sanctus
1533 896 1858 950 Bonifacius
1896 914 2046 968 papa

343 985 653 1038 constituit.
691 985 798 1038 Pro
849 1000 960 1037 uno
993 983 1084 1038 die
1116 999 1289 1053 quem
1325 983 1382 1036 in
1437 1000 1585 1053 pane
1638 989 1693 1037 et
1725 1000 1874 1054 aqua
1898 986 2048 1054 jeju-

346 1088 482 1125 nare
539 1072 728 1138 debet,
778 1078 942 1142 roget
1006 1072 1407 1143 presbyterum
1457 1078 1518 1124 ut
1577 1073 1804 1126 Missam
1857 1079 2048 1128 cantet

343 1176 448 1229 pro
490 1177 580 1224 eo,
637 1161 750 1214 nisi
807 1161 919 1214 sint
975 1160 1218 1214 crimina
1279 1160 1545 1230 capitalia
1603 1178 1728 1232 quae
1786 1163 2048 1216 confessa

344 1251 504 1319 prius
571 1249 746 1303 lavari
810 1265 939 1302 cum
991 1249 1258 1318 lacrymis
1331 1249 1562 1316 debent,
1620 1254 1677 1303 et
1735 1255 1866 1303 tunc
1922 1251 2046 1321 ipse

349 1337 495 1390 adsit
568 1343 627 1391 et
673 1338 866 1391 audiat
943 1338 1192 1406 Missam,
1282 1342 1338 1391 et
1394 1338 1593 1391 devote
1663 1337 1785 1408 ipse
1845 1339 2047 1393 offerat

344 1426 595 1497 propriis
625 1427 888 1479 manibus
948 1442 1156 1497 panem
1187 1431 1243 1480 et
1290 1426 1484 1479 vinum
1533 1427 1800 1481 manibus
1854 1444 2045 1480 sacer-

348 1513 515 1578 dotis,
571 1518 628 1566 et
695 1512 911 1566 intente
982 1513 1326 1583 respondeat
1400 1517 1681 1583 quantum
1758 1513 1909 1583 sapit
1971 1514 2045 1568 ad

349 1600 742 1665 salutationes,
775 1605 830 1652 et
887 1601 955 1654 ad
988 1600 1412 1654 exhortationes
1451 1601 1779 1668 sacerdotis,
1835 1606 1891 1656 et
1947 1604 2046 1657 bu-
2077 1589 2119 1644 Β

351 1687 570 1740 militer
624 1689 801 1742 Deum
861 1689 1219 1758 deprecetur,
1278 1693 1343 1744 ut
1391 1689 1604 1744 oblatio
1631 1707 1806 1762 quam
1838 1692 1960 1761 ipse
1993 1697 2051 1747 et

351 1776 650 1846 presbyter
708 1792 814 1845 pro
849 1793 907 1830 se
941 1785 997 1830 et
1055 1777 1302 1848 peccatis
1360 1779 1477 1832 suis
1528 1779 1642 1832 Deo
1692 1781 2046 1844 obtulerunt,

356 1863 504 1916 Deus
552 1864 914 1934 omnipotens
970 1866 1422 1921 misericorditer
1448 1883 1552 1937 per
1580 1869 1848 1938 angelum
1882 1885 2050 1923 suum

356 1951 645 2021 suscipere
671 1952 962 2022 dignetur.
993 1954 1061 2007 Et
1088 1970 1154 2006 eo
1186 1953 1275 2008 die
1323 1960 1558 2024 excepto
1588 1955 1743 2024 vino,
1776 1961 1831 2010 et
1858 1973 2048 2024 carne,

357 2043 413 2091 et
442 2039 742 2109 sagimine,
776 2041 1038 2094 comedat
1069 2040 1353 2112 quidquid
1386 2042 1524 2096 vult.
1582 2043 1648 2096 Et
1691 2043 1771 2097 sic
1811 2045 2054 2099 redimat

355 2125 604 2195 reliquos
636 2127 773 2180 anni
804 2127 942 2182 dies.

357 2213 485 2268 CAP.
543 2215 698 2268 XXII.
759 2245 841 2288 A—i
877 2219 950 2270 De
1011 2217 1123 2288 illis
1153 2222 1248 2287 qui
1297 2217 1549 2286 jejunare
1577 2233 1683 2273 non
1707 2225 1955 2288 possunt,
2005 2225 2056 2274 et

750 2286 946 2340 habent
972 2286 1115 2340 unde
1151 2286 1412 2342 redimere
1438 2292 1663 2357 possint.

433 2375 538 2440 (Ea:
591 2373 814 2444 eodem.)
846 2375 904 2428 Si
957 2376 1086 2445 quis
1140 2375 1289 2429 forte
1332 2393 1447 2429 non
1476 2377 1732 2446 potuerit
1772 2378 2054 2448 jejunare,

361 2466 420 2513 et
448 2460 715 2513 habuerit
741 2463 889 2516 unde
931 2464 1109 2533 possit
1139 2463 1445 2532 redimere,
1477 2465 1522 2518 si
1570 2464 1724 2519 dives
1754 2466 1926 2520 fuerit
1954 2484 2057 2538 pro

362 2553 581 2616 septem
635 2549 1092 2604 hebdomadibus
1154 2553 1249 2605 det
1279 2553 1488 2606 solidos
1535 2553 1642 2607 XX.
1705 2554 1763 2609 Si
1809 2570 1921 2609 non
1963 2556 2060 2610 ha-

364 2637 554 2692 buerit
585 2639 734 2692 unde
789 2644 1014 2694 tantum
1069 2641 1202 2694 dare
1233 2641 1431 2712 possit,
1489 2641 1584 2696 det
1640 2643 1854 2698 solidos
1907 2645 1965 2699 X.
2000 2645 2059 2699 Si

363 2730 554 2779 autem
589 2729 831 2780 multum
865 2745 1088 2799 pauper
1110 2729 1298 2795 fuerit,
1327 2731 1420 2783 det
1455 2730 1666 2784 solidos
1704 2738 1837 2786 tres.
1873 2733 2061 2786 Nemi-

364 2829 496 2866 nem
531 2830 660 2867 vero
683 2817 988 2869 conturbet
1010 2815 1144 2886 quia
1169 2816 1449 2886 jussimus
1473 2818 1606 2872 dare
1633 2820 1842 2874 solidos
1859 2821 1940 2875 XX
1962 2825 2062 2874 aut

369 2901 596 2956 minus:
631 2903 767 2972 quia
800 2902 846 2955 si
905 2904 1060 2958 dives
1118 2905 1310 2971 fuerit,
1376 2906 1597 2960 facilius
1640 2912 1725 2961 est
1782 2907 1867 2962 illi
1924 2909 2059 2962 dare

367 2987 578 3042 solidos
609 2989 699 3044 XX
757 3005 928 3058 quam
962 2991 1200 3059 pauperi
1231 2997 1360 3046 tres.
1416 2993 1520 3047 Sed
1572 2993 1824 3048 attendat
1885 3011 2060 3048 unus-

368 3076 611 3146 quisque
643 3077 735 3130 cui
765 3077 900 3131 dare
954 3078 1176 3143 debeat,
1213 3079 1326 3133 sive
1385 3097 1489 3150 pro
1550 3082 1941 3152 redemptione
1973 3099 2063 3136 ca-

368 3163 675 3233 ptivorum,
707 3164 823 3216 sive
850 3181 1022 3233 super
1051 3172 1308 3220 sanctum
1340 3169 1539 3234 altare,
1575 3170 1690 3223 sive
1728 3171 1825 3224 Dei
1863 3171 2059 3240 servis,

371 3266 470 3305 seu
503 3251 873 3322 pauperibus,
906 3253 967 3306 in
997 3253 1436 3324 eleemosynam.

373 3339 500 3392 CAP.
536 3339 716 3394 XXIII.
749 3368 818 3416 -τ
853 3343 922 3416 D_e
950 3340 1061 3416 illis
1081 3345 1177 3412 qui
1194 3358 1299 3416 non
1327 3350 1553 3413 possunt
1582 3346 1894 3416 adimplere,
1921 3349 2066 3416 quod

783 3412 841 3464 in
870 3413 1236 3468 Paenitentiati
1262 3412 1526 3484 scriptum
1554 3420 1649 3470 est.

444 3500 549 3566 (Ea:
589 3498 816 3568 eodem.)
869 3501 976 3564 Qui
1005 3517 1121 3555 non
1153 3506 1337 3572 potest
1363 3503 1443 3556 sic
1473 3520 1642 3574 agere
1671 3505 2064 3575 paenitentiam

374 3591 439 3640 ut
471 3587 734 3656 superius
790 3589 1060 3654 diximus,
1095 3590 1263 3644 faciat
1292 3591 1371 3645 sic
1404 3607 1417 3645 :
1469 3592 1524 3646 Si
1567 3599 1683 3647 tres
1716 3610 1898 3647 annos
1927 3611 2068 3648 con-

371 3676 568 3728 tinuos
607 3677 872 3745 jejunare
925 3678 1115 3743 debet,
1151 3683 1204 3731 et
1248 3680 1512 3750 jejunare
1560 3697 1676 3735 non
1724 3686 1928 3752 potest,
1990 3683 2070 3737 sic

374 3763 655 3818 redimere
681 3770 866 3835 potest
897 3782 909 3819 :
969 3767 1026 3820 in
1082 3767 1270 3837 primo
1297 3784 1450 3822 anno
1508 3775 1704 3837 eroget
1731 3770 1789 3822 in
1819 3771 2067 3825 eleemo-

373 3868 572 3922 synam
621 3853 833 3907 solidos
866 3853 1068 3923 viginti
1110 3871 1224 3908 sex.
1283 3857 1340 3908 In
1387 3857 1639 3910 secundo
1682 3873 1833 3911 anno
1873 3863 2070 3928 eroget

373 3939 431 3992 in
464 3940 884 4011 eleemosynam
934 3943 1162 4008 solidos,
1197 3943 1307 3997 XX.
1339 3944 1401 3997 In
1431 3944 1596 3997 tertio
1653 3961 1804 3997 anno
1837 3946 2070 4016 solidos,

374 4029 552 4083 XVIII.
596 4030 708 4083 Hoc
735 4035 867 4082 sunt
893 4031 1058 4083 solidi
1107 4031 1276 4085 LXIV.
1312 4033 1576 4085 Potentes
1624 4037 1818 4085 autem
1876 4032 2070 4085 homi-

377 4132 476 4170 nes
506 4117 632 4187 plus
661 4117 796 4170 dare
839 4117 1049 4171 debent
1084 4135 1096 4171 :
1152 4119 1285 4189 quia
1336 4120 1426 4172 cui
1484 4121 1612 4189 plus
1669 4120 2066 4186 committitur,
2099 4134 2141 4188 Ι)

377 4206 506 4274 plus
563 4207 631 4260 ab
696 4222 763 4259 eo
821 4205 1099 4274 exigetur.
1166 4208 1231 4260 Et
1291 4207 1387 4277 qui
1441 4208 1640 4262 illicita
1679 4208 2069 4274 committunt,

377 4294 548 4348 etiam
575 4310 606 4346 a
638 4293 804 4347 licitis
835 4309 894 4345 se
935 4294 1217 4349 abstinere
1273 4296 1504 4364 debent,
1551 4302 1608 4350 et
1631 4313 1838 4367 corpus
1867 4297 2077 4351 debent

379 4380 635 4449 affligere
705 4381 960 4450 jejuniis,
1002 4382 1234 4453 vigiliis,
1296 4388 1351 4437 et
1404 4384 1618 4438 crebris
1699 4384 2072 4439 orationibus.

381 4469 522 4523 Caro
581 4467 734 4521 enim
784 4469 911 4522 lata
956 4471 1130 4525 trahit
1163 4471 1230 4525 ad
1283 4472 1513 4542 culpam
1568 4487 1581 4525 :
1627 4471 1837 4525 afﬂicta
1885 4477 2076 4526 autem

377 4555 602 4611 reducit
629 4556 701 4610 ad
731 4556 976 4613 veniam.

381 4646 509 4700 CAP.
543 4647 716 4700 XXIV.
765 4675 834 4686 —
867 4649 939 4700 De
957 4650 1069 4701 illis
1086 4651 1183 4716 qui
1201 4649 1458 4716 jejunare
1478 4663 1585 4701 non
1611 4616 1870 4717 possunt,
1897 4653 1947 4702 et
1976 4664 2081 4704 non

912 4719 1110 4773 habent
1137 4720 1279 4774 unde
1319 4721 1551 4788 possint.

454 4797 573 4862 (Ea:
604 4797 971 4851 Panitentiali
988 4798 1144 4852 Beda:
1164 4797 1510 4869 presbyteri.)
1541 4796 1646 4861 Qui
1666 4797 1930 4868 jejunare
1961 4813 2079 4852 non

379 4888 566 4954 potest
596 4889 652 4938 et
682 4900 796 4938 non
825 4884 995 4938 habet
1050 4886 1198 4940 unde
1231 4885 1476 4940 redimat
1504 4889 1560 4940 et
1614 4885 1867 4940 Psalmos
1898 4886 2077 4951 novit,

381 4988 486 5043 pro
528 4989 643 5026 uno
686 4972 777 5026 die
824 4990 994 5044 quem
1041 4973 1100 5026 in
1157 4989 1303 5044 pane
1333 4978 1390 5027 et
1419 4973 1854 5044 aquajejunare
1910 4973 2077 5027 debet

381 5061 564 5116 tribus
595 5061 846 5115 vicibus:
897 5062 1052 5116 Beati
1084 5061 1456 5127 immaculati,
1502 5078 1704 5131 usque,
1759 5061 1844 5115 Ad
1878 5063 2078 5116 Domi-

382 5165 521 5204 num
552 5166 682 5203 cum
730 5149 1036 5204 tribularer
1085 5150 1363 5204 decantet.
1426 5150 1493 5202 Et
1526 5151 1754 5202 sexies:
1813 5148 2077 5202 Miserere

380 5238 493 5292 mei
527 5239 692 5292 Deus.
729 5240 791 5293 Et
821 5239 1144 5309 septuagies
1181 5244 1508 5309 prosternat
1554 5255 1613 5291 se
1666 5238 1727 5292 in
1752 5243 1985 5304 terram,
2020 5244 2078 5292 et

379 5343 485 5396 per
529 5327 781 5398 singulas
837 5327 1286 5394 genuﬂexiones,
1335 5328 1500 5382 Pater
1559 5331 1755 5380 noster
1788 5325 2070 5381 decantet.

379 5416 487 5480 Qui
509 5420 699 5470 autem
736 5416 985 5470 Psalmos
1007 5416 1206 5483 nescit,
1239 5431 1342 5485 pro
1365 5431 1479 5468 uno
1512 5415 1603 5468 die
1633 5431 1806 5486 quem
1835 5416 1895 5468 in
1926 5431 2075 5484 pane

2154 400 2389 461 terram,
2424 400 2480 450 et
2506 413 2611 466 per
2661 396 2917 467 singulas
2962 397 3413 466 genuflexiones,
3448 399 3620 452 Pater
3667 403 3879 451 noster

2155 484 2325 537 dicat.

2228 572 2358 626 CAP.
2388 573 2534 626 XXV.
2560 604 2624 611 —
2647 576 2716 625 1).:
2747 573 3107 642 redemptione
3126 580 3327 643 septem
3353 590 3645 629 annorum.

2231 660 2337 729 (Em
2395 663 2758 714 Pwnitenttal.
2815 662 3094 732 Romano.)
3154 663 3296 716 Item
3355 663 3471 716 alio
3533 665 3733 730 modo,
3779 665 3878 716 XII

2159 748 2440 802 triduanas
2469 749 2712 818 singulas
2742 766 2873 802 cum
2905 751 3186 820 psalteriis
3215 751 3287 805 Ill
3325 751 3604 821 impletis,
3648 757 3710 804 et
3737 768 3880 804 cum

2159 836 2423 906 palmatis
2473 837 2597 892 CCC
2667 853 2771 907 per
2801 837 3026 908 singula
3053 839 3322 909 psalteria
3359 845 3636 893 excusant
3697 841 3876 892 unius

2158 925 2297 978 anni
2329 925 2739 995 paenitentiam.
2774 926 2840 978 Et
2871 926 3072 996 viginti
3097 933 3347 996 quatuor
3395 928 3672 982 biduana:
3708 929 3870 980 simi-

2159 1014 2308 1080 liter,
2335 1031 2463 1068 cum
2492 1021 2605 1068 tres
2635 1015 2922 1084 psalteriis
2985 1015 3261 1084 impletis,
3316 1021 3375 1069 et
3406 1017 3534 1070 CCC
3593 1017 3872 1086 palmatis

2158 1118 2261 1172 per
2306 1101 2531 1172 singula
2613 1103 2908 1171 psalteria,
2959 1110 3231 1156 excusant
3277 1104 3423 1157 duos
3496 1120 3686 1157 annos
3742 1105 3872 1158 XXV

2158 1190 2366 1260 psalmi
2395 1206 2523 1242 cum
2550 1190 2790 1243 totidem
2821 1191 2999 1244 veniis
3020 1207 3124 1260 per
3159 1198 3409 1254 noctem,
3465 1197 3520 1244 et
3576 1208 3712 1245 cum
3748 1193 3865 1262 pai-

2158 1279 2326 1331 matis
2352 1278 2478 1335 CCC
2510 1283 2786 1332 excusant
2819 1278 3149 1332 biduanam.
3195 1279 3440 1333 Centum
3479 1281 3687 1349 psalmi
3738 1296 3868 1332 cum

2162 1368 2340 1420 veniis
2386 1383 2489 1437 per
2545 1371 2795 1431 noctem,
2847 1372 2902 1420 et
2946 1383 3072 1420 cum
3107 1369 3404 1437 psaImatis
3429 1368 3559 1423 CCC
3589 1374 3870 1421 excusant

2157 1453 2475 1507 tridurnam
2529 1453 2652 1508 CXX
2711 1453 2898 1506 missae
2955 1455 3250 1523 speciales,
3319 1454 3562 1524 singula:
3614 1471 3754 1508 cum
3799 1456 3870 1508 III

2157 1541 2463 1613 psalteriis,
2540 1547 2595 1594 et
2685 1541 2813 1598 CCC
2883 1543 3180 1612 psalmatis
3264 1550 3535 1596 excusant
3621 1559 3872 1606 annum,

2158 1638 2388 1685 centum
2423 1630 2588 1684 solidi
2646 1630 2778 1685 data
2831 1630 2891 1684 in
2937 1631 3362 1702 eleemosynam
3420 1649 3640 1686 annum
3699 1648 3873 1686 excu-

2163 1723 2314 1770 sant.

2161 1807 2288 1860 CAP.
2320 1807 2496 1860 XXVI.
2521 1837 2588 1845 —
2620 1809 2686 1861 Ut
2715 1809 2770 1860 in
2786 1808 2961 1875 capite
2990 1807 3423 1876 quadragesim
3439 1823 3615 1861 omnes
3633 1809 3879 1876 publica

2227 1880 2545 1947 prrnitentes
2576 1879 2634 1930 in
2673 1880 2948 1931 civitatem
2974 1881 3218 1945 veniant,
3263 1884 3314 1931 et
3358 1883 3482 1931 ante
3505 1881 3648 1944 fores
3682 1880 3877 1932 Ecde-

2232 1950 2328 2002 siw
2379 1949 2544 2001 nudis
2585 1949 2833 2017 pedibus,
2892 1953 2940 2002 et
2999 1950 3174 2002 cilicio
3208 1949 3415 2017 induti,
3476 1953 3728 2019 episcopo
3777 1966 3874 2003 suo

2233 2033 2289 2072 se
2321 2023 2724 2088 representent.

2236 2107 2346 2178 (Ea:
2383 2109 2604 2162 concilio
2630 2109 2926 2174 Agathen.,
2955 2110 3130 2175 capite
3165 2109 3244 2175 9.)
3288 2109 3350 2161 In
3390 2109 3574 2178 capite
3605 2108 3873 2171 Quadra-

2164 2195 2402 2264 gesimaa
2446 2210 2644 2248 omnes
2685 2194 3027 2265 pmnitentes
3071 2194 3168 2266 qui
3202 2195 3493 2265 publicam
3546 2197 3876 2266 suscipiunt

2165 2287 2268 2336 aut
2314 2289 2686 2352 susceperunt
2741 2283 3155 2352 paenitentiam,
3216 2291 3350 2337 ante
3398 2284 3548 2338 fores
3607 2285 3876 2338 Ecclesiae

2168 2387 2227 2424 se
2253 2375 2664 2442 representent
2701 2371 2970 2442 episcopo
3026 2371 3284 2438 civitatis,
3318 2389 3479 2426 sacco
3523 2372 3729 2438 induti,
3763 2389 3877 2425 nu-

2167 2458 2255 2512 dis
2285 2459 2542 2528 pedibus,
2594 2459 2840 2513 vultibus
2908 2460 2965 2512 in
3017 2465 3226 2514 terram
3281 2462 3605 2530 prostratis,
3639 2477 3770 2513 reos
3821 2478 3881 2514 se

2167 2563 2290 2601 esse
2329 2547 2450 2617 ipso
2522 2547 2721 2600 habitu
2776 2552 2833 2601 et
2889 2548 3045 2600 vultu
3082 2549 3529 2618 proclamantes.
3563 2548 3644 2602 Ibi
3674 2549 3882 2602 adesse

2169 2635 2380 2688 debent
2398 2635 2618 2694 decani,
2659 2635 2715 2688 id
2747 2639 2850 2700 est,
2904 2635 3379 2705 archipresbyteri
3437 2637 3879 2705 parochiarum,

2167 2721 2222 2774 id
2248 2727 2351 2788 est,
2387 2722 2707 2793 presbyteri
2753 2723 3156 2792 paenitentum,
3192 2723 3293 2792 qui
3323 2739 3528 2776 eorum
3573 2740 3882 2776 conversa-

2169 2809 2385 2863 tionem
2438 2810 2745 2880 diligenter
2797 2811 3076 2881 iuspicere
3163 2811 3398 2874 debent,
3453 2817 3512 2864 et
3558 2813 3880 2865 secundum

2172 2898 2406 2951 modum
2431 2900 2635 2968 culpae,
2666 2899 3065 2968 paenitentiam
3123 2916 3224 2970 per
3253 2900 3525 2970 prsetixos
3553 2902 3768 2970 gradus
3801 2902 3886 2952 in-

2164 2985 2432 3055 jungant.
2460 2988 2594 3040 Post
2619 2987 2740 3040 haec
2760 2987 2820 3040 in
2843 2987 3149 3041 Ecclesiam
3169 3005 3270 3062 eos
3292 2987 3646 3054 introducat,
3676 2994 3881 3042 etcum

2172 3075 2330 3127 omni
2357 3075 2508 3128 clero
2561 3080 2778 3144 septem
2839 3075 3188 3145 poenitentiae
3233 3077 3493 3129 Psalmos
3543 3077 3602 3129 in
3663 3083 3881 3129 terram

2171 3167 2489 3232 prostratus
2547 3179 2679 3216 cum
2728 3163 2994 3233 lacrymis
3078 3180 3180 3232 pro
3237 3180 3440 3217 eorum
3510 3165 3881 3218 absolutione

2172 3252 2455 3305 decantet.
2511 3251 2666 3304 Tunc
2722 3267 3032 3320 resurgens
3064 3253 3132 3305 ab
3180 3254 3462 3312 oratione.
3511 3254 3675 3323 juxta
3722 3253 3875 3323 quod

2171 3355 2420 3392 canones
2445 3339 2669 3407 jubent,
2711 3355 2918 3392 manus
2971 3339 3050 3392 eis
3105 3339 3387 3410 imponat,
3445 3358 3663 3411 aquam
3701 3342 3886 3395 bene—

2176 3427 2383 3481 dictam
2441 3443 2613 3496 super
2660 3444 2754 3480 eos
2809 3435 3060 3498 spargat,
3137 3428 3390 3481 cinerem
3444 3430 3609 3498 prius
3669 3430 3884 3488 mittat,

2173 3516 2376 3570 deinde
2420 3515 2605 3569 cilicio
2659 3515 2844 3585 capita
2889 3531 3087 3568 eorum
3149 3517 3460 3585 cooperiat,
3516 3523 3576 3568 et
3631 3534 3766 3570 cum
3791 3533 3886 3586 ge-

2178 3605 2320 3658 mitu
2375 3609 2431 3657 et
2494 3604 2708 3658 crebris
2765 3604 3027 3672 suspiriis
3075 3604 3156 3656 eis
3187 3605 3518 3672 denunciet,
3551 3607 3710 3676 quod
3742 3606 3891 3658 sicut

2176 3694 2356 3748 Adam
2387 3693 2673 3762 projectus
2703 3696 2786 3745 est
2815 3693 2884 3744 de
2924 3692 3208 3763 paradiso,
3233 3693 3312 3746 ita
3343 3700 3396 3747 et
3433 3694 3543 3763 ipsi
3571 3695 3647 3746 ab
3701 3695 3888 3747 Eccle—

2179 3783 2261 3835 sia
2287 3798 2391 3852 pro
2421 3781 2668 3850 peccatis
2724 3779 3089 3849 abjiciuntur.
3126 3783 3259 3834 Post
3284 3782 3409 3834 haec
3462 3782 3667 3850 jubeat
3713 3783 3885 3835 mini-

2179 3867 2308 3920 stris
2351 3872 2414 3919 ut
2461 3882 2558 3918 eos
2604 3871 2759 3920 extra
2799 3866 3007 3935 januas
3056 3867 3315 3920 Ecclesia’
3339 3869 3654 3937 expellant.
3696 3869 3890 3922 Clerus

2177 3971 2310 4008 vero
2349 3959 2726 4025 prosequatur
2776 3971 2872 4007 eos
2905 3971 3034 4008 cum
3084 3955 3516 4024 Responsorio:
3573 3956 3638 4009 In
3683 3956 3888 4010 sudore

2178 4044 2369 4097 vultus
2415 4042 2498 4095 tui
2545 4041 2786 4096 vesceris
2832 4059 3003 4112 pane,
3057 4049 3187 4108 etc.,
3215 4048 3279 4096 ut
3311 4043 3572 4097 videntes
3634 4051 3888 4098 sanctam

2181 4130 2486 4185 Ecclesiam
2534 4146 2640 4200 pro
2682 4129 3028 4184 facinoribus
3076 4130 3189 4183 suis
3250 4131 3649 4186 tremefactam
3720 4140 3887 4200 atque

2181 4224 2548 4280 commotam,
2634 4234 2751 4272 non
2836 4219 3248 4290 parvipendant
3330 4219 3762 4288 paenitentiam.
3833 4223 3887 4273 In

2183 4324 2341 4362 sacra
2361 4312 2552 4361 autem
2586 4306 2816 4360 Domini
2845 4323 3026 4371 coena,
3083 4323 3280 4360 rursus
3311 4307 3384 4360 ab
3415 4323 3622 4362 eorum
3659 4308 3884 4361 decanis

2184 4401 2241 4450 et
2270 4411 2468 4450 eorum
2501 4395 2868 4465 presbyteris,
2903 4393 3160 4448 Ecclesia:
3208 4394 3515 4448 liminibus
3562 4411 3882 4466 repraesen-

2184 4489 2395 4540 tentur.

2185 4575 2312 4628 CAP.
2337 4572 2536 4627 XXVII.
2565 4601 2628 4611 —
2654 4574 2720 4626 Ut
2738 4573 3053 4640 paznitentes
3065 4571 3677 4640 quandopaznitentiam
3696 4577 3881 4642 petunt

2466 4645 2862 4711 impositionem
2892 4658 3148 4696 manuum
3176 4649 3603 4710 consequantur.

2255 4730 2376 4798 (Ea:
2395 4729 2591 4792 eodem,
2625 4732 2803 4798 capite
2818 4729 2894 4798 7.)
2915 4729 3259 4784 Poenitentes
3283 4735 3550 4798 tempore
3566 4746 3684 4800 quo
3717 4731 3890 4799 paeni.

2185 4819 2422 4872 tentiam
2457 4824 2681 4888 petunt,
2717 4818 3149 4886 impositionem
3192 4833 3500 4883 manuum,
3535 4825 3607 4882 get
3647 4819 3888 4871 cilicium

2186 4922 2357 4976 super
2377 4905 2567 4975 capita
2602 4907 2977 4965 asacerdote,
3033 4905 3181 4958 sicut
3247 4905 3461 4975 ubique
3521 4907 3888 4959 constitutum

2189 4998 2290 5055 est,
2327 4999 2776 5060 consequantur.
2806 4991 2865 5046 Si
2888 4999 3079 5045 autem
3109 5007 3298 5044 comas
3341 5008 3461 5045 non
3492 4993 3885 5062 deposuerint,

2181 5086 2282 5133 aut
2304 5080 2645 5134 vestimenta
2679 5096 2790 5133 non
2822 5080 3190 5146 mutaverint,
3235 5080 3606 5150 abjiciantur.

2184 5170 2310 5222 CAP.
2328 5169 2552 5222 XXVIII.
2568 5199 2636 5206 —
2651 5173 2768 5235 ()ua
2785 5171 3108 5221 auctoritate
3120 5168 3308 5221 modus
3317 5172 3656 5235 paenitentia:
3670 5174 3883 5238 peccata

2629 5240 2998 5307 conﬁtentibus
3026 5240 3233 5306 imponi
3263 5238 3435 5292 debet.

2254 5329 2595 5396 (Exconcilio
2621 5329 2946 5393 Moguntin.,
2991 5330 3164 5395 capite
3197 5327 3303 5390 IO.)
3322 5326 3522 5380 Modus
3548 5331 3874 5396 tempusque

2183 5415 2533 5485 poenitentia:
2581 5419 2808 5485 peccata
2837 5431 2939 5468 sua
2977 5415 3402 5479 conﬁtentibus,
3448 5422 3550 5469 aut
3601 5431 3705 5484 per
3752 5414 3878 5468 anti-
