4014 6200
266 267 367 318 985

1090 270 1571 333 DECRETORUM
1614 278 1803 334 LIBRI
1842 281 1948 336 XX.
1992 310 2059 321 -—-
2101 284 2314 338 LIBER
2354 285 2659 341 DECIMUS
2697 287 2943 344 NONUS.

3657 300 3759 353 986

262 403 510 457 quorum
539 405 825 444 canonum
873 393 1311 463 institutionem,
1354 404 1455 452 aut
1496 416 1601 470 per
1628 409 1951 457 sanctarum
1992 410 2036 462 A
2070 408 2405 476 protelanda
2439 410 2768 465 existimant
2796 428 2808 468 :
2834 415 3026 467 tamen
3058 430 3161 482 pro
3186 416 3528 485 quibusdam
3552 419 3755 489 culpis,

261 472 379 528 Scri
386 480 482 544 ptu
492 491 685 529 rarum
700 479 1117 548 auctoritatem,
1148 488 1245 536 aut
1259 500 1361 553 per
1373 488 1813 543 ecclesiasticam
1828 508 1956 545 con-

259 564 623 618 suetudinem
655 566 951 635 probatam
984 571 1205 640 imponi
1239 573 1406 627 debet
1450 592 1482 629 a
1539 579 1951 634 sacerdotibus

261 653 405 705 Nam
439 654 539 722 qui
570 656 814 723 peccatis
857 659 1123 727 gravibus
1167 661 1321 715 leves
1350 665 1630 733 quosdam
1673 673 1728 721 et
1779 669 1956 723 inusi-

259 746 407 794 tatos
436 742 746 811 imponunt
770 747 1123 813 poenitentiae
1157 752 1374 817 modos,
1407 760 1691 809 consuunt
1738 759 1953 827 pulvil-

257 829 341 881 los
397 831 710 884 secundum
770 836 1166 904 propheticum
1238 856 1584 907 sermonem,
1635 846 1738 899 sub
1796 848 1955 901 omni

257 916 449 970 cubito
482 934 706 985 manus,
757 925 815 974 et
862 921 1075 978 faciunt
1122 928 1420 982 cervicalia
1466 932 1569 985 sub
1617 935 1802 1003 capite
1834 935 1953 989 uni-

258 1020 433 1058 versa:
490 1007 673 1059 aetatis
726 1009 795 1061 ad
840 1013 1145 1080 capiendas
1211 1017 1478 1072 animas:
1535 1021 1634 1074 sed
1686 1022 1951 1077 discretio

258 1096 535 1148 servanda
588 1101 675 1149 est
703 1096 856 1151 inter
897 1102 1239 1168 pmnitentes
1274 1106 1519 1174 publice,
1555 1115 1612 1162 et
1657 1110 1948 1165 abscouse.

259 1182 403 1235 Nam
435 1184 534 1253 qui
565 1184 793 1254 publice
824 1194 1038 1256 peccat,
1072 1198 1299 1261 oportet
1328 1200 1390 1248 ut
1419 1197 1643 1265 publice
1676 1200 1954 1253 multetur

256 1272 614 1341 paenitentia,
675 1279 749 1339 et,
800 1278 1114 1332 secundum
1172 1282 1436 1337 ordinem
1490 1300 1798 1354 canonum,
1847 1305 1952 1359 pro

257 1360 462 1413 merito
493 1377 595 1414 suo
628 1366 1173 1434 excommunicetur,
1200 1376 1255 1424 et
1281 1373 1696 1428 reconcilietur.

256 1466 384 1519 CAP.
418 1468 586 1521 XXIX.
618 1496 688 1509 —
719 1471 872 1547 Quod
899 1472 1189 1529 diversitas
1222 1480 1524 1547 culparum,
1576 1482 1949 1537 diversitatem

748 1545 925 1607 faciat
955 1545 1419 1613 paenitentiarum.

326 1627 437 1693 (Ea:
461 1626 624 1681 dictis
670 1630 931 1700 August.)
982 1634 1285 1689 Diversitas
1326 1640 1646 1710 culparum,
1703 1642 1939 1696 diversi-

250 1717 429 1766 tatem
459 1714 595 1769 facit
642 1718 1132 1787 posnitentiarum.
1186 1725 1329 1779 Nam
1361 1733 1418 1779 et
1456 1744 1763 1799 corporum
1820 1747 1939 1785 me-

248 1800 383 1867 dici,
438 1802 656 1859 diversa
728 1808 1145 1863 medicamenta
1210 1824 1581 1884 componunt,
1661 1824 1723 1871 ut
1779 1820 1947 1873 aliter

251 1890 507 1954 vulnera,
558 1894 726 1946 aliter
756 1896 1043 1963 morbum,
1095 1900 1262 1954 aliter
1300 1907 1577 1971 tumores,
1627 1907 1791 1959 aliter
1838 1925 1944 1978 pu-

248 1979 527 2039 tredines,
562 1982 725 2035 aliter
758 1984 1047 2052 caligines,
1099 1988 1266 2041 aliter
1294 1991 1723 2058 confractiones,
1779 1997 1946 2049 aliter

246 2068 677 2122 combustiones
726 2077 947 2125 curent.
989 2074 1072 2126 lta
1139 2083 1196 2128 et
1246 2078 1531 2147 spiritales
1579 2082 1809 2151 medici,
1864 2084 1945 2137 di-

248 2156 429 2208 versis
496 2158 855 2213 curationum
939 2163 1248 2230 generibus
1330 2168 1655 2223 animarum
1708 2173 1945 2226 vulnera

245 2258 454 2296 sanare
519 2244 773 2300 debent:
829 2248 922 2302 sed
994 2250 1130 2319 quia
1183 2253 1299 2307 haec
1355 2271 1670 2324 paucorum
1726 2267 1812 2315 est
1874 2262 1943 2316 ad

244 2346 463 2399 purum
521 2333 736 2387 scilicet
799 2343 1002 2390 cuncta
1068 2356 1432 2409 cognoscere,
1497 2352 1555 2399 et
1604 2364 1824 2415 curare,
1887 2356 1945 2404 et

250 2418 492 2484 mederi,
524 2426 697 2490 atque
731 2429 792 2475 ut
842 2427 902 2477 in
929 2425 1220 2495 integrum
1251 2432 1449 2485 salutis
1478 2440 1689 2489 statum
1722 2439 1945 2492 valeant

250 2522 537 2573 revocare,
587 2509 717 2563 ideo
768 2512 1009 2567 solerter
1058 2517 1434 2574 admonemus
1463 2522 1693 2578 doctum
1735 2542 1943 2596 quem-

249 2611 361 2665 que
417 2598 769 2652 sacerdotem
822 2600 1031 2655 Christi
1082 2609 1147 2657 ut
1195 2622 1309 2659 non
1351 2625 1414 2661 ex
1449 2626 1552 2663 suo
1601 2628 1791 2679 sensu,
1845 2615 1943 2669 sed

248 2685 563 2738 secundum
613 2702 896 2741 canonum
947 2696 1179 2757 statuta,
1230 2699 1287 2748 et
1333 2698 1668 2753 traditiones
1708 2704 1941 2757 Patrum

249 2771 514 2825 universa
543 2773 831 2843 disponat,
866 2781 923 2829 et
949 2779 1342 2836 conditionem
1402 2786 1699 2858 utriusque
1750 2808 1938 2858 sexus,

247 2865 499 2925 aetatem,
558 2870 977 2933 paupertatem,
1043 2883 1292 2930 causam.
1349 2878 1580 2943 statum,
1637 2894 1940 2947 personam

2064 493 2222 547 modi
2252 495 2603 563 pmnitentiaa
2636 502 2768 551 sunt
2809 498 3084 570 impositi,
3130 502 3292 570 juxta
3337 519 3481 572 quos
3535 510 3754 559 eceterae

2062 585 2485 652 perpendenda:
2517 591 2650 640 sunt
2677 589 2879 656 culpae,
2910 605 3039 643 cum
3067 590 3137 644 sit
3176 591 3340 644 facile
3381 607 3483 660 per
3527 593 3753 645 eosdem

2063 668 2262 721 modos
2292 668 2599 724 vindictam
2620 678 2675 724 et
2707 689 3005 728 censuram
3027 692 3313 729 canonum
3339 676 3644 730 aistimare.

2063 756 2187 811 Cap.
2222 757 2425 813 XXXII.
2457 788 2530 800 —
2561 763 2629 814 De
2654 763 2764 815 illis
2786 763 2882 831 qui
2909 767 3282 830 plenitentiam
3311 766 3419 819 sibi
3446 766 3749 833 injunctam

2612 833 2909 901 adimplere
2933 837 3217 917 festinant.
3570 908 3580 917 Ι
3710 907 3719 917 _

2131 898 2242 965 (Ea:
2291 900 2662 955 Paenitentiali
2707 898 2987 974 Romano.)
3048 907 3527 977 Unumquemque
3568 907 3753 960 homi-

2062 1001 2194 1038 nem
2226 989 2587 1043 accedentem
2648 992 2711 1044 ad
2770 994 3167 1061 paenitentiam
3200 996 3244 1046 si
3296 995 3501 1048 videris
3549 996 3755 1049 acriter

2062 1078 2116 1126 et
2147 1076 2370 1129 assidue
2395 1082 2542 1131 stare
2575 1079 2629 1133 in
2676 1082 3036 1150 paenitentia,
3088 1083 3279 1136 statim
3326 1083 3617 1136 remissius
3649 1101 3751 1155 age

2060 1163 2327 1217 adversus
2357 1183 2509 1221 eum.
2544 1167 2648 1231 Qui
2682 1186 2812 1223 vero
2846 1178 3033 1239 potest
3062 1173 3324 1241 jejunare
3361 1172 3510 1241 quod
3559 1173 3753 1241 impo-

2060 1252 2231 1305 situm
2262 1260 2345 1306 est
2371 1254 2443 1321 ei,
2497 1257 2613 1309 noli
2671 1258 2995 1327 prohibere,
3049 1261 3143 1313 sed
3197 1260 3512 1330 permitte:
3567 1261 3751 1329 magis

2060 1340 2211 1394 enim
2246 1342 2517 1397 laudandi
2546 1350 2675 1397 sunt
2706 1342 2761 1398 hi
2796 1347 2894 1417 qui
2925 1348 3186 1401 celeriter
3234 1349 3487 1401 debitum
3528 1349 3752 1417 pondus

2058 1429 2383 1495 persolvere
2416 1431 2681 1485 festinant
2715 1450 2727 1486 :
2754 1435 2887 1504 quia
2909 1435 3196 1505 jejunium
3227 1436 3480 1489 debitum
3503 1442 3589 1489 est
3609 1452 3751 1505 pon-

2056 1515 2181 1583 dus,
2206 1522 2263 1569 et
2293 1519 2371 1570 sic
2393 1521 2701 1573 amandum
2728 1522 2815 1574 bis
2844 1525 2940 1593 qui
2966 1524 3359 1593 paenitentiam
3383 1529 3591 1594 agunt;
3615 1525 3752 1594 quia

2058 1603 2102 1656 si
2128 1605 2491 1675 jejunaverit,
2522 1613 2576 1661 et
2609 1611 2981 1679 compleverit
3004 1614 3152 1681 quod
3185 1612 3268 1665 illi
3299 1614 3633 1666 mandatum
3665 1619 3748 1667 est

2055 1709 2087 1745 a
2118 1695 2428 1761 sacerdote,
2466 1696 2864 1765 puriﬁcabitur
2890 1716 2919 1751 a
2954 1702 3212 1770 peccatis.
3248 1701 3407 1764 Quod
3448 1702 3493 1753 si
3539 1701 3749 1755 iterum

2056 1782 2122 1833 ad
2147 1783 2447 1851 pristinam
2479 1788 2951 1841 consuetudinem
3007 1790 3216 1859 peccati
3244 1789 3516 1859 Ireversus
3556 1789 3747 1855 fuerit,

2053 1870 2132 1921 sic
2179 1877 2261 1923 est
2304 1874 2590 1942 quomodo
2638 1877 2794 1927 canis
2842 1878 2940 1947 qui
2996 1880 3297 1931 revertitur
3347 1879 3415 1931 ad
3468 1878 3750 1932 vomitum

2053 1960 2371 2028 proprium.
2428 1962 2624 2015 Omnis
2676 1964 2870 2033 itaque
2918 1966 3197 2034 paenitens
3248 1984 3361 2020 non
3411 1968 3518 2020 hoc
3561 1968 3750 2019 solum

2054 2046 2221 2099 debet
2244 2048 2508 2116 jejunare
2541 2051 2689 2119 quod
2723 2051 2807 2104 illi
2842 2055 3171 2107 mandatum
3222 2061 3306 2107 est
3354 2072 3383 2106 a
3433 2055 3746 2122 sacerdote,

2051 2150 2250 2187 verum
2283 2134 2453 2189 etiam
2484 2144 2788 2207 postquam
2819 2142 3188 2210 compleverit
3221 2158 3284 2194 ea
3318 2159 3445 2212 quas
3477 2142 3559 2195 illi
3591 2143 3750 2211 jussa

2052 2227 2204 2287 sunt,
2256 2223 2421 2277 debet
2454 2231 2732 2294 quantum
2764 2228 2871 2298 ipsi
2921 2229 3103 2282 visum
3144 2230 3315 2283 fuerit
3359 2230 3643 2300 jejunare.
3690 2228 3747 2284 Si

2053 2310 2202 2364 enim
2259 2313 2440 2381 egerit
2485 2329 2550 2365 ea
2612 2331 2740 2385 quae
2791 2316 2872 2368 illi
2929 2319 3187 2371 sacerdos
3244 2318 3597 2389 praeceperit,
3649 2318 3747 2371 illa

2050 2404 2281 2469 peccata
2327 2406 2552 2455 tantum
2612 2420 2743 2474 quae
2798 2406 3088 2459 confessus
3135 2412 3219 2460 est
3252 2408 3633 2461 remittantur.
3688 2408 3744 2462 Si

2052 2488 2190 2540 vero
2216 2494 2412 2559 postea
2446 2508 2511 2545 ex
2545 2508 2645 2543 sua
2676 2494 2963 2546 voluntate
3004 2495 3369 2565 jejunaverit,
3421 2499 3744 2551 mercedem

2052 2577 2157 2629 sibi
2191 2579 2463 2648 acquiret,
2507 2586 2564 2633 et
2601 2597 2839 2649 regnum
2889 2586 3179 2639 caelorum.
3233 2587 3339 2649 Qui
3384 2601 3520 2655 ergo
3565 2590 3743 2639 totam

2050 2666 2428 2736 septimanam
2458 2668 2683 2739 jejunat
2709 2687 2813 2740 pro
2845 2674 3111 2741 peccatis,
3170 2674 3403 2727 sabbato
3452 2680 3509 2727 et
3554 2674 3743 2727 domi—

2050 2756 2175 2808 nica
2202 2756 2291 2809 die
2324 2758 2626 2811 manducet
2656 2764 2713 2812 et
2737 2760 2889 2813 bibat
2922 2762 3203 2833 quidquid
3231 2763 3283 2816 ei
3309 2769 3507 2832 aptum
3535 2762 3739 2815 fuerit:

2049 2844 2333 2897 custodiat
2381 2850 2572 2899 tamen
2624 2864 2680 2900 se
2747 2865 2779 2901 a
2837 2852 3068 2921 crapula
3118 2856 3174 2904 et
3229 2852 3551 2905 ebrietate:
3608 2852 3744 2921 quia

244 2949 524 3018 cujusque
557 2952 950 3018 penitentiam
982 2971 1150 3025 agere
1183 2960 1442 3029 volentis,
1490 2962 1677 3033 ipsum
1710 2984 1941 3038 quoque
1975 2963 2015 3018 C
2055 2948 2241 3038 2m?”
2300 2935 2523 3038 1"“er
2567 2936 2990 3038 -ᾳθέεδνιθῐθῐς
3026 2947 3293 3038 uescitur.
3335 2942 3489 3038 ideo
3523 2942 3743 3038 .beatus

243 3051 346 3088 cor
372 3036 699 3105 paenitentis
747 3040 1013 3110 inspiciat
1045 3060 1057 3096 :
1094 3050 1149 3098 et
1178 3049 1489 3103 secundum
1528 3052 1669 3121 haec,
1724 3036 1788 3109 ut
1836 3058 1943 3111 sibi

243 3123 430 3177 visum
468 3125 661 3193 fuerit,
702 3134 761 3180 ut
810 3130 1037 3199 sapiens
1080 3134 1355 3204 medicus,
1416 3138 1642 3209 singula
1697 3160 1942 3215 quaeque

243 3210 545 3280 dijudicet.

318 3316 447 3369 CAP.
480 3318 628 3371 XXX.
660 3350 727 3358 —
762 3323 916 3386 Quod
946 3326 1114 3379 multi
1141 3329 1254 3381 sint
1276 3332 1492 3393 fructus
1517 3338 1867 3402 pmnitentiae.

315 3404 426 3470 (Ea:
455 3404 615 3459 dictis
652 3408 937 3478 ejusdem.)
976 3413 1133 3466 Multi
1165 3423 1296 3469 sunt
1337 3420 1695 3487 poenitentiae
1724 3422 1941 3479 fructus

241 3506 352 3559 per
382 3508 527 3561 quos
557 3495 628 3547 ad
656 3497 1040 3565 expiationem
1073 3502 1378 3558 criminum
1432 3512 1780 3576 pervenitur.
1817 3515 1939 3568 Non

241 3579 401 3632 enim
437 3586 659 3635 tantum
704 3586 950 3655 simplici
990 3589 1089 3643 illo
1120 3593 1477 3660 pcenitentiaa
1509 3599 1743 3653 nomine
1790 3604 1941 3655 salus

240 3671 459 3721 aeterna
498 3673 941 3739 repromittitur,
977 3681 1037 3730 ut
1090 3678 1234 3734 illud
1286 3684 1667 3751 apostolicum
1702 3703 1714 3741 :
1753 3690 1940 3743 Pagni-

240 3755 468 3818 temini,
501 3760 709 3828 inquit,
762 3766 818 3815 et
847 3766 1246 3821 convertimini
1276 3774 1341 3823 ut
1384 3772 1683 3827 deleantur
1712 3784 1940 3845 peccata

239 3848 449 3897 vestra.
502 3846 565 3899 Et
615 3846 757 3903 illud
794 3852 1193 3921 propheticum
1226 3873 1237 3910 :
1271 3859 1410 3913 Cum
1445 3875 1747 3917 conversus
1777 3865 1938 3936 inge-

239 3932 458 3986 mueris
489 3941 625 3988 tunc
650 3938 839 3992 salvus
889 3941 1020 4005 eris,
1072 3950 1308 4012 propter
1354 3946 1521 4002 illum
1574 3952 1789 4005 nudum
1841 3971 1939 4025 ge-

244 4018 473 4084 mitum,
508 4026 563 4075 et
594 4031 829 4094 propter
879 4028 1024 4082 illud
1056 4032 1274 4086 nudum
1310 4050 1518 4090 nomen
1569 4018 1934 4110 pmnitentiaz,

246 4108 439 4161 nullus
494 4111 820 4179 saivabitur,
868 4117 967 4170 sed
1016 4133 1120 4186 per
1170 4136 1362 4176 veram
1405 4126 1841 4195 confessionem,
1884 4138 1938 4186 et

244 4197 556 4251 sacerdotis
599 4200 973 4272 intelligentis
1018 4208 1339 4275 consilium,
1405 4218 1459 4265 et
1505 4230 1606 4284 per
1646 4218 1938 4274 cbaritatis
1967 4243 2011 4296 D

244 4283 535 4349 affectum,
585 4291 641 4340 et
672 4304 775 4358 per
830 4292 1322 4364 eleemosynarum
1360 4283 1634 4369 fructum,
1674 4314 1939 4373 peccato-

244 4386 378 4425 rum
409 4374 588 4428 moles
614 4377 926 4433 subruitur.

246 4478 378 4531 CAP.
412 4478 582 4532 XXXI.
617 4510 685 4519 —
716 4483 824 4565 Cur
851 4499 1076 4568 canon-es
1102 4489 1397 4568 praeﬁgunt
1424 4508 1528 4547 non
1565 4499 1803 4563 perfecte
1839 4516 1937 4568 pro

317 4564 639 4637 unoquoque
712 4556 937 4608 crimine
1004 4556 1227 4626 tempus
1268 4556 1338 4615 iet
1395 4556 1703 4621 mensuram
1750 4556 1936 4637 pleni-

316 4707 435 4775 (Er
461 4709 624 4763 dictis
663 4712 1005 4785 Hieronym.)
1056 4718 1376 4775 Mansuram
1423 4728 1618 4779 autem
1662 4730 1935 4800 temporis

239 4795 305 4848 in
334 4797 555 4865 agenda
589 4800 943 4871 poenitentia,
984 4804 1192 4860 idcirco
1227 4824 1345 4863 non
1372 4811 1507 4865 satis
1536 4824 1731 4884 aperte
1784 4835 1932 4887 pra!-

238 4885 429 4953 tigunt
474 4902 718 4942 canones
776 4906 878 4959 pro
929 4909 1278 4966 unoquoque
1330 4900 1589 4969 crimine,
1626 4910 1687 4957 ut
1717 4905 1786 4959 de
1818 4907 1933 4960 sin-

235 4972 390 5041 gulis
438 4974 649 5044 dicant,
709 4980 955 5048 qualiter
1010 4988 1462 5058 unumquodque
1505 4994 1931 5051 emendandum

233 5060 328 5125 sit,
362 5065 461 5115 sed
491 5065 673 5134 magis
704 5065 763 5119 in
798 5069 1034 5124 arbitrio
1062 5073 1719 5150 antistitisintelligentis
1750 5084 1931 5138 relin—

234 5151 534 5218 quendum
566 5158 826 5210 statuunt
856 5174 868 5210 :
908 5161 1039 5229 quia
1065 5164 1212 5231 apud
1249 5166 1426 5219 Deum
1460 5183 1574 5221 non
1624 5174 1741 5224 tam
1782 5174 1933 5227 valet

232 5252 502 5292 mensura
558 5243 834 5311 temporis
888 5261 1061 5316 quam
1119 5249 1354 5317 doloris,
1408 5269 1510 5307 nec
1582 5256 1931 5314 abstinentia

230 5330 453 5380 tantum
483 5328 744 5385 ciborum
767 5348 941 5403 quam
973 5336 1338 5392 mortiﬁcalio
1364 5340 1650 5397 vitiorum.
1685 5347 1929 5416 Propter

230 5414 383 5482 quod
450 5419 710 5486 tempora
779 5421 1149 5489 paenitentiae,
1209 5426 1321 5480 fide
1380 5434 1435 5481 et
1495 5435 1923 5490 conversatione

227 5503 633 5574 pcenitentum,
688 5510 1070 5567 abbrevianda
1109 5516 1467 5586 praecipiunt,
1490 5524 1547 5574 et
1574 5522 1926 5593 negligentia

2056 3022 2262 3074 Paulus
2310 3024 2605 3091 prohibuit
2646 3027 2884 3081 dicens:
2949 3030 3131 3082 Nolite
3164 3030 3437 3083 inebriari
3483 3030 3638 3094 vino,
3686 3030 3745 3083 in

2053 3127 2165 3179 quo
2198 3117 2282 3164 est
2313 3112 2533 3166 luxuria
2567 3130 2722 3168 :non
2772 3116 2907 3186 quia
2956 3117 3011 3170 in
3047 3118 3177 3171 vino
3220 3124 3304 3171 est
3348 3118 3591 3185 luxuria,
3642 3119 3741 3173 sed

2053 3197 2111 3249 in
2143 3198 2438 3253 ebrietate.

2052 3286 2179 3339 CAP.
2205 3286 2428 3363 XXXIII.
2453 3319 2521 3328 ——
2556 3291 2621 3343 Ut
2642 3294 3058 3363 quotiescunque
3078 3295 3256 3363 aliqui
3275 3294 3349 3347 ad
3367 3297 3742 3360 paenitentiam

2120 3361 2456 3420 accesserint,
2519 3362 2818 3415 sacerdotes
2855 3364 3082 3430 jejuniis
3150 3361 3201 3418 et
3242 3365 3575 3419 orationibus
3624 3382 3743 3420 cum

2119 3430 2195 3480 eis
2220 3432 2613 3483 communicare
2641 3432 2883 3486 debeant.

2123 3500 2232 3562 (Ea:
2260 3500 2632 3554 Pcenitentiali
2665 3504 2891 3565 Theod.)
2938 3505 3401 3576 Quotiescunque
3433 3507 3740 3561 Christiani

2049 3586 2120 3637 ad
2168 3587 2570 3655 paenitentiam
2629 3591 2925 3657 accedunt,
2982 3594 3206 3661 jejunia
3257 3595 3635 3663 injungimus,
3688 3600 3743 3648 et

2051 3689 2153 3725 nos
2183 3675 2605 3729 communicare
2628 3692 2758 3731 cum
2791 3681 2872 3731 eis
2900 3681 3174 3734 debemus
3205 3682 3265 3734 in
3289 3683 3536 3751 jejunio,
3563 3698 3737 3735 unam

2049 3766 2146 3813 aut
2176 3761 2319 3814 duas
2347 3763 2718 3832 septimanae,
2752 3773 2851 3819 aut
2882 3773 3159 3837 quantum
3184 3786 3506 3839 possumus,
3538 3777 3739 3824 utnon

2049 3848 2267 3903 dicatur
2320 3852 2478 3904 nobis
2522 3854 2675 3922 quod
2724 3856 3109 3909 sacerdotibus
3154 3858 3482 3912 Judaaorum
3525 3859 3738 3912 dictum

2049 3944 2135 3991 est
2164 3956 2194 3990 a
2224 3939 2465 3992 Domino
2500 3956 2512 3993 :
2546 3941 2637 3994 Va;
2672 3942 2825 3996 vobis
2856 3945 3217 4014 legisperitis,
3273 3946 3369 4016 qui
3418 3948 3740 4017 aggravatis

2051 4025 2333 4094 homines,
2370 4034 2425 4080 et
2454 4027 2751 4097 imponitis
2802 4048 2972 4102 super
3010 4034 3282 4087 humeros
3321 4052 3520 4088 eorum
3567 4052 3740 4089 onera

2049 4115 2262 4183 gravia,
2297 4122 2354 4169 et
2383 4116 2789 4187 importabilia,
2826 4121 2932 4190 ipsi
2968 4127 3161 4175 autem
3196 4139 3311 4177 uno
3343 4123 3521 4193 digito
3553 4130 3739 4177 vestro

2052 4219 2167 4256 non
2199 4204 2435 4273 tangitis
2484 4208 2731 4259 sarcinas
2772 4210 2941 4279 ipsas.
2994 4212 3170 4265 Nemo
3202 4212 3358 4266 enim
3412 4217 3596 4282 potest
3638 4230 3739 4267 su—

2050 4292 2277 4345 blevare
2304 4292 2602 4349 cadentem
2638 4298 2741 4351 sub
2793 4299 3064 4367 pondere,
3122 4300 3228 4353 nisi
3279 4302 3635 4355 inclinaverit
3681 4319 3738 4355 se

2052 4383 2113 4432 ut
2136 4380 2391 4450 porrigat
2421 4382 2473 4435 ei
2495 4399 2752 4440 manum.
2790 4387 2982 4457 Neque
3016 4388 3163 4441 ullus
3212 4390 3565 4444 medicorum
3616 4391 3734 4444 vul-

2050 4484 2186 4522 nera
2216 4469 2631 4526 inﬁrmantium
2668 4480 2854 4543 potest
2882 4492 3080 4531 curare
3130 4478 3240 4532 nisi
3287 4478 3561 4533 fetoribus
3608 4496 3738 4549 par-

2050 4555 2223 4627 ticeps
2280 4559 2468 4614 fuerit.
2530 4562 2612 4615 Ita
2692 4580 2921 4633 quoque
2983 4566 3174 4619 nullus
3223 4569 3601 4634 sacerdotum,
3653 4570 3739 4623 vel

2048 4646 2297 4713 pontifex
2329 4656 2691 4718 peccatorum
2744 4654 2979 4706 vulnera
3030 4672 3227 4709 curare
3269 4664 3473 4725 potest,
3511 4658 3735 4711 anima-

2049 4736 2152 4788 bus
2206 4741 2436 4805 peccata
2483 4739 2724 4805 auferre,
2812 4747 3117 4810 praestante
3204 4744 3588 4797 sollicitudine
3682 4750 3738 4798 et

2044 4826 2300 4878 oratione
2390 4827 2789 4895 lacrymarum.
2854 4831 3089 4883 Necesse
3157 4837 3242 4884 est
3306 4848 3466 4901 ergo,
3535 4833 3737 4886 fratres

2041 4911 2381 4978 charissimi,
2415 4928 2509 4966 vos
2541 4915 2815 4968 sollicitos
2846 4933 2968 4969 esse
3000 4934 3103 4986 pro
3136 4918 3503 4987 peccantibus
3535 4936 3547 4972 :
3600 4921 3733 4989 quia

2043 5014 2239 5052 sumus
2268 5000 2610 5053 alterutrum
2646 5004 2922 5057 membra.
2957 5005 3205 5075 Ideoque
3237 5012 3293 5059 et
3324 5022 3427 5059 nos
3477 5007 3523 5059 si
3572 5008 3733 5061 vide—

2042 5087 2218 5139 rimus
2286 5088 2536 5157 aliquem
2593 5090 2654 5143 in
2717 5094 2963 5161 peccatis
3025 5094 3330 5163 jacentem,
3402 5095 3735 5151 festinemus

2038 5189 2169 5227 eum
2201 5174 2270 5228 ad
2302 5177 2695 5245 paenitentiam
2727 5196 2828 5250 per
2860 5187 3111 5236 nostram
3158 5184 3476 5238 doctrinam
3509 5202 3728 5241 vocare.

2036 5263 2105 5316 Et
2136 5264 2587 5337 quotiescunque
2617 5269 2843 5323 dederis
2877 5272 3180 5327 consilium
3231 5277 3507 5343 peccanti,
3558 5277 3728 5331 simul

2039 5368 2265 5422 quoque
2299 5353 2371 5407 da
2399 5354 2484 5408 illi
2516 5359 2914 5424 paenitentiam
2945 5362 3157 5427 statim,
3196 5370 3476 5432 quantum
3529 5365 3734 5419 debeat

2029 5440 2311 5509 jejuuare,
2347 5448 2443 5495 aut
2473 5445 2852 5516 eleemosyuis
2885 5450 3165 5502 redimere
3193 5458 3419 5520 peccata
3446 5470 3548 5507 sua
3579 5471 3591 5507 :
3654 5471 3726 5507 ne

2034 5529 2180 5582 forte
2228 5528 2579 5587 obliviscaris
2612 5552 2739 5605 quas
2772 5537 2870 5590 tibi
2916 5539 3034 5606 jam
3083 5540 3245 5607 dixit,
3281 5549 3337 5596 et
3386 5544 3595 5596 iterum
3630 5560 3731 5596 ne-
