4010 6192
269 258 368 308 987

1339 246 1746 302 BURCHARDI
1789 243 2323 302 WORMACIENSIS
2363 240 2694 297 EPISCOPI.

3673 242 3782 295 988

267 392 422 430 cesse
453 374 527 427 sit
553 372 662 428 tibi
682 372 1064 442 interrogare,
1112 374 1169 423 et
1214 368 1457 423 forsitan
1509 369 1807 421 erubescet
1855 365 1958 418 ite-
1999 365 2046 418 Α
2076 377 2394 432 inconsulto
2469 375 2735 446 episcopo
2812 391 2928 430 non
3001 375 3327 430 reconciliet
3377 380 3782 446 pcenitentem,

266 481 396 520 rum
429 468 659 537 peccata
690 478 793 516 sua
823 458 1103 523 conﬁteri,
1140 463 1198 512 et
1224 456 1550 512 invenietur
1573 455 1696 526 jam
1717 453 1966 524 amplius

262 553 534 625 judicari.

272 633 402 715 Cir.
470 658 690 713 XXXIV.
735 687 802 695 —
834 655 990 720 Quod
1031 655 1311 722 contingat
1362 652 1624 705 hominem
1693 650 1968 703 interdum

369 732 542 785 animi
573 733 740 793 motu,
777 726 1050 780 interdum
1079 727 1260 778 carnis
1289 725 1600 791 fragilitate
1621 737 1856 791 peccare.

342 821 445 888 (Ea:
466 818 694 872 concilio
727 815 1016 878 Cabillon.,
1044 816 1222 882 capite
1252 815 1366 876 32.)
1401 811 1511 866 Sed
1543 817 1597 864 et
1626 811 1732 864 hoc
1779 825 1968 863 emen-

271 906 499 961 datione
553 903 814 974 indigere
871 899 1290 972 perspeximus,
1341 899 1491 969 quod
1550 898 1787 968 quidam
1832 897 1967 950 dum

269 995 618 1049 confitentur
653 995 883 1062 peccata
929 1007 1029 1043 sua
1076 987 1467 1042 sacerdotibus
1525 1002 1642 1039 non
1693 987 1858 1056 plene
1911 984 1968 1037 id

273 1084 505 1138 faciunt.
540 1081 684 1146 Quia
709 1097 843 1151 ergo
874 1084 1092 1132 constat
1127 1077 1422 1130 hominem
1450 1092 1514 1128 ex
1571 1075 1792 1128 duabus
1848 1090 1968 1126 esse

273 1171 624 1236 substantiis,
658 1169 851 1222 anima
879 1167 1141 1221 videlicet
1175 1170 1231 1219 et
1257 1181 1516 1234 corpore,
1573 1168 1628 1218 et
1677 1163 1970 1224 interdum

272 1260 452 1315 animi
505 1264 684 1323 motu,
749 1256 1034 1311 interdum
1087 1253 1273 1307 carnis
1328 1252 1635 1322 fragilitate
1684 1257 1968 1322 peccatur,

275 1349 466 1404 solerti
499 1347 865 1418 indagatione
914 1345 1123 1398 debent
1168 1342 1384 1414 inquiri
1431 1343 1554 1411 ipsa
1601 1347 1850 1412 peccata,
1908 1345 1972 1394 ut

275 1436 531 1506 utrisque
564 1436 732 1505 plena
765 1434 836 1487 sit
874 1431 1170 1495 confessio,
1215 1431 1428 1484 stilicet
1477 1435 1539 1483 ut
1581 1433 1638 1482 et
1677 1445 1740 1482 ea
1794 1428 1968 1482 conﬁ-

273 1529 503 1578 teantur
532 1539 660 1592 qua:
688 1536 790 1590 per
816 1535 1023 1589 corpus
1068 1524 1224 1588 gesta
1253 1523 1404 1579 sunt,
1442 1522 1499 1570 et
1541 1533 1606 1568 ea
1656 1515 1864 1586 quibus
1912 1516 1971 1568 in

2077 467 2190 522 nisi
2221 466 2477 520 absentia
2507 464 2760 535 episcopi
2793 465 3127 518 necessitate
3168 469 3428 534 cogente.
3457 465 3786 534 Cujuscun-

2076 571 2188 627 que
2248 560 2438 609 autem
2495 555 2828 624 paenitentis
2883 554 3174 622 publicum
3222 559 3278 608 et
3322 554 3786 623 vulgatissimum

2076 645 2292 698 crimen
2327 648 2428 709 est,
2477 643 2628 713 quod
2687 643 3013 696 universam
3044 643 3345 696 ecclesiam
3383 645 3785 706 commoverit,

2077 739 2211 786 ante
2238 732 2492 786 absidem
2527 747 2729 784 manus
2752 731 2806 784 ei
2835 731 3187 802 imponatur.

2075 839 2206 894 CAP.
2238 838 2371 893 XLI.
2404 868 2472 877 —
2506 841 2578 891 De
2622 838 2706 891 his
2764 841 2860 906 qui
2899 839 3020 906 jam
3068 853 3291 906 peccare
3338 845 3706 903 cessaverunt,
3741 844 3789 892 et

2145 911 2384 978 perfecte
2411 911 2778 976 pcenituerunt
2820 913 2881 962 ut
2930 911 3232 962 communio
3281 911 3359 962 eis
3395 911 3452 961 in
3502 910 3628 976 ipsa
3676 925 3790 977 pa:-

2147 983 2383 1033 nitentia
2411 980 2753 1033 concedatur.

2148 1087 2261 1155 (Ea:
2293 1086 2515 1139 concilio
2549 1085 2855 1144 Laodicen..
2888 1086 3064 1153 capite
3082 1088 3160 1153 2.)
3190 1085 3265 1137 De
3297 1084 3389 1138 his
3417 1084 3522 1154 qui
3551 1085 3792 1138 diversis

2077 1173 2423 1227 facinoribus
2449 1176 2848 1242 peccaverunt,
2885 1177 2939 1224 et
2967 1176 3402 1241 perseverantes
3432 1171 3493 1224 in
3526 1172 3790 1225 oratione

2077 1262 2510 1316 conversionem
2551 1277 2584 1314 a
2612 1261 2778 1313 malis
2812 1261 3060 1312 habuere
3096 1259 3431 1329 perfectam,
3466 1276 3574 1328 pro
3606 1261 3788 1329 quali-

2079 1355 2194 1405 tate
2221 1349 2433 1412 delicti,
2469 1349 2677 1402 talibus
2724 1355 2850 1418 post
2892 1347 3242 1418 poenitentia:
3285 1353 3520 1417 tempus
3564 1347 3786 1417 impen—

2079 1455 2226 1506 sum,
2261 1444 2494 1509 prOpter
2513 1437 2874 1491 clementiam
2908 1441 2964 1490 et
3003 1437 3320 1489 bonitatem
3380 1436 3485 1489 Dei
3525 1453 3786 1490 commn-

2080 1528 2176 1581 nio
2206 1527 2567 1581 concedatur.

271 1614 390 1666 sola
419 1611 761 1680 cogitatione
792 1606 1163 1700 delinquitur.
1217 1605 1603 1700 Instruendusg
1646 1610 1731 1658 est
1766 1605 1970 1700 itaque
2006 1641 2044 1694 Β
2085 1635 2214 1690 οη.
2242 1635 2402 1689 XL".
2438 1665 2503 1672 _
2545 1635 2622 1687 De
2649 1633 2839 1700 lapsis,
2875 1631 3134 1699 quomodo
3171 1646 3258 1684 eos
3288 1632 3543 1696 fraterno
3591 1630 3792 1698 direct“

275 1703 639 1770 peccatorum
682 1713 912 1750 suorum
959 1694 1264 1760 confessor,
1299 1697 1361 1748 ut
1409 1693 1477 1746 de
1521 1698 1648 1747 octo
1692 1691 1974 1763 principa-

273 1788 421 1842 libus
450 1786 624 1858 vitiis,
657 1785 778 1838 sine
809 1785 1016 1855 quibus
1065 1783 1124 1836 in
1163 1783 1268 1836 hac
1298 1783 1410 1835 vita
1475 1781 1704 1835 difﬁcile
1742 1781 1971 1847 vivitur,

274 1875 687 1930 confessionem
720 1873 920 1926 faciat:
945 1872 1079 1942 quia
1109 1876 1206 1925 aut
1245 1871 1610 1942 cogitatione,
1659 1874 1777 1937 aut,
1819 1871 1973 1941 quod

273 1963 504 2036 gravius
536 1968 638 2027 est,
673 1977 867 2031 opere,
899 1977 1096 2014 eorum
1130 1960 1404 2013 instinctu
1446 1959 1698 2030 peccavit
1730 1975 1742 2013 :
1777 1959 1974 2014 odium

272 2051 509 2118 etenim,
545 2049 780 2118 invidia,
838 2048 1124 2120 superbia,
1177 2048 1264 2101 vel
1305 2053 1526 2101 caeteras
1575 2047 1972 2116 hujuscemodi

275 2141 484 2196 animae
516 2145 703 2210 pestes
733 2141 890 2192 tanto
917 2137 1293 2209 periculosius
1321 2137 1555 2202 laedunt,
1591 2141 1806 2208 quanto
1837 2137 1972 2190 sub-

273 2230 432 2285 tilius
463 2232 719 2298 serpunt.

277 2339 407 2393 Car.
441 2337 638 2392 XXXV.
667 2365 734 2376 —
764 2336 830 2390 Ut
844 2335 1164 2404 paenitentia
1185 2333 1386 2401 absque
1404 2347 1645 2402 personae
1673 2335 1977 2402 acceptione

966 2407 1298 2473 imponatur.

349 2496 456 2567 (Ea:
482 2495 702 2550 concilio
730 2495 1022 2559 Carthag.,
1058 2495 1234 2561 capite
1253 2492 1364 2560 74.)
1393 2493 1463 2546 Ut
1492 2491 1752 2546 sacerdos
1781 2491 1974 2562 poeni-

269 2573 583 2651 ,uitentiam
606 2583 962 2654 imploranti,
987 2581 1200 2652 absque
1219 2596 1479 2653 personas
1492 2580 1836 2651 acceptione,
1853 2597 1973 2652 pae-

277 2674 534 2728 nitentia:
568 2674 720 2744 leges
750 2673 1030 2742 injungat.

422 2764 549 2817 CAP.
585 2763 800 2817 XXXVI.
837 2790 904 2801 —
939 2760 1016 2814 De
1043 2761 1259 2813 incestis
1286 2759 1484 2813 occulte
1508 2761 1830 2823 commissis.

354 2849 458 2918 (ia:
489 2851 650 2905 dictis
690 2849 864 2918 Aug.)
896 2848 953 2904 Si
992 2847 1119 2918 quis
1163 2847 1442 2901 incestum
1467 2848 1682 2901 occulte
1734 2847 1974 2901 commi-

2151 1709 2438 1773 corripere,
2474 1709 2524 1758 et
2555 1705 2824 1757 consolari
2860 1703 3105 1767 debeant,
3159 1707 3220 1755 ut
3267 1717 3377 1756 non
3421 1701 3674 1757 incidant
3732 1705 3792 1754 in

2154 1777 2390 1831 insidias
2421 1775 2648 1840 diaboli,
2682 1780 2734 1829 et
2757 1774 3056 1842 desperent.

2154 1881 2267 1950 (Ea:
2295 1883 2455 1951 epist.
2485 1881 2659 1934 Calis.
2690 1881 2888 1949 papa.)
2929 1879 3038 1934 Sed
3082 1879 3128 1933 si
3157 1879 3372 1950 aliquis
3425 1880 3619 1949 lapsus
3646 1894 3792 1948 quo-

2082 1986 2197 2041 quo
2231 1969 2406 2023 modo
2432 1969 2628 2033 fuerit,
2659 1974 2953 2038 portemus
2995 1983 3147 2033 eum,
3199 1971 3254 2020 et
3304 1969 3562 2022 fraterno
3611 1967 3787 2020 corri-

2083 2059 2309 2130 piamus
2334 2058 2562 2124 affectu,
2596 2058 2740 2111 sicut
2787 2057 2864 2110 ait
2892 2057 3089 2110 beatus
3140 2056 3452 2128 Apostolus
3485 2073 3499 2110 :
3535 2056 3591 2111 Si
3638 2071 3793 2126 prm-

2083 2151 2392 2219 occupatus
2421 2147 2593 2201 fuerit
2619 2147 2790 2200 homo
2814 2146 2872 2199 in
2903 2145 3095 2215 aliquo
3126 2145 3360 2213 delicto,
3395 2161 3517 2212 vos,
3541 2145 3642 2215 qui
3672 2145 3790 2213 spi-

2082 2235 2278 2289 ritales
2337 2235 2471 2289 estis
2538 2234 2866 2304 hujusmodi
2935 2233 3195 2286 instruite
3256 2234 3316 2285 in
3379 2232 3588 2302 spiritu
3649 2232 3793 2285 leni-

2081 2323 2236 2392 tatis,
2269 2321 2640 2376 considerans
2666 2326 2722 2374 te
2757 2321 2967 2390 ipsum,
3021 2336 3095 2373 ne
3125 2325 3181 2373 et
3214 2323 3278 2372 tu
3307 2320 3546 2375 tenteris
3577 2336 3590 2373 :
3629 2321 3792 2373 Alter

2083 2411 2319 2464 alterius
2377 2425 2553 2463 onera
2613 2415 2852 2480 portate,
2907 2415 2964 2462 et
3015 2409 3094 2462 sic
3155 2408 3549 2479 adimplebitis
3604 2409 3794 2478 legem

2083 2498 2313 2553 Christi.
2348 2499 2526 2552 Porro
2579 2502 2803 2551 sanctus
2857 2497 3030 2552 David
3060 2497 3127 2551 de
3157 2496 3501 2550 criminibus
3529 2496 3794 2551 mortife-

2083 2587 2161 2641 ris
2195 2587 2309 2658 egit
2341 2587 2762 2658 penitentiam,
2794 2591 2851 2640 et
2889 2591 3080 2640 tamen
3111 2586 3169 2638 in
3200 2585 3420 2639 honore
3451 2586 3793 2656 permansit.

2085 2676 2290 2729 Beatus
2347 2691 2579 2745 quoque
2629 2676 2828 2728 Petrus
2884 2671 3272 2727 amarissimas
3304 2673 3588 2744 Iacrymas
3620 2673 3794 2740 fudit,

2085 2763 2316 2836 quando
2351 2763 2658 2816 Dominum
2691 2779 2928 2832 negasse
2963 2761 3247 2832 paenituit,
3281 2762 3378 2815 sed
3429 2767 3625 2815 tamen
3656 2777 3800 2830 apo-

2087 2854 2263 2906 stolus
2293 2851 2648 2922 permansit;
2705 2855 2759 2904 et
2792 2850 3067 2904 Dominus
3116 2865 3217 2918 per
3263 2850 3616 2920 prophetam
3667 2866 3800 2918 pec-

278 2942 435 3008 serit,
471 2945 527 2993 et
577 2937 859 2993 sacerdoti
908 2937 1124 2990 occulte
1183 2935 1597 2990 confessionem
1640 2936 1841 3006 egerit,
1891 2936 1975 2990 in-
2005 2921 2046 2976 (δ
2088 2941 2348 2994 cantibus
2375 2939 2700 3010 pollicetur,
2756 2939 2950 2993 dicens
2986 2940 3294 2992 :Peccator
3339 2938 3401 2991 in
3443 2953 3797 3008 quacunque

278 3029 502 3084 dicetur
531 3027 584 3081 ei
606 3026 926 3080 remedium
957 3023 1296 3078 canonicum
1329 3023 1481 3094 quod
1514 3024 1705 3078 subire
1747 3024 1976 3078 debuis-

278 3122 361 3171 set
396 3116 444 3170 si
485 3116 609 3184 ejus
640 3115 861 3168 facinus
907 3111 1263 3182 publicatum
1313 3111 1529 3166 fuisset.
1575 3113 1782 3166 Verum
1840 3114 1975 3184 quia

281 3207 417 3259 latet
473 3201 864 3267 commissum,
927 3199 1093 3253 detur
1140 3200 1256 3253 eia
1311 3199 1602 3254 sacerdote
1650 3201 1972 3269 consilium,

283 3296 344 3347 ut
383 3289 556 3346 saluti
610 3289 818 3343 animas
858 3304 974 3342 suae
1016 3304 1117 3359 pro
1161 3287 1381 3342 occulta
1426 3289 1762 3359 poenitentia
1804 3291 1974 3360 proﬁ-

279 3379 408 3448 ciat,
443 3379 553 3434 hoc
578 3382 666 3432 est
714 3382 780 3432 ut
833 3376 1111 3430 veraciter
1160 3393 1229 3431 ex
1280 3377 1448 3430 corde
1494 3394 1552 3431 se
1604 3378 1851 3448 graviter
1878 3379 1975 3433 de-

280 3468 517 3540 liquisse
567 3465 926 3533 conﬂteatur,
973 3469 1032 3519 et
1081 3481 1185 3536 per
1228 3465 1456 3536 jejunia
1495 3471 1553 3520 et
1591 3467 1978 3538 eleemosynas

280 3557 620 3630 vigiliasque
683 3571 748 3610 ac
806 3570 992 3609 sacras
1066 3554 1356 3609 orationes
1411 3571 1544 3610 cum
1601 3555 1863 3627 lacrymis
1919 3573 1978 3610 se

281 3661 530 3718 purgare
562 3645 894 3710 contendat,
926 3647 984 3698 et
1011 3643 1089 3698 sic
1111 3661 1171 3698 se
1207 3644 1278 3698 ad
1306 3659 1466 3716 spem
1496 3644 1676 3698 venia:
1721 3661 1825 3716 pro
1876 3645 1978 3699 mi-

285 3733 596 3789 sericordia
627 3732 728 3788 Dei
755 3731 1054 3804 pervenire
1085 3732 1353 3787 confidat.

285 3842 410 3896 CAP.
448 3840 688 3896 XXXVII.
716 3869 784 3878 —
813 3841 880 3894 Ut
906 3841 1048 3893 inter
1060 3843 1376 3909 paenitentes
1399 3839 1612 3908 publice
1636 3844 1686 3894 et
1705 3841 1976 3908 absconse,

795 3909 1051 3964 discretio
1082 3911 1352 3965 seruanda
1376 3914 1464 3964 sit.

354 4003 467 4070 (Ea:
505 4000 728 4054 concilio
758 4000 1084 4067 Moguntin.,
1117 4001 1293 4068 capite
1321 3997 1432 4067 21.)
1467 3998 1535 4052 Ut
1564 3997 1829 4055 discretio
1860 4016 1977 4054 ser-

283 4089 467 4145 vanda
498 4087 748 4142 sitinter
800 4087 1162 4157 poenitentes,
1216 4086 1317 4157 qui
1355 4087 1597 4157 publice,
1650 4093 1704 4142 et
1753 4089 1852 4160 qui
1881 4090 1977 4143 ab-

286 4194 485 4232 sconse
515 4177 796 4246 poenitere
827 4176 1088 4230 debeant.

323 4268 449 4321 CAP.
485 4265 754 4320 XXXVIII.
774 4294 842 4302 ——
876 4267 949 4318 De
982 4264 1091 4318 illis
1123 4265 1221 4331 qui
1238 4264 1521 4332 negligunt
1550 4268 1947 4334 paenitentiam.

357 4358 467 4420 (Ea:
522 4353 748 4408 concilio
805 4352 1092 4418 Carthag.,
1164 4354 1340 4420 capite
1389 4352 1504 4421 75.)
1559 4353 1626 4406 Ut
1685 4339 1985 4426 negligen;

288 4441 464 4496 tiores
495 4440 859 4511 poenitentes,
897 4440 1112 4494 tardius
1139 4439 1506 4509 recipiantur.

326 4547 453 4601 CAP.
487 4547 707 4602 XXXIX.
743 4576 804 4586 —
841 4549 907 4600 Ut
925 4549 1271 4615 pmnitentem
1296 4563 1363 4600 ea:
1385 4548 1541 4602 corde
1569 4563 1769 4615 magna
1794 4549 1949 4602 eahi-

536 4618 801 4692 laratione
829 4618 1128 4672 sacerdotes
1157 4620 1426 4687 suscipere
1453 4618 1697 4671 debeant.

359 4708 470 4773 (Ea:
517 4707 679 4762 dictis
726 4707 925 4762 Basilii
969 4709 1228 4777 episcop.)
1278 4707 1654 4760 Poenitentem
1702 4722 1772 4760 ex
1817 4708 1988 4761 corde

286 4797 369 4851 ita
397 4799 627 4866 oportet
656 4795 887 4865 suscipi,
922 4794 1069 4849 sicut
1095 4793 1371 4848 Dominus
1407 4793 1674 4860 ostendit,
1724 4811 1855 4848 cum
1901 4795 1986 4849 di-

285 4884 405 4938 cit:
469 4883 612 4948 Quia
669 4883 996 4936 convocavit
1053 4882 1265 4935 amicos
1317 4897 1468 4947 suos,
1517 4889 1573 4936 et
1623 4882 1861 4951 vicinos,
1908 4883 1990 4938 di-

287 4988 421 5027 cens
454 4989 467 5026 :
504 4970 1000 5041 Congratulamini
1031 4969 1193 5036 mihi,
1218 4967 1352 5040 quia
1383 4968 1575 5024 inveni
1605 4986 1765 5024 ovem
1797 4986 1986 5024 meam

289 5077 466 5132 quam
504 5059 891 5130 perdideram.

290 5170 418 5222 Car.
468 5166 569 5220 XL.
621 5196 689 5204 —
741 5167 808 5219 Ut
860 5163 1153 5219 secundum
1225 5163 1587 5232 differentiam
1627 5169 1984 5232 peccatorum,

360 5239 599 5306 episcopi
624 5237 858 5290 arbitrio
875 5237 1208 5305 pwnitentiz
1239 5240 1479 5304 tempora
1499 5235 1888 5289 dercernantur
1902 5274 1914 5289 .

361 5328 472 5394 (Ea:
499 5325 723 5380 concilio
764 5325 1002 5391 African
1035 5365 1048 5392 ,
1091 5327 1267 5394 capite
1322 5324 1433 5392 t0.)
1468 5325 1534 5378 Ut
1577 5323 1987 5393 paenitentibus

289 5413 602 5470 secundum
633 5413 1014 5468 differentiam
1044 5416 1429 5482 peccatorum,
1469 5410 1722 5482 episcopi
1750 5411 1985 5466 arbitrio

289 5502 642 5575 paenitentiae
713 5506 976 5568 tempora
1023 5500 1423 5566 decernantur,
1483 5504 1538 5554 et
1584 5506 1646 5553 ut
1691 5500 1990 5570 presbyter

2085 3029 2177 3084 die
2207 3044 2515 3082 conversus
2547 3027 2913 3097 ingemuerit,
2937 3027 3197 3080 omnium
3221 3026 3602 3096 iniquitatum
3635 3025 3796 3079 illius

2088 3118 2337 3188 amplius
2367 3132 2486 3170 non
2516 3116 2875 3170 recordabor.
2914 3117 3115 3169 Errant
3143 3115 3296 3168 enim
3329 3115 3431 3184 qui
3464 3118 3668 3182 putant
3709 3130 3798 3165 sa-

2087 3207 2339 3260 cerdotes
2380 3210 2510 3273 post
2552 3205 2799 3273 lapsum,
2851 3203 2899 3256 si
2950 3202 3299 3272 condignam
3347 3202 3577 3270 egerint
3607 3202 3796 3273 paeni-

2085 3296 2347 3361 tentiam,
2385 3294 2627 3348 Domino
2659 3292 2985 3347 ministrare
3007 3308 3124 3346 non
3155 3308 3343 3362 posse,
3365 3297 3425 3344 et
3453 3292 3575 3344 suis
3604 3291 3797 3345 hono-

2087 3386 2244 3439 ribus
2300 3383 2433 3448 frui,
2482 3382 2526 3436 si
2574 3382 2782 3436 bonam
2837 3381 3109 3450 deinceps
3156 3381 3334 3434 vitam
3389 3379 3682 3445 duxerint,
3736 3385 3796 3434 et

2087 3490 2254 3527 suum
2311 3471 2688 3526 sacerdotium
2746 3469 3028 3540 condigne
3095 3468 3490 3522 custodierint.
3555 3469 3623 3522 Et
3676 3468 3792 3536 ipsi

2086 3562 2187 3633 qui
2219 3561 2322 3615 hoc
2353 3564 2577 3630 putant,
2613 3574 2728 3612 non
2751 3558 2934 3612 solum
2953 3561 3180 3620 'errant,
3211 3557 3310 3610 sed
3343 3557 3520 3610 etiam
3551 3557 3792 3610 traditas

2090 3649 2346 3704 Ecclesiae
2395 3649 2580 3702 claves
2627 3647 2923 3716 dissipare,
2966 3650 3022 3700 et
3085 3645 3320 3716 abigere
3365 3645 3656 3698 videntur.
3711 3646 3790 3698 De

2087 3737 2295 3809 quibus
2341 3736 2556 3789 dictum
2606 3740 2732 3789 est:
2787 3735 3153 3804 Quaecunque
3205 3732 3444 3786 solveris
3505 3732 3564 3785 in
3613 3737 3786 3792 terra,

2087 3831 2259 3879 erunt
2285 3824 2467 3878 soluta
2493 3829 2550 3877 et
2579 3823 2639 3876 in
2689 3823 2850 3877 caelo.
2883 3821 3133 3892 Alioqui,
3186 3821 3311 3875 haec
3357 3820 3645 3874 sententia
3690 3827 3792 3874 aut

2088 3913 2318 3970 Domini
2348 3929 2464 3966 non
2499 3915 2604 3977 est,
2633 3915 2732 3964 aut
2753 3926 2868 3964 non
2897 3926 3051 3963 vera.
3087 3910 3197 3964 Nos
3228 3924 3361 3962 vero
3388 3908 3792 3962 indubitanter

2088 4007 2202 4057 tam
2235 3999 2460 4056 Domini
2493 3999 2829 4065 sacerdotes,
2883 4013 3056 4068 quam
3087 3996 3340 4067 reliquos
3384 3996 3606 4061 fideles,
3663 4000 3793 4066 post

2088 4091 2325 4161 dignam
2378 4087 2819 4142 satisfactionem
2888 4101 3054 4156 posse
3104 4084 3360 4138 revocari
3423 4085 3494 4139 ad
3546 4085 3792 4139 honores

2018 4203 2061 4257 Ι)
2092 4179 2398 4244 credimus,
2431 4179 2674 4230 testante
2715 4173 2957 4228 Domino
2980 4189 3085 4243 per
3115 4171 3482 4242 prophetam.
3521 4169 3792 4240 Nunquid

2101 4268 2200 4339 qui
2227 4265 2460 4333 dormit,
2500 4279 2614 4318 non
2644 4263 2873 4333 adjiciat
2905 4267 2970 4315 ut
2997 4259 3298 4330 resurgat?
3328 4263 3385 4312 et
3416 4259 3522 4329 qui
3550 4259 3792 4329 javersus

2095 4357 2198 4420 est,
2233 4369 2346 4406 non
2377 4350 2728 4405 revertetur?
2757 4351 2822 4404 Et
2852 4349 2988 4403 alibi
3019 4365 3032 4403 :
3069 4349 3232 4414 Nolo,
3265 4347 3461 4417 inquit
3493 4346 3788 4410 Dominus,

2095 4447 2341 4496 mortem
2372 4439 2704 4512 peccatoris,
2763 4438 2858 4491 sed
2890 4444 2954 4491 ut
3001 4440 3386 4502 convertatur,
3434 4440 3494 4489 et
3523 4435 3694 4488 vivat.
3732 4435 3791 4486 Et

2095 4531 2379 4602 propheta
2430 4527 2602 4582 David
2667 4525 3064 4596 pmnitentiam
3116 4540 3310 4594 agens,
3352 4523 3551 4577 dixit:
3603 4521 3790 4577 Redde

2096 4618 2239 4672 mihi
2271 4616 2524 4670 laetitiam
2553 4613 2814 4668 salutaris
2844 4614 2949 4679 tui,
2978 4619 3035 4668 et
3065 4613 3266 4684 spiritu
3311 4611 3629 4682 principali
3661 4626 3790 4662 con-

2094 4707 2262 4761 ﬁrma
2291 4720 2401 4759 me.
2454 4704 2579 4772 Ipse
2632 4719 2879 4772 namque
2919 4706 3048 4772 post
3098 4699 3499 4771 paenitentiam
3555 4705 3615 4752 et
3653 4698 3790 4751 alios

2097 4795 2308 4861 docuit,
2344 4797 2400 4847 et
2469 4791 2806 4845 sacrificium
2853 4791 2970 4844 Deo
3001 4789 3225 4855 obtulit,
3287 4789 3431 4842 dans
3461 4787 3794 4856 exemplum

2097 4881 2423 4939 doctoribus
2484 4886 2690 4934 sanctae
2742 4879 3021 4945 Ecclesia,
3072 4878 3119 4931 si
3165 4876 3310 4948 lapsi
3355 4875 3599 4940 fuerint,
3659 4880 3716 4927 et
3746 4873 3795 4927 si

2095 4971 2442 5042 condignam
2472 4967 2867 5038 paenitentiam
2902 4966 3200 5037 gesserint,
3247 4970 3567 5033 utrumque
3611 4963 3794 5017 facere

2095 5075 2262 5130 posse
2291 5062 2346 5111 et
2374 5055 2597 5122 offerre,
2627 5060 2683 5109 et
2709 5055 2849 5108 alios
2889 5055 3112 5109 docere.

2095 5165 2223 5219 CAP.
2249 5163 2435 5218 XLIII.
2471 5191 2539 5201 —
2572 5163 2647 5214 De
2672 5162 2842 5229 lapsis
2871 5163 2930 5213 in
2956 5158 3240 5212 ordinibus
3279 5158 3454 5211 sacris
3486 5158 3540 5209 si
3582 5161 3796 5210 restau-

2753 5233 2874 5284 rari
2898 5235 3128 5300 possint.

2167 5323 2274 5392 (Ex
2297 5323 2506 5387 Regest.
2557 5321 2787 5387 Gregor.
2819 5334 2952 5387 pap.
3001 5314 3299 5373 Secundino
3350 5328 3505 5367 servo
3562 5314 3672 5367 Dei
3715 5329 3796 5366 re-

2096 5410 2434 5478 cluso.)Nam
2486 5414 2585 5462 tua
2617 5407 2886 5461 sanctitas
2917 5405 3059 5459 inde
3083 5421 3116 5459 a
3155 5403 3319 5458 nobis
3351 5401 3685 5472 requisivit,
3737 5405 3795 5454 ut

2094 5498 2199 5554 tibi
2231 5496 2601 5552 rescriberem
2646 5495 2715 5549 de
2756 5493 3092 5550 sacerdotali
3140 5490 3326 5546 officio
3383 5493 3513 5561 post
3566 5490 3796 5559 lapsum
