4014 6200
223 302 331 353 989

1037 302 1511 359 DECRETORUM
1552 304 1738 358 LIBRI
1776 305 1883 360 ΧΧ.
1926 335 1994 344 -—
2032 305 2237 360 LIBER
2286 304 2592 360 DECIMUS
2628 304 2882 362 NONUS.

3621 312 3724 365 990

220 426 583 496 resurgendi,
634 416 957 481 dum’dicis
1013 427 1084 481 de
1133 428 1239 482 hoc
1285 443 1533 482 canones
1580 429 1830 483 diversos
1861 434 1917 485 te
1945 430 1992 483 A
2031 444 2179 481 nunc
2210 444 2418 499 corpus
2445 428 2670 499 indigni
2700 429 2985 495 sedemus,
3019 429 3240 500 lapsum
3271 446 3392 485 esse
3432 433 3725 503 cognosci-

220 514 448 584 legisse,
528 514 892 584 diversasque
960 516 1287 583 sententias,
1363 517 1499 570 alias
1559 516 1918 586 resurgendi,

218 602 362 655 alias
390 618 757 673 nequaquam
806 620 989 673 posse.
1049 605 1190 658 Nam
1221 621 1324 658 nos
1370 605 1715 675 generaliter
1746 622 1777 658 a
1819 605 1921 659 Ni-

218 706 379 743 cana
403 690 621 759 synodo
653 690 1012 761 incipientes,
1040 692 1186 746 hanc
1238 709 1366 747 cum
1402 693 1636 763 reliquis
1674 700 1923 763 quatuor

217 794 590 832 veneramur:
626 780 759 849 quia
803 780 987 850 ipsam
1038 786 1360 852 sequentes,
1408 787 1629 835 catera
1682 783 1741 835 in
1783 798 1919 835 cun-

219 868 324 920 ctis
374 868 669 920 sententiis
708 869 1010 922 unanimes
1040 870 1405 923 concordant.
1442 872 1552 924 Nos
1595 886 1731 940 ergo
1772 886 1922 940 pra-

219 957 485 1009 cedentes
518 958 707 1009 Patres
753 957 1079 1028 sequimur:
1116 958 1250 1029 quia
1274 964 1522 1025 auctore
1556 960 1672 1012 Deo
1706 976 1739 1013 a
1766 973 1925 1014 sacra

220 1044 484 1098 doctrina
522 1046 754 1099 illorum
786 1062 901 1100 non
944 1048 1353 1102 discordamus.
1398 1052 1444 1102 Α
1496 1048 1679 1119 capite
1730 1049 1922 1118 itaque

221 1133 587 1203 incipientes,
650 1150 827 1205 usque
893 1136 953 1189 in
1018 1142 1286 1206 quartum
1344 1136 1538 1191 altaris
1598 1137 1923 1190 ministrum

220 1222 370 1274 hanc
398 1221 640 1275 formam
691 1224 1026 1277 servandam
1084 1226 1509 1294 cognoscimus:
1542 1230 1604 1278 ut
1643 1225 1779 1295 quia
1809 1224 1923 1278 mi-

224 1325 427 1363 norem
481 1311 661 1379 major
709 1312 997 1380 pracedit,
1034 1312 1177 1366 sicut
1215 1313 1433 1367 honore
1478 1317 1562 1367 est
1601 1313 1803 1383 major,
1846 1313 1926 1365 ita

222 1397 300 1449 sit
330 1396 390 1449 in
420 1396 680 1464 crimine,
722 1402 776 1451 et
806 1414 977 1467 quem
1010 1400 1195 1469 major
1224 1400 1481 1469 sequitur
1521 1400 1707 1469 culpa,
1741 1398 1927 1468 major

223 1486 278 1538 ei
304 1484 629 1555 implicetur
674 1487 954 1540 vindicta:
1007 1493 1063 1541 et
1092 1488 1171 1541 sic
1208 1494 1406 1556 postea
1439 1487 1775 1558 pauitantia
1803 1502 1922 1539 cre-

227 1574 399 1628 datur
447 1590 565 1627 esse
614 1574 920 1630 fructuosa.
982 1577 1127 1641 Quid
1179 1577 1335 1631 enim
1392 1577 1622 1646 prodest
1672 1576 1924 1630 triticum

226 1663 515 1717 seminare
539 1668 594 1716 et
623 1663 868 1717 fructum
894 1664 1047 1718 illius
1069 1681 1187 1718 non
1216 1665 1525 1736 colligere?
1549 1666 1663 1719 Aut
1688 1664 1924 1718 domum

224 1757 580 1817 construere,
623 1758 678 1806 et
720 1770 835 1807 non
864 1754 980 1807 illic
1009 1754 1285 1809 habitare.
1330 1757 1463 1809 Post
1505 1754 1739 1824 dignam
1770 1753 1925 1806 enim

225 1839 694 1907 satisfactionem,
747 1842 1034 1895 credimus
1087 1859 1250 1912 posse
1294 1843 1483 1896 redire
1515 1844 1585 1896 ad
1617 1844 1919 1895 honorem:

221 1928 507 1997 Propheta
540 1930 790 1983 dicente:
850 1932 1120 2000 Nunquid
1166 1932 1266 2001 qui
1330 1931 1478 1984 cadit
1534 1947 1647 1984 non
1700 1928 1928 1997 adjiciat

224 2022 291 2068 ut
349 2017 647 2085 resurgat?
681 2022 737 2071 et
794 2020 894 2088 qui
949 2035 1179 2071 aversus
1237 2024 1343 2085 est,
1399 2035 1515 2073 non
1569 2017 1926 2071 revertetur?

220 2103 384 2157 Idem
415 2111 472 2158 et
530 2106 810 2173 peccatori
863 2106 967 2160 ait:
1002 2110 1065 2161 In
1110 2124 1451 2178 quacunque
1495 2108 1584 2161 die
1622 2122 1926 2160 conversus

213 2190 602 2261 ingemueris,
636 2196 771 2246 tunc
800 2196 984 2247 salvus
1024 2195 1153 2248 eris.
1212 2197 1368 2249 Unde
1404 2201 1460 2249 et
1488 2195 1787 2249 Psalmista
1815 2195 1922 2251 ait:

214 2279 336 2334 Cor
394 2281 675 2334 mundum
732 2297 860 2335 crea
916 2282 974 2335 in
1031 2300 1121 2336 me
1174 2285 1340 2349 Deus,
1400 2284 1664 2354 spiritum
1706 2288 1927 2337 rectum

214 2366 437 2421 innova
484 2368 543 2421 in
582 2368 892 2423 visceribus
941 2372 1101 2425 meis.
1163 2374 1243 2425 Ne
1292 2372 1557 2442 projicias
1603 2388 1694 2425 me
1724 2371 1927 2425 afacie

218 2461 344 2521 tua,
366 2460 437 2524 .et
484 2457 752 2525 spiritum
797 2464 1054 2513 sanctum
1117 2465 1284 2514 tuum
1341 2477 1413 2515 ne
1456 2460 1681 2514 auferas
1732 2477 1765 2513 a
1811 2476 1922 2513 me.

220 2544 374 2597 Dum
427 2545 582 2599 enim
631 2546 798 2615 petiit
851 2564 921 2600 ne
972 2564 1002 2600 a
1054 2550 1164 2603 Deo
1214 2549 1593 2620 projiceretur
1626 2565 1727 2619 pro
1781 2548 1927 2618 lapsi

218 2633 412 2702 culpa,
443 2634 691 2688 alienam
712 2634 924 2706 quippe
956 2652 1050 2689 rex
1080 2636 1249 2690 simul
1282 2628 1337 2691 et
1366 2637 1643 2709 propheta
1667 2637 1925 2706 rapuisse

218 2736 282 2772 se
317 2736 553 2775 uxorem
600 2724 963 2777 tremefactus
1017 2727 1260 2795 expavit,
1317 2726 1599 2797 propheta
1638 2726 1925 2780 indicante

219 2808 507 2876 ﬂagitium
561 2826 750 2875 suum,
792 2812 1191 2880 panitentiam
1223 2816 1411 2883 fagens
1443 2814 1685 2869 addidit:
1730 2814 1925 2868 Redde

220 2896 367 2949 mihi
400 2898 654 2952 latitiam
687 2900 951 2953 salutaris
981 2901 1087 2967 tui,
1118 2907 1174 2955 et
1211 2903 1415 2973 spiritu
1468 2903 1768 2973 principali
1796 2919 1919 2956 con-

2033 533 2178 570 mus.
2231 517 2341 572 Sed
2401 522 2531 586 post
2576 517 2933 588 negationem
2989 518 3327 589 poenitentia
3382 526 3573 575 secuta
3620 525 3722 588 est,

2032 611 2239 677 etpost
2285 605 2684 677 paenitentiam
2728 606 3120 660 misericordia
3167 607 3329 661 data:
3388 609 3522 678 quia
3561 609 3725 663 illum

2033 690 2102 743 ab
2132 692 2454 759 apostolatu
2499 707 2617 743 non
2662 690 2887 761 dejecit,
2940 707 3110 762 quem
3162 697 3293 745 ante
3341 692 3594 761 seipsum
3628 709 3727 747 ne-

2033 794 2167 849 gare
2201 780 2482 850 pradixit.
2525 779 2650 833 Tibi
2680 780 2822 844 hac,
2854 779 2936 833 ﬁli
2981 780 3330 845 charissime,
3360 780 3530 847 dicta,
3564 781 3728 835 suffi-

2035 866 2206 934 ciant,
2239 871 2301 921 ut
2329 868 2489 921 illum
2523 884 2693 937 quem
2742 868 3024 936 conspicis
3075 868 3279 922 delicta
3329 868 3469 922 ﬂetu
3515 869 3724 935 delere,

2034 955 2093 1010 in
2133 961 2439 1026 conspectu
2475 956 2790 1010 Divinitatis
2840 972 2955 1009 non
3011 956 3234 1009 dubites
3276 957 3725 1012 misericordiam

2035 1045 2343 1115 consequi:
2381 1043 2515 1114 quia
2549 1046 2773 1098 nullum
2823 1049 3148 1113 peccantem
3195 1060 3483 1098 reversum
3539 1045 3729 1116 despi-

2035 1133 2129 1197 cit,
2184 1133 2284 1202 qui
2340 1138 2664 1203 peccatores
2713 1132 2991 1202 sanguine
3058 1149 3159 1185 suo
3214 1133 3495 1186 redimere
3548 1134 3724 1187 venit.

2037 1223 2179 1277 Hinc
2217 1222 2389 1275 etiam
2436 1227 2493 1275 et
2538 1221 2739 1275 beatus
2766 1222 3121 1290 Augustinus
3150 1222 3218 1275 ad
3258 1223 3489 1276 Petrum
3535 1221 3726 1275 diaco-

2037 1326 2175 1364 num
2216 1311 2283 1364 de
2312 1311 2427 1364 ﬁde
2456 1311 2727 1376 scribens,
2775 1311 2881 1364 ait:
2918 1310 3087 1364 Omni
3115 1310 3337 1363 homini
3371 1310 3431 1363 in
3462 1310 3567 1363 hac
3618 1310 3731 1363 vita

2038 1415 2156 1452 esse
2190 1404 2373 1470 potest
2400 1399 2555 1453 utilis
2588 1399 2946 1469 pauitantia,
2987 1415 3161 1469 quam
3199 1414 3546 1469 quocunque
3578 1404 3728 1451 tem-

2034 1504 2175 1553 pore
2220 1488 2391 1541 homo
2423 1488 2622 1556 egerit,
2656 1487 2972 1557 quamlibet
3000 1487 3250 1557 iniquus,
3286 1487 3602 1557 quamlibet
3629 1502 3730 1539 an-

2038 1591 2230 1640 nosus,
2281 1576 2328 1628 si
2376 1580 2494 1628 toto
2541 1575 2708 1630 corde
2758 1576 3180 1629 renunciaverit
3230 1576 3472 1645 peccatis
3522 1579 3730 1643 prate-

2037 1663 2180 1730 ritis,
2205 1668 2260 1717 et
2290 1679 2393 1733 pro
2431 1664 2512 1717 eis
2550 1664 2609 1716 in
2638 1668 2942 1733 conspectu
2987 1664 3104 1730 Dei,
3147 1680 3263 1717 non
3305 1664 3490 1718 solum
3520 1680 3729 1733 corpo-

2037 1752 2133 1820 ris,
2168 1753 2262 1805 sed
2309 1753 2478 1806 etiam
2531 1753 2715 1805 cordis
2745 1753 3022 1823 lacrymas
3071 1753 3301 1818 fuderit,
3360 1758 3417 1806 et
3445 1754 3732 1807 malorum

2039 1857 2279 1912 operum
2327 1842 2578 1895 maculas
2608 1842 2775 1895 bonis
2831 1842 3101 1911 operibus
3151 1842 3369 1895 diluere
3427 1840 3731 1900 curaverit,

2039 1930 2300 1983 omnium
2330 1935 2690 2000 peccatorum
2719 1930 3138 1999 indulgentiam
3173 1946 3303 1983 mox
3333 1930 3582 1984 habebit.
3622 1931 3733 1983 Hoc

2038 2018 2191 2071 enim
2221 2019 2387 2072 nobis
2446 2018 2719 2071 Dominus
2774 2019 3111 2088 prophetico
3144 2018 3431 2088 promittit
3478 2018 3731 2088 eloquio,

2037 2106 2260 2160 dicens:
2319 2106 2374 2161 Si
2407 2121 2710 2159 conversus
2767 2106 2963 2169 fueris,
3016 2111 3072 2158 et
3121 2107 3490 2176 ingemueris,
3544 2107 3733 2159 salvus

2038 2195 2166 2248 eris.
2199 2196 2263 2249 Et
2295 2196 2407 2248 alio
2451 2195 2578 2248 loco
2607 2193 2842 2248 dicitur:
2894 2194 3014 2255 Fili,
3069 2195 3341 2263 peccasti;
3370 2210 3469 2247 ,ne
3500 2193 3733 2263 adjicias

2037 2284 2267 2349 iterum,
2293 2285 2390 2337 sed
2418 2288 2475 2337 et
2505 2283 2575 2337 de
2606 2282 2912 2354 prateritis
2945 2283 3275 2352 deprecare,
3313 2287 3374 2336 ut.
3403 2282 3506 2336 tibi
3539 2282 3731 2337 dimit-

2036 2376 2251 2426 tantur.
2304 2373 2607 2443 Nunquam
2653 2370 2911 2442 peccanti
2951 2377 3099 2424 esset
3126 2370 3342 2424 indicta
3372 2386 3474 2440 pro
3536 2386 3737 2440 pecca-

2038 2461 2109 2516 tis
2153 2462 2494 2530 deprecatio,
2525 2461 2571 2515 si
2599 2460 2929 2530 deprecanti
2968 2476 3084 2513 non
3131 2464 3278 2513 esset
3306 2459 3562 2513 remissio
3593 2475 3734 2512 con-

2037 2550 2307 2604 cedenda.
2342 2551 2451 2605 Sed
2498 2550 2671 2603 etiam
2726 2548 3061 2619 poenitentia
3093 2550 3375 2619 peccaturi
3435 2554 3570 2601 tunc
3600 2564 3734 2618 pro-

2037 2639 2179 2704 dest,
2232 2638 2276 2691 si
2321 2654 2447 2692 eam
2497 2639 2557 2691 in
2600 2638 2847 2691 Ecclesia
2893 2638 3168 2691 catholica
3221 2642 3403 2708 gerat,
3449 2636 3541 2691 cui
3588 2638 3734 2690 Deus

2036 2727 2096 2781 in
2152 2743 2395 2798 persona
2425 2727 2576 2781 beati
2629 2725 2781 2781 Petri
2837 2725 3071 2795 ligandi,
3125 2726 3497 2796 solvendique
3529 2724 3735 2779 tribuit

2038 2820 2401 2886 potestatem,
2460 2816 2685 2869 dicens:
2740 2814 2877 2878 Qua
2906 2815 3226 2885 alligaveris
3272 2830 3443 2885 super
3496 2818 3730 2878 terram,

2038 2910 2205 2958 erunt
2232 2905 2405 2972 ligata
2435 2909 2489 2958 et
2538 2904 2594 2957 in
2626 2904 2799 2957 calis.
2858 2904 2923 2955 Et
2952 2919 3310 2974 quacunque
3370 2902 3607 2956 solveris
3636 2917 3729 2954 su-

219 2982 391 3036 ﬁrma
440 3000 549 3038 me.
598 2986 656 3040 Si
695 2987 850 3040 enim
899 2987 1019 3057 ipse
1075 2989 1308 3059 dignam
1364 2992 1478 3044 Deo
1528 2989 1925 3060 panitentiam
1962 2987 2002 3042 C
2039 3010 2142 3064 per
2168 3000 2400 3060 terram,
2457 2999 2626 3047 erunt
2673 2993 2858 3046 soluta
2888 2996 2945 3044 et
2974 2992 3033 3045 in
3065 2993 3236 3047 calis.
3279 2994 3340 3047 In
3392 3006 3733 3063 quacunque

216 3086 340 3124 non
369 3072 613 3139 fecisset,
646 3090 1012 3145 nequaquam
1044 3077 1168 3131 aliis
1197 3078 1551 3147 pradicaret.
1593 3078 1688 3133 Ait
1737 3078 1920 3131 enim:

220 3159 448 3212 Docebo
473 3159 703 3231 iniquos
726 3163 841 3215 vias
862 3168 1004 3225 tuas,
1036 3170 1094 3217 et
1124 3164 1287 3234 impii
1322 3166 1388 3218 ad
1408 3169 1460 3217 te
1494 3170 1918 3219 convertentur.

221 3248 368 3301 Dum
400 3248 555 3302 enim
605 3256 835 3319 peccata
892 3268 993 3304 sua
1019 3254 1313 3323 prospexit
1344 3254 1626 3323 propheta
1652 3256 1927 3308 mundata

215 3351 325 3404 per
352 3336 772 3405 panitentiam,
806 3356 920 3393 non
942 3340 1225 3395 dubitavit
1251 3343 1617 3413 pradicando
1648 3343 1925 3413 castigare

217 3424 434 3478 aliena:
477 3430 532 3479 et
562 3426 641 3479 sic
686 3428 1028 3482 sacrificium
1057 3430 1127 3483 de
1170 3431 1357 3501 seipso
1414 3430 1618 3484 offerre
1650 3432 1767 3485 Deo
1808 3437 1925 3485 stu-

217 3512 347 3566 duit
393 3530 521 3567 cum
572 3515 823 3570 dicebat:
880 3517 1233 3572 Sacrificium
1286 3521 1400 3573 Deo
1440 3519 1673 3589 spiritus
1712 3520 1924 3573 contri-

214 3601 470 3657 bulatus.
512 3603 594 3657 Ad
629 3605 749 3657 hac
778 3606 886 3659 ista
916 3606 1271 3662 sufficerent:
1320 3609 1417 3662 sed
1454 3608 1641 3661 omnis
1699 3613 1925 3661 senten-

215 3690 297 3743 tia
318 3706 432 3759 quo
454 3692 583 3759 plus
613 3708 785 3746 sacra
815 3693 1122 3764 Scriptura
1148 3695 1488 3749 testimoniis
1533 3695 1923 3761 conﬁrmatur,

212 3777 441 3832 facilius
471 3779 739 3835 creditur.
776 3783 853 3835 De
906 3782 1015 3836 hoc
1045 3784 1199 3836 enim
1251 3785 1533 3855 propheta
1574 3784 1746 3838 dicit:
1784 3784 1924 3838 Nolo

215 3872 463 3921 mortem
512 3870 845 3938 peccatoris,
896 3872 992 3925 sed
1038 3876 1102 3925 ut
1148 3877 1511 3926 convertatur
1539 3877 1597 3927 et
1627 3874 1796 3926 vivat.
1849 3874 1926 3926 De

214 3956 324 4008 hoc
388 3958 754 4025 peccantibus
824 3959 1053 4013 dicitur:
1119 3962 1383 4015 Peccator
1457 3962 1516 4015 in
1582 3976 1924 4032 quacunque

214 4043 307 4096 die
332 4060 636 4099 conversus
691 4046 1059 4117 ingemuerit,
1091 4065 1289 4103 omnes
1328 4049 1658 4120 iniquitates
1706 4051 1826 4120 ejus
1865 4050 1925 4103 in

215 4131 566 4186 oblivionem
599 4135 923 4191 traduntur.
974 4137 1030 4191 Si
1091 4137 1245 4191 enim
1304 4139 1650 4208 Redemptor
1711 4143 1920 4204 noster,

214 4219 317 4290 qui
345 4228 669 4289 peccatores
729 4240 843 4277 non
875 4225 1113 4293 perdere
1155 4226 1251 4280 sed
1295 4226 1608 4295 justiﬁcare
1658 4227 1833 4295 venit,
1864 4227 1923 4281 in

214 4309 505 4364 oblivione
536 4313 894 4382 peccantium
912 4314 1120 4368 delicta
1139 4315 1434 4386 relinquit,
1463 4316 1588 4387 quis
1618 4316 1923 4370 hominum

213 4398 652 4453 condemnanda
712 4408 983 4469 reservet,
1057 4420 1187 4457 cum
1252 4406 1557 4475 Apostolus
1629 4406 1805 4460 dicat:
1866 4406 1923 4458 Si

216 4487 369 4539 Deus
391 4486 685 4555 justiticat,
725 4489 854 4560 quis
884 4496 969 4545 est
1015 4492 1114 4562 qui
1155 4493 1536 4547 condemnet?
1577 4495 1655 4547 Ad
1707 4493 1922 4547 fontem

214 4574 625 4631 misericordia
682 4584 1060 4646 recurrentes,
1124 4582 1515 4652 Evangelicam
1570 4582 1924 4651 proferamus

213 4664 582 4718 sententiam.
618 4666 881 4721 Gaudebo
928 4669 1077 4737 plus,
1109 4669 1319 4741 inquit,
1365 4686 1537 4741 super
1576 4687 1692 4724 uno
1724 4687 1924 4740 pecca-

213 4757 340 4805 tore
372 4754 768 4822 panitentiam
801 4764 1024 4826 agente,
1061 4774 1233 4828 quam
1277 4776 1450 4829 super
1482 4759 1793 4829 nonaginta
1826 4774 1925 4812 no-

212 4855 345 4894 vem
371 4841 542 4909 justis
572 4843 670 4913 qui
694 4860 810 4897 non
831 4845 1089 4912 indigent
1118 4848 1470 4917 poenitentia.
1507 4848 1573 4902 Et
1609 4864 1768 4901 ovem
1800 4863 1925 4917 per-

214 4928 417 4989 ditam,
451 4932 765 5000 nonaginta
796 4949 1000 4987 novem
1030 4951 1147 4988 non
1186 4936 1511 4989 errantibus
1550 4936 1781 5003 relictis,
1816 4937 1919 4990 hu-

215 5032 376 5071 mero
406 5019 477 5072 ad
506 5019 651 5073 ovile
696 5022 1019 5091 reportavit.
1054 5024 1111 5078 Si
1158 5024 1276 5078 ovis
1325 5041 1522 5079 errans
1562 5030 1689 5095 post
1720 5026 1918 5079 inven-

212 5106 454 5171 tionem,
496 5108 566 5161 ad
613 5108 760 5163 ovile
810 5111 1049 5163 humero
1106 5117 1451 5181 reportatur,
1493 5129 1595 5166 cur
1640 5113 1745 5167 iste
1795 5118 1923 5184 post

214 5195 614 5262 paenitentiam
675 5198 743 5251 ad
801 5199 1060 5253 Ecclesia
1100 5200 1481 5255 ministerium
1527 5217 1644 5255 non
1686 5218 1921 5255 revoce-

212 5286 350 5337 tur?
378 5284 521 5348 Quid
562 5290 812 5356 estergo
844 5288 1073 5356 gravius
1121 5291 1347 5343 carnale
1392 5290 1663 5344 delictum
1712 5290 1917 5344 admit-

214 5375 332 5424 tere
364 5372 487 5425 sine
519 5390 632 5440 quo
664 5391 780 5428 non
809 5376 995 5442 multi,
1042 5377 1138 5431 sed
1166 5377 1334 5446 pauci
1380 5378 1773 5445 inveniuntur,
1821 5385 1920 5433 aut

216 5459 315 5513 Dei
362 5460 563 5515 Filium
611 5462 864 5519 timendo
908 5467 1167 5535 negare?
1205 5467 1265 5519 In
1306 5482 1419 5536 quo
1450 5471 1680 5536 peccato
1727 5468 1917 5536 ipsum

211 5546 446 5603 beatum
490 5551 809 5623 principem
866 5555 1258 5623 apostolorum
1322 5556 1571 5621 Petrum,
1629 5556 1698 5609 ad
1756 5557 1919 5626 cujus

2034 3082 2211 3151 igitur
2234 3082 2407 3135 homo
2437 3086 2604 3135 atate
2636 3097 2829 3136 veram
2874 3086 3241 3153 peccatorum
3280 3095 3515 3134 suorum
3549 3077 3733 3148 pani-

2033 3170 2271 3223 tentiam
2321 3171 2519 3239 egerit,
2583 3176 2639 3226 et
2702 3174 2876 3227 vitam
2932 3189 3118 3237 suam,
3174 3172 3288 3224 Deo
3347 3167 3731 3233 illuminante,

2034 3259 2362 3323 correxerit,
2388 3275 2503 3312 non
2534 3260 2853 3330 privabitur
2884 3259 3259 3330 indulgentiae
3292 3271 3560 3323 munere:
3598 3254 3734 3325 quia

2037 3348 2202 3413 Deus,
2250 3347 2394 3400 sicut
2437 3364 2541 3417 per
2594 3338 2933 3421 prophetam
2971 3350 3124 3414 dicit,
3163 3363 3278 3401 non
3332 3346 3451 3398 vult
3489 3348 3733 3397 mortem

2036 3434 2354 3500 morientis,
2418 3442 2697 3505 quantum
2731 3442 2793 3491 ut
2844 3442 3163 3491 revertatur
3201 3453 3234 3488 a
3285 3435 3373 3485 via
3421 3448 3522 3485 sua
3563 3430 3733 3497 mala,

2035 3528 2093 3575 et
2119 3523 2269 3575 vivat
2296 3524 2487 3576 anima
2537 3526 2676 3594 ejus.
2732 3527 3139 3579 Verumtamen
3190 3522 3382 3575 nullus
3428 3519 3733 3572 hominum

2035 3609 2203 3662 debet
2250 3610 2353 3663 sub
2404 3627 2502 3679 spe
2550 3612 2955 3667 misericordia
2996 3612 3109 3677 Dei,
3140 3610 3199 3663 in
3231 3609 3347 3662 suis
3388 3606 3602 3661 diutius
3653 3622 3738 3658 re-

2034 3713 2266 3750 manere
2320 3699 2581 3768 peccatis,
2622 3716 2753 3754 cum
2801 3702 2973 3754 etiam
3005 3702 3064 3753 in
3119 3699 3242 3767 ipso
3281 3710 3516 3764 corpore
3560 3710 3733 3747 nemo

2034 3786 2169 3839 velit
2197 3786 2300 3839 sub
2331 3803 2430 3857 spe
2460 3788 2666 3842 futura
2697 3789 2891 3842 salutis
2950 3788 3165 3842 diutius
3222 3787 3517 3855 agrotare.
3572 3782 3735 3836 Tales

2035 3875 2186 3927 enim
2220 3875 2319 3945 qui
2373 3876 2442 3929 ab
2486 3876 2886 3948 iniquitatibus
2940 3876 3055 3930 suis
3095 3875 3359 3929 recedere
3409 3871 3729 3942 negligunt,

2035 3969 2092 4017 et
2121 3962 2229 4017 sibi
2253 3964 2323 4017 de
2368 3966 2477 4018 Deo
2509 3964 2926 4036 indulgentiam
2978 3964 3405 4034 repromittunt,
3462 3974 3734 4014 nonnun-

2035 4067 2208 4122 quam
2239 4052 2319 4105 ita
2342 4054 2770 4122 praveniuntur
2802 4055 3102 4125 repentino
3150 4052 3249 4107 Dei
3277 4052 3489 4114 furore,
3533 4055 3595 4104 ut
3630 4063 3735 4101 nec

2034 4142 2421 4195 conversionis
2450 4148 2698 4211 tempus,
2730 4160 2834 4197 nec
2875 4142 3220 4197 beneficium
3251 4138 3606 4194 remissionis
3638 4138 3728 4190 in—

2036 4230 2286 4283 veniant.
2349 4230 2477 4284 ldeo
2532 4248 3006 4303 unumquemque
3039 4243 3295 4285 nostrum
3355 4232 3545 4281 sancta
3589 4224 3734 4280 Scri-

2036 4324 2202 4388 ptura
2266 4318 2515 4389 benigne
2584 4327 2927 4390 pramonet,
3005 4321 3226 4374 dicens:
3288 4319 3365 4371 Ne
3424 4314 3733 4370 tardaveris

2034 4405 2284 4459 converti
2311 4407 2381 4460 ad
2409 4408 2740 4476 Dominum,
2767 4414 2822 4463 et
2846 4427 2915 4463 ne
2964 4410 3188 4463 differas
3217 4408 3285 4461 de
3318 4406 3407 4461 die
3438 4404 3496 4458 in
3547 4403 3728 4457 diem:

2034 4494 2222 4547 subito
2255 4495 2409 4548 enim
2444 4496 2633 4551 veniet
2677 4498 2759 4552 ira
2804 4499 2946 4569 ejus,
2997 4504 3053 4552 et
3082 4499 3140 4551 iu
3170 4503 3430 4567 tempore
3470 4492 3731 4547 vindicta

2034 4581 2327 4653 disperdet
2354 4588 2427 4637 te.
2461 4585 2605 4638 Dicit
2652 4586 2824 4640 etiam
2856 4587 3054 4640 beatus
3112 4585 3315 4640 David:
3354 4582 3527 4636 Hodie
3550 4582 3597 4634 si
3626 4596 3732 4633 vo-

2033 4687 2157 4725 cem
2216 4673 2338 4742 ejus
2370 4673 2684 4741 audieritis,
2740 4675 2913 4728 nolite
2963 4675 3245 4728 obdurare
3298 4671 3468 4725 corda
3525 4673 3727 4721 vestra.

2034 4760 2138 4813 Cui
2188 4761 2386 4815 beatus
2441 4779 2673 4832 quoque
2729 4764 2935 4816 Paulus
2995 4761 3301 4815 concordat
3360 4758 3447 4811 bis
3503 4756 3727 4808 verbis:

2034 4850 2250 4915 Videte,
2305 4850 2526 4913 fratres,
2579 4867 2650 4903 ne
2705 4851 2849 4904 forte
2908 4851 2979 4903 sit
3030 4850 3088 4903 in
3126 4850 3316 4919 aliquo
3359 4855 3608 4898 vestrum
3633 4860 3732 4897 cor

2030 4938 2247 4992 malum
2282 4938 2697 4992 incredulitatis
2730 4939 3057 4992 discedendi
3091 4956 3117 4991 a
3153 4940 3266 4993 Deo
3308 4936 3455 4997 vivo,
3491 4932 3587 4986 sed
3630 4934 3727 4986 ad-

2030 5026 2341 5079 hortamini
2373 5026 2745 5097 vosmetipsos
2789 5043 2891 5095 per
2919 5027 3174 5097 singulos
3219 5025 3359 5088 dies,
3408 5023 3588 5076 donec
3618 5020 3729 5074 ho-

2032 5115 2123 5168 die
2170 5115 2632 5185 cognominatur,
2668 5119 2873 5170 utnon
2906 5116 3221 5170 obduretur
3276 5116 3403 5183 quis
3450 5128 3512 5166 ex
3568 5112 3731 5165 vobis

2030 5202 2252 5256 fallacia
2285 5204 2519 5273 peccati.
2569 5205 2861 5259 Obdurato
2910 5205 3089 5276 igitur
3134 5204 3269 5257 vivit
3297 5205 3486 5270 corde,
3519 5206 3619 5276 qui
3670 5222 3728 5257 se

2032 5308 2145 5345 non
2175 5292 2475 5356 convertit,
2519 5293 2827 5364 desperans
2851 5294 2920 5347 de
2951 5291 3307 5362 indulgentia
3338 5299 3722 5361 peccatorum,

2029 5381 2145 5434 sive
2193 5381 2293 5451 qui
2352 5381 2430 5433 sic
2483 5381 2932 5435 misericordiam
3001 5382 3097 5435 Dei
3155 5386 3365 5450 sperat,
3433 5398 3615 5452 usque
3663 5382 3724 5434 in

2030 5469 2200 5521 finem
2256 5469 2379 5521 vita
2432 5469 2746 5538 praesentis,
2782 5470 2837 5521 in
2874 5486 3104 5522 suorum
3138 5468 3441 5522 criminum
3491 5485 3723 5537 perver-

2028 5557 2191 5610 sitate
2243 5562 2553 5611 remaneat.
2617 5558 2858 5610 Proinde
2911 5557 3216 5628 diligentes
3266 5556 3719 5610 misericordiam
