4010 6192
288 293 384 344 991

1362 287 1544 343 BURC
1556 288 1770 341 HARDI
1817 286 2351 343 WOBMACIENSIS
2391 286 2724 343 EPISCOPI.

3692 289 3800 340 99'2

277 416 400 482 Dei,
431 419 869 484 metuentesque
893 412 1200 483 justitiam,
1256 427 1359 465 nec
1384 411 1455 465 de
1478 411 1814 464 remissione
1847 427 1976 480 pec-
2014 412 2062 464 Α
2092 411 2398 464 multitudo
2431 411 2785 480 iniquorum,
2845 409 3048 462 melior
3075 423 3212 476 ergo
3244 413 3300 462 et
3350 413 3409 461 tu
3442 424 3572 461 eras
3612 424 3799 479 quon-

272 510 531 558 catorum
563 503 957 572 desperemus,
991 516 1095 554 nec
1144 515 1543 553 remaneamus
1593 499 1651 553 in
1684 499 1962 570 peccatis:

273 593 534 655 scientes,
563 591 698 660 quia
725 589 823 643 illa
868 589 1125 642 omnium
1161 588 1465 641 hominum
1497 588 1690 642 debita
1737 588 1811 642 sit
1838 604 1968 642 exa-

269 686 432 733 ctura
459 679 698 749 asquitas
736 676 1042 747 justissimi
1082 677 1315 742 Iudicis,
1358 692 1486 746 quae
1544 693 1662 730 non
1691 676 1973 730 dimiserit

271 767 664 821 misericordia
695 766 1127 820 clementissimi
1162 765 1577 834 Redemptoris.
1626 765 1783 819 Sicut
1813 766 1969 819 enim

271 856 664 910 misericordia
733 854 991 923 suscipit,
1050 854 1405 923 absolvitque
1479 869 1806 918 conversos,
1892 853 1973 906 ita

265 944 490 1016 justitia
540 944 778 1014 repellet
818 948 876 996 et
934 942 1135 1012 puniet
1175 942 1507 995 obduratos.
1569 943 1634 995 Hi
1693 947 1826 994 sunt
1871 941 1973 1011 qui

273 1037 569 1102 peccantes
616 1032 676 1085 in
717 1031 992 1100 Spiritum
1033 1037 1318 1096 sanctum,
1351 1046 1537 1100 neque
1565 1031 1623 1084 in
1655 1031 1763 1084 hoc
1803 1045 1976 1083 saecu-

271 1124 344 1186 lo,
379 1135 565 1189 neque
591 1119 650 1173 in
700 1111 915 1185 futuro,
967 1119 1362 1172 remissionem
1405 1119 1686 1189 accipient
1715 1123 1975 1188 peccato-

273 1224 420 1262 rum.
479 1209 618 1262 Nam
649 1211 707 1260 et
751 1208 819 1261 de
876 1209 982 1260 hoc
1029 1207 1281 1260 Isidorus
1338 1207 1642 1277 lspalensis
1676 1206 1976 1276 episcopus

271 1298 340 1350 ad
392 1295 826 1366 inquisitionem
880 1295 1152 1349 Massonis
1206 1294 1480 1364 episcopi,
1541 1295 1618 1348 ita
1688 1294 1978 1364 rescripsit

273 1383 495 1436 dicens:
532 1383 742 1435 Verum
789 1381 939 1451 quod
972 1386 1278 1451 sequenter
1323 1382 1380 1433 in
1442 1380 1697 1450 epistolis
1743 1397 1975 1433 venera-

270 1471 402 1525 bilis
432 1463 757 1525 fraternitas
807 1478 901 1522 tua
934 1470 1206 1532 innotuit,
1241 1469 1398 1522 nulla
1444 1473 1526 1521 est
1555 1468 1614 1520 in
1646 1468 1978 1538 hujusmodi

272 1560 567 1613 sententiis
611 1559 972 1612 decretorum
1024 1558 1320 1611 diversitas
1376 1557 1770 1626 intelligenda,
1829 1557 1978 1626 quod

272 1647 410 1701 alibi
453 1647 667 1715 legitur
692 1646 753 1700 in
806 1647 968 1714 lapsu
995 1645 1279 1714 corporali
1316 1646 1752 1698 restaurandum
1794 1645 1978 1698 hono-

271 1735 352 1789 ris
384 1735 627 1804 gradum
669 1739 792 1803 post
841 1733 1260 1803 paenitentiam,
1295 1733 1431 1786 alibi
1483 1738 1612 1803 post
1651 1733 1980 1803 hujusmodi

274 1822 546 1876 delictum
612 1837 979 1891 nequaquam
1037 1821 1421 1890 reparandum
1489 1821 1714 1892 antiqui
1767 1821 1982 1874 ordinis

273 1909 514 1980 gradum
585 1913 718 1978 post
773 1908 1203 1978 pcenitentiam:
1262 1909 1395 1962 alibi
1450 1915 1580 1978 post
1638 1909 1980 1978 hujusmodi

274 1999 542 2052 delictum
610 2012 974 2067 nequaquam
1043 1998 1431 2067 reparandum
1488 1997 1711 2067 antiqui
1765 1997 1980 2051 ordinis

273 2086 720 2140 meritum.Hsec
770 2091 924 2138 enim
961 2085 1256 2138 diversitas
1316 2088 1421 2140 hoc
1473 2086 1643 2140 modo
1682 2085 1981 2155 distingui-

272 2180 385 2228 tur.
419 2175 547 2229 Illos
568 2173 722 2227 enim
754 2173 826 2226 ad
852 2173 1123 2243 pristinos
1143 2172 1312 2226 ofﬁcii
1333 2174 1544 2244 gradus
1577 2173 1762 2227 redire
1799 2188 1978 2226 canon

272 2262 567 2335 praecepit,
619 2278 766 2332 quos
805 2261 1159 2331 paenitentiae
1207 2262 1496 2332 praecessit
1534 2261 1860 2327 satisfactio,
1894 2261 1980 2314 vel

278 2351 452 2420 digna
481 2355 842 2419 peccatorum
891 2350 1192 2403 confessio.
1235 2353 1306 2403 At
1343 2354 1540 2404 contra
1568 2350 1624 2404 hi
1658 2350 1756 2420 qui
1797 2365 1982 2420 neque

276 2455 310 2492 a
340 2438 479 2490 vitio
501 2437 886 2507 corruptionis
916 2438 1274 2502 emendatur,
1306 2441 1476 2506 atque
1507 2439 1613 2491 hoc
1641 2437 1833 2507 ipsum
1865 2454 1982 2491 car-

276 2527 406 2580 nale
425 2525 695 2579 delictum
714 2527 864 2596 quod
883 2526 1216 2594 admittunt,
1235 2527 1407 2580 etiam
1435 2526 1719 2581 vindicare
1736 2526 1980 2598 quadam

276 2612 666 2681 superstitiosa
695 2614 1016 2668 temeritate
1047 2614 1328 2681 nituntur,
1362 2631 1465 2668 nec
1513 2615 1754 2684 gradum
1789 2615 1983 2686 utique

275 2699 536 2766 honoris,
579 2717 682 2754 nec
714 2702 957 2770 gratiam
1009 2702 1430 2756 communionis
1481 2703 1784 2774 recipiunt.
1838 2704 1982 2772 Ergo

275 2787 356 2841 ita
387 2793 466 2842 est
511 2793 750 2860 utraque
807 2790 1128 2844 dirimenda
1182 2777 1485 2856 sententia,
1537 2797 1599 2845 ut
1649 2807 1874 2846 necesse
1915 2792 1988 2845 sit

276 2876 405 2930 illos
434 2877 742 2931 restaurari
774 2878 834 2932 in
864 2880 988 2932 loco
1025 2879 1282 2947 honoris,
1319 2880 1414 2951 qui
1448 2896 1552 2950 per
1591 2879 1982 2950 paenitentiam

2081 498 2211 552 dam
2253 513 2427 568 quam
2477 497 2877 552 multitudines
2935 497 3290 551 Iudaeorum.
3345 497 3592 566 Propter
3643 495 3802 566 quod

2079 602 2248 639 nemo
2279 586 2537 650 miretur,
2572 586 2618 638 si
2674 586 2822 638 forte
2870 585 3279 654 prolixioribus
3309 600 3418 654 ego
3474 600 3630 636 nunc
3674 588 3806 636 utar

2079 673 2609 737 lamentationibus,
2687 679 2741 726 et
2802 673 3114 726 amariores
3179 673 3532 742 profundam
3609 672 3803 735 ﬂetus,

2081 778 2253 832 quam
2302 769 2435 815 tunc
2486 762 2761 832 propheta
2812 762 3089 830 profudit.
3152 763 3276 816 Non
3322 762 3481 815 enim
3531 761 3711 824 urbis,
3742 767 3808 812 nt

2081 851 2219 919 dixi,
2251 857 2431 920 captse
2472 852 2686 904 excidia
2727 851 2933 915 deﬂeo,
2993 867 3095 903 nec
3119 851 3246 903 vilis
3294 850 3454 918 vulgi
3502 849 3804 918 captivita-

2081 945 2196 994 tem
2234 941 2532 1002 lamentor,
2565 940 2658 992 sed
2701 939 2944 1009 insignis
2973 940 3179 993 animas
3215 940 3465 1008 lapsum,
3503 944 3558 990 et
3602 937 3812 1006 templi

2082 1029 2140 1082 in
2169 1046 2283 1099 quo
2315 1029 2570 1083 Christus
2597 1028 2819 1081 habitat
2870 1027 3171 1080 excidium.
3217 1030 3350 1082 Ilaec
3390 1026 3548 1079 enim
3593 1027 3812 1078 lamen-

2086 1119 2220 1172 tatio
2253 1117 2494 1187 insignis
2543 1117 2751 1169 animae
2779 1133 2949 1186 quam
3001 1133 3106 1185 ego
3131 1117 3335 1178 deﬂeo,
3372 1120 3532 1168 tanto
3582 1115 3681 1166 illa
3723 1119 3808 1167 est

2084 1207 2282 1262 durior
2306 1210 2362 1259 et
2390 1204 2660 1271 amarior,
2693 1210 2908 1274 quanto
2957 1211 3012 1257 et
3057 1204 3262 1257 verior.
3313 1199 3455 1257 Inde
3489 1203 3693 1272 utique
3727 1207 3811 1254 est

2086 1295 2241 1364 quod
2293 1310 2399 1363 ego
2449 1293 2950 1346 irremediabiliter
2979 1294 3212 1362 plango,
3253 1291 3394 1362 quia
3429 1293 3589 1357 novi,
3632 1296 3689 1344 et
3719 1292 3807 1343 in-

2086 1382 2435 1436 cessabiliter
2465 1383 2633 1450 lugeo
2691 1381 2829 1434 dum
2880 1381 3164 1434 recordor.
3220 1382 3532 1450 Usquequo
3596 1381 3806 1432 iterum

2086 1477 2142 1524 te
2174 1471 2487 1540 tripudiare
2518 1469 2740 1522 videam
2773 1469 2841 1522 ad
2869 1468 3073 1537 prioris
3103 1468 3304 1538 glorise
3339 1467 3599 1520 statum?
3640 1466 3807 1530 Quod

2088 1560 2193 1612 etsi
2221 1559 2370 1630 apud
2403 1558 2666 1611 homines
2707 1557 3060 1626 impossibile
3105 1557 3350 1622 videtur,
3414 1555 3568 1625 apud
3620 1556 3805 1609 Deum

2091 1653 2281 1700 tamen
2312 1646 2506 1700 omnia
2537 1645 2832 1716 possibilia
2849 1649 3006 1698 sunt.
3034 1645 3156 1714 Ipse
3176 1649 3263 1698 est
3288 1644 3447 1697 enim
3476 1644 3579 1715 qui
3601 1645 3809 1697 allevat

2094 1737 2164 1790 de
2194 1741 2345 1789 terra
2391 1734 2645 1804 inopem,
2701 1739 2756 1787 et
2786 1734 2855 1786 de
2887 1738 3131 1786 stercore
3163 1732 3335 1802 erigit
3367 1748 3704 1802 pauperem,
3747 1737 3809 1785 ut

2091 1825 2332 1878 collocet
2386 1839 2519 1876 eum
2563 1839 2692 1876 cum
2747 1821 3100 1892 principibus
3139 1820 3346 1890 populi
3386 1820 3498 1874 sui.
3563 1821 3693 1890 Ipse
3725 1827 3810 1874 est

2092 1912 2194 1984 qui
2226 1913 2477 1966 sterilem
2507 1911 2640 1966 facit
2669 1915 2910 1963 matrem
2940 1925 3110 1979 super
3139 1909 3288 1962 ﬁlios
3318 1910 3634 1962 laetantem.
3682 1911 3806 1962 Non

2093 2016 2230 2068 ergo
2288 2000 2536 2061 dubites,
2589 2014 2777 2068 neque
2831 1998 3099 2068 desperes
3157 1997 3372 2050 mutari
3431 2001 3483 2050 te
3539 2013 3706 2067 posse
3747 1997 3809 2050 in

2093 2089 2320 2143 melius.
2381 2088 2442 2143 Si
2499 2087 2654 2141 enim
2688 2091 2906 2140 tantum
2939 2085 3124 2155 potuit
3154 2085 3441 2151 diabolus,
3473 2091 3536 2138 ut
3573 2100 3604 2137 a
3641 2085 3810 2138 celsis

2094 2182 2375 2232 virtutum
2405 2176 2666 2247 fastigiis,
2692 2177 2751 2228 in
2773 2175 3124 2246 profundum
3150 2180 3204 2227 te
3229 2173 3468 2227 duceret
3499 2173 3807 2234 malorum,

2095 2271 2313 2336 quanto
2372 2265 2552 2335 magis
2603 2263 2812 2334 poterit
2875 2263 3020 2316 Deus
3072 2261 3139 2315 ad
3189 2262 3479 2315 bonorum
3529 2261 3805 2314 verticem

2092 2369 2380 2419 revocare,
2429 2359 2484 2406 et
2524 2369 2636 2406 non
2665 2353 2852 2405 solum
2885 2351 2944 2404 in
3002 2351 3058 2404 id
3092 2355 3144 2403 te
3175 2350 3478 2403 restituere
3507 2349 3662 2419 quod
3691 2350 3804 2402 fui-

2095 2443 2189 2507 sti,
2231 2442 2328 2495 sed
2367 2440 2680 2496 beatiorem
2716 2440 2898 2492 multo
2939 2454 3110 2508 quam
3143 2438 3303 2508 prius
3338 2438 3637 2502 videbaris,
3671 2437 3803 2490 efﬂ-

2097 2529 2263 2584 cere?
2309 2531 2553 2584 Tantum
2600 2534 2687 2582 est
2719 2543 2790 2582 ne
2819 2527 3087 2580 concidas
3140 2526 3355 2590 animo,
3416 2540 3602 2596 neque
3633 2540 3806 2594 spem

2097 2619 2394 2673 abscindas
2423 2618 2722 2671 bonorum.
2755 2618 2854 2681 Ne,
2889 2632 3103 2686 quaeso,
3143 2631 3211 2668 ne
3243 2614 3461 2668 accidat
3501 2614 3601 2667 tibi
3643 2612 3814 2683 quod

2096 2705 2291 2778 impiis
2345 2706 2508 2758 solet.
2561 2706 2683 2758 Non
2743 2703 2898 2756 enim
2951 2706 3317 2772 peccatorum
3375 2700 3686 2754 multitudo
3751 2700 3814 2753 in

2097 2793 2556 2864 desperationem
2605 2790 2836 2845 adducit
2885 2789 3156 2853 animam,
3213 2788 3311 2842 sed
3364 2788 3652 2858 impietas.
3691 2787 3814 2840 Im-

2101 2882 2327 2951 piorum
2358 2896 2494 2950 ergo
2518 2885 2601 2933 est
2637 2879 2942 2949 desperare
2972 2878 3152 2930 salute
3177 2891 3239 2941 n,
3274 2892 3386 2929 non
3417 2879 3818 2944 peccatorum.

277 2966 802 3020 reconciliationem
825 2968 1379 3022 merueruntdivinse
1406 2968 1652 3038 pietatis.
1679 2968 1744 3022 Hi
1767 2984 1871 3022 nec
1888 2967 1988 3021 im-
2019 2969 2058 3025 C
2103 2970 2257 3024 Unde
2303 2969 2494 3023 divina
2543 2966 2932 3021 misericordia
2982 2965 3304 3036 pollicetur,
3369 2964 3589 3017 dicens:
3651 2963 3813 3017 Gau-

282 3054 487 3109 merito
509 3059 940 3125 consequuntur
959 3056 1176 3126 adepta
1198 3055 1491 3126 dignitatis
1509 3061 1741 3122 statum,
1765 3057 1864 3128 qui
1886 3072 1990 3125 per

280 3142 748 3199 emendationem
775 3144 1150 3214 pmnitentiaa,
1183 3145 1462 3215 recepisse
1498 3150 1814 3200 noscuntur
1859 3145 1988 3198 vita:

279 3231 636 3300 remedium.
667 3231 726 3285 Id
775 3231 930 3285 enim
975 3248 1048 3285 ne
1092 3231 1239 3286 forte
1271 3231 1454 3302 magis
1503 3232 1839 3302 ambiguum
1896 3230 1988 3298 sit,

283 3319 494 3374 divinas
542 3319 898 3374 auctoritatis
946 3320 1228 3374 sententia
1273 3320 1684 3374 comtirmetur.
1731 3319 1988 3373 Ezechiel

284 3407 438 3461 enim
488 3408 791 3477 propheta,
852 3407 956 3462 sub
1025 3413 1159 3478 typo
1205 3408 1672 3478 praevaricatricis
1725 3408 1986 3462 Hierusa-

285 3494 406 3549 lem‘
423 3495 688 3561 ostendit,
732 3499 860 3565 post
896 3495 1248 3565 pmnitentise
1288 3495 1754 3551 satisfactionem.
1798 3494 1990 3566 pristi-

286 3599 426 3637 num
458 3583 765 3637 restaurari
805 3598 970 3652 posse
1010 3583 1304 3638 honorem.
1357 3584 1740 3653 Confundere,
1781 3583 1988 3654 inquit,

285 3688 317 3725 ο
354 3671 519 3738 Juda,
564 3676 620 3726 et
659 3675 825 3742 porta
853 3671 1234 3742 ignominiam
1274 3677 1452 3726 tuam.
1515 3674 1580 3728 Et
1625 3677 1756 3742 post
1783 3671 1992 3741 paulu-

285 3759 435 3815 lum:
473 3760 539 3814 Et
585 3762 670 3825 tu,
702 3758 912 3831 inquit,
942 3766 1001 3815 et
1032 3761 1164 3814 ﬁliae
1213 3765 1345 3824 tuae,
1380 3759 1735 3815 revertimini
1775 3759 1843 3814 ab
1882 3759 1992 3812 ini-

288 3848 508 3919 quitate
583 3852 781 3902 vestra.
847 3848 1006 3912 Quod
1075 3849 1235 3916 dixit,
1312 3849 1687 3917 confundere,
1747 3848 1994 3902 ostendit

286 3941 417 4007 post
448 3936 817 4000 confusionis,
864 3937 925 3991 id
955 3943 1041 3991 est
1071 3937 1286 4008 peccati
1335 3954 1500 4007 opus,
1543 3938 1749 3992 debere
1790 3953 1990 4007 quem-

287 4041 461 4096 quam
518 4025 869 4091 erubescere,
904 4029 959 4079 et
1005 4041 1108 4095 pro
1162 4025 1430 4080 admissis
1479 4026 1786 4080 sceleribus
1833 4042 1990 4080 vere-

287 4113 538 4168 cundum
592 4113 840 4168 frontem
896 4113 1059 4167 humi
1103 4118 1445 4183 prostratam
1500 4114 1854 4185 demergere,
1889 4131 1990 4184 pro

287 4218 354 4255 cu
406 4202 562 4272 quod
605 4201 847 4270 dignum
913 4201 1260 4254 confusionis
1339 4207 1766 4272 perpetraverat
1820 4219 1984 4272 opus.

290 4289 508 4344 Deinde
540 4289 812 4360 praecepit
846 4295 905 4342 ut
942 4294 1130 4358 portet
1183 4289 1567 4359 ignominiam
1617 4291 1988 4362 depositionis

291 4393 425 4442 snas,
468 4377 672 4448 lugens
727 4393 858 4430 cum
905 4377 1226 4432 humilitate
1267 4379 1421 4449 quod
1475 4383 1821 4450 peccaverat.
1873 4379 1988 4434 Sic-

291 4481 403 4534 que
458 4467 728 4533 revocari,
801 4467 1113 4522 secundum
1186 4468 1544 4538 prophetam,
1600 4469 1672 4522 ad
1707 4468 1988 4538 priorem

293 4558 506 4607 statum
537 4554 766 4624 poterit.

293 4659 420 4714 CAP.
480 4660 654 4715 XLIV.
687 4691 748 4700 —
785 4660 936 4726 Quod
986 4663 1199 4729 anima,
1237 4663 1423 4716 multis
1450 4662 1698 4727 gentibus
1736 4661 1987 4729 nobilior,

364 4733 438 4785 sit
465 4731 709 4799 deﬂenda
757 4738 807 4786 et
855 4734 1036 4786 multis
1090 4733 1314 4786 urbibus
1371 4735 1674 4801 pretiosior,
1745 4735 1993 4802 quodque

359 4817 468 4858 non
497 4805 571 4856 sit
601 4802 993 4872 desperandum
1022 4803 1087 4857 de
1114 4804 1290 4857 venia.

365 4909 726 4978 (Excerprum
781 4908 846 4962 de
917 4909 1055 4962 libro
1121 4907 1350 4963 Joannis
1396 4909 1854 4978 Constantinopol.
1920 4909 1995 4963 ad

299 4997 653 5063 Theodorum,
684 5012 804 5066 cap.
861 4996 973 5067 59.)
1008 4995 1146 5059 Quis
1200 4995 1357 5050 dabit
1395 4997 1565 5067 capiti
1597 5013 1724 5051 meo
1759 5013 1992 5067 aquam,

293 5091 350 5138 et
405 5085 583 5138 oculis
633 5086 773 5139 meis
827 5086 1046 5139 fontem
1113 5085 1531 5154 lacrymarum?
1604 5083 1996 5155 Opportunius

299 5173 477 5226 multo
503 5188 655 5226 nunc
685 5191 717 5226 a
765 5189 876 5240 me,
909 5188 1080 5244 quam
1133 5179 1268 5228 tunc
1301 5190 1335 5226 a
1378 5173 1659 5244 propheta
1719 5173 1815 5226 Dei
1865 5173 1997 5227 dici-

293 5266 403 5315 tur.
464 5262 618 5316 Licet
644 5262 800 5316 enim
833 5279 948 5317 non
997 5262 1163 5317 urbes
1193 5263 1409 5330 multae,
1454 5277 1559 5316 nec
1599 5278 1738 5332 gens
1775 5261 1998 5331 integra

294 5350 658 5405 lamentauda
706 5351 797 5414 sit,
831 5351 1021 5405 anima
1052 5356 1244 5406 tamen
1282 5350 1472 5406 ﬂenda
1517 5355 1602 5405 est
1642 5350 1834 5404 multis
1865 5366 2001 5420 gen-

300 5439 450 5492 tibus
481 5438 749 5504 nobilior,
806 5441 1116 5511 multisque
1146 5439 1380 5493 urbibus
1419 5439 1743 5509 pretiosior.
1789 5440 1930 5492 Nam
1953 5439 2000 5492 si

301 5543 447 5580 unus
477 5527 578 5597 qui
622 5526 818 5580 fecerit
857 5529 1204 5582 voluntatem
1259 5528 1380 5590 Dei,
1433 5528 1634 5582 melior
1688 5531 1774 5580 est
1826 5542 2002 5597 quam

2101 3057 2262 3112 dium
2324 3058 2432 3111 erit
2484 3056 2544 3109 in
2598 3057 2738 3110 cmlo
2778 3071 2967 3108 coram
3022 3053 3240 3124 angelis
3300 3053 3400 3106 Dei
3457 3067 3630 3122 super
3690 3067 3817 3105 uno

2098 3150 2414 3217 peccatore.
2454 3145 2523 3199 Et
2568 3149 2700 3213 post
2735 3159 2953 3214 pauca:
2997 3141 3314 3205 Stantibus,
3381 3141 3428 3193 si
3476 3141 3816 3205 ceciderint,

2099 3235 2354 3288 minatur
2387 3249 2645 3303 pmnam:
2702 3231 2896 3300 lapsis,
2947 3235 3008 3283 ut
3042 3245 3276 3300 surgere
3319 3234 3614 3298 appetant,
3673 3245 3817 3299 pro-

2102 3323 2277 3376 mittit
2312 3321 2782 3375 misericordiam.
2824 3320 2957 3373 Illos
2986 3324 3182 3386 terret,
3214 3335 3283 3372 ne
3325 3325 3679 3386 praesumant
3748 3318 3814 3371 in

2099 3411 2294 3464 bonis:
2349 3409 2477 3462 illos
2523 3409 2758 3475 refovet,
2802 3424 2873 3461 ne
2907 3408 3213 3477 desperent
3255 3406 3314 3460 in
3376 3405 3557 3459 malis.
3611 3407 3817 3459 Justus

2098 3515 2177 3566 es,
2211 3499 2354 3553 iram
2402 3497 2739 3567 pertimesce
2793 3512 2863 3550 ne
2895 3511 3156 3562 corruas;
3210 3500 3471 3565 peccator
3526 3511 3606 3560 es,
3653 3511 3812 3565 prae-

2099 3603 2260 3640 sume
2307 3586 2377 3639 de
2440 3583 2830 3638 misericordia
2877 3588 2940 3638 ut
2999 3599 3217 3652 surgas.
3273 3583 3341 3635 Et
3405 3583 3550 3635 sicut
3610 3583 3815 3652 lapsus

2098 3674 2467 3745 gravissimus
2531 3673 2840 3727 cervicibus
2897 3673 3104 3725 anime:
3152 3671 3510 3736 incumbens,
3576 3686 3815 3740 semper

2099 3778 2228 3817 eam
2285 3762 2550 3816 deorsum
2601 3761 2661 3814 in
2719 3765 2932 3814 terram
2980 3759 3134 3830 cogit
3184 3760 3461 3828 aspicere,
3503 3758 3568 3812 ad
3624 3759 3812 3812 Deum

2100 3867 2232 3904 vero
2286 3865 2514 3904 sursum
2585 3865 2702 3902 non
2759 3848 2893 3902 sinit
2949 3850 3143 3902 oculos
3204 3847 3434 3900 levare:
3496 3846 3573 3900 sic
3627 3847 3818 3900 virilis

2101 3938 2310 3993 animae
2361 3953 2530 3991 suum
2580 3937 2820 4007 pondus,
2857 3941 2919 3990 ut
2970 3935 3048 3989 ait
3104 3936 3415 4005 Propheta:
3455 3935 3611 3989 Sicut
3658 3936 3821 3988 oculi

2101 4027 2321 4081 ancillae
2351 4025 2412 4080 in
2455 4026 2721 4080 manibus
2760 4024 3008 4078 dominas
3038 4040 3171 4085 suae,
3203 4024 3284 4076 ita
3316 4023 3470 4076 oculi
3518 4027 3698 4076 nostri
3746 4024 3820 4077 ad

2104 4110 2414 4169 Doniinum
2445 4115 2623 4168 Deum
2653 4120 2933 4177 nostrum,
2982 4111 3164 4167 donec
3215 4112 3562 4166 misereatur
3611 4114 3826 4165 nostri.

2104 4204 2327 4258 Etenim
2375 4202 2582 4257 mulier
2626 4202 2742 4265 illa,
2801 4217 2927 4271 qua
2977 4201 3040 4254 in
3105 4200 3426 4269 Evangeliis
3485 4199 3825 4254 drachmam

2103 4308 2278 4362 quam
2309 4291 2632 4362 perdiderat
2668 4290 2906 4353 invenit,
2940 4293 3213 4343 convocat
3241 4288 3458 4342 amicas
3495 4295 3549 4341 et
3580 4289 3820 4353 vicinas,

2101 4386 2164 4434 ut
2207 4380 2682 4449 congratulantur
2738 4379 2809 4432 ei.
2843 4379 2909 4432 Et
2939 4394 3045 4449 ego
3071 4377 3395 4431 convocabo
3437 4377 3655 4431 amicos
3686 4383 3818 4430 tuos

2100 4484 2392 4540 meosque,
2425 4472 2481 4521 et
2513 4467 2728 4520 vicinos
2783 4472 3004 4520 nostros
3052 4465 3406 4534 deprecabor
3457 4481 3557 4518 eos
3614 4481 3816 4518 conve-

2100 4557 2246 4622 nire,
2299 4561 2361 4610 ut
2407 4572 2523 4610 non
2555 4555 2863 4622 gaudeant,
2899 4554 2998 4608 sed
3028 4559 3089 4606 ut
3133 4554 3373 4623 lugeant
3405 4569 3656 4617 mecum,
3705 4569 3812 4606 nec

2103 4652 2165 4698 ut
2212 4644 2591 4715 gratulentur,
2642 4643 2737 4697 sed
2789 4650 2853 4695 ut
2923 4643 3328 4705 lamentantur,
3381 4647 3440 4694 et
3509 4641 3810 4710 ingentem

2102 4735 2414 4804 planctum,
2473 4731 2780 4786 sublevatis
2837 4730 2905 4784 ad
2946 4731 3150 4785 ccelum
3208 4745 3323 4782 una
3382 4744 3612 4782 mecum
3660 4730 3807 4781 voci-

2104 4823 2210 4876 bus
2241 4821 2499 4885 reddant,
2533 4820 2774 4873 dicendo
2803 4819 2874 4873 ad
2916 4833 3040 4872 eos:
3074 4818 3291 4871 Ululate
3319 4832 3572 4880 mecum,
3617 4816 3813 4879 amici,

2104 4909 2360 4979 plangite
2403 4919 2460 4962 et
2485 4907 2814 4977 profundite
2843 4908 3028 4960 fontes
3058 4905 3320 4970 ﬂetuum,
3357 4921 3471 4958 non
3512 4905 3647 4976 quia
3686 4906 3817 4958 auri

2105 4997 2329 5067 pondus
2393 4996 2760 5053 immensum,
2811 5011 2917 5049 nec
2973 4995 3184 5048 talenta
3256 4993 3381 5047 auri
3440 4994 3819 5064 perdiderim,

2105 5085 2204 5138 sed
2226 5084 2361 5154 quia
2383 5085 2588 5136 horum
2620 5082 2880 5136 omnium
2915 5081 3160 5146 cliarior,
3187 5085 3245 5134 et
3283 5081 3444 5133 omni
3477 5097 3619 5133 auro
3653 5096 3817 5148 gem-

2109 5188 2353 5236 marum,
2404 5172 2677 5242 omnique
2738 5171 3037 5225 nobilitate
3082 5169 3384 5238 pretiosior
3436 5169 3682 5230 amicus,
3725 5184 3820 5221 ne-

2109 5261 2222 5314 scio
2256 5261 2564 5332 ‘quomodo
2596 5261 2784 5328 lapsus
2833 5275 3014 5330 usque
3062 5258 3120 5311 in
3169 5257 3357 5327 ipsum
3410 5257 3595 5311 fertur
3634 5258 3823 5326 perdi-

2109 5348 2280 5403 tionis
2336 5349 2702 5420 profundum.
2788 5349 2912 5402 Noli
2996 5347 3299 5416 desperare
3369 5346 3438 5397 de
3505 5345 3695 5415 lapsu,
3751 5361 3821 5398 ne

2110 5439 2295 5491 cadas.
2355 5437 2464 5501 Qui
2530 5437 2684 5492 enim
2743 5437 2923 5491 alium
2979 5435 3259 5505 desperat,
3335 5433 3508 5487 habet
3563 5432 3817 5487 veniam.

2113 5525 2221 5590 Qui
2273 5541 2406 5578 vero
2466 5524 2855 5596 desperaverit
2903 5523 3296 5593 semetipsum,
3364 5520 3610 5585 nullam,
3679 5522 3821 5592 quia
