4014 6200
224 289 334 339 993

1076 285 1554 341 DECRETORUM
1600 287 1779 341 LIBRI
1822 287 1927 341 XX.
1969 317 2037 325 ——
2082 287 2290 341 LIBER
2332 285 2634 341 DECIMUS
2676 284 2915 341 NONUS.

3634 286 3737 339 994-

218 412 316 464 ille
370 426 483 463 non
546 414 631 461 est
696 408 965 461 dominus
1016 408 1224 461 mentis
1273 408 1527 460 alterius.
1579 407 1737 461 Sicut
1788 424 1923 476 ergo
1951 409 1998 461 A
2038 408 2137 457 aut
2166 407 2358 459 oculos
2388 406 2559 460 audet
2583 406 2861 460 attollere.
2896 404 3129 474 Comple
3160 404 3347 475 legem
3384 404 3539 458 Mosi.
3574 405 3737 459 Ceci-

232 502 292 550 et
321 497 537 559 anima,
570 498 612 547 si
646 497 819 549 semel
856 498 1094 549 salutem
1125 512 1284 549 suam
1335 496 1570 566 caperit
1601 497 1926 565 desperare,

214 586 339 655 jam
374 602 477 638 nec
511 584 782 653 intelligit
822 584 1131 654 quomodo,
1182 585 1267 637 vel
1299 584 1358 637 in
1388 600 1516 655 qua
1549 585 1699 638 mala
1728 584 1928 654 praci-

221 676 441 743 pitetur
469 690 480 726 :
521 673 599 725 ita
629 678 686 726 et
717 673 814 743 qui
855 672 1253 743 desperatione
1287 674 1435 742 capti
1477 678 1630 737 sun‘t,
1660 672 1928 725 intolera-

219 763 367 816 biles
424 762 591 827 ﬁuut,
646 771 701 814 et
738 778 842 831 per
871 778 1071 815 omnes
1129 762 1363 815 malitia
1413 762 1529 814 vias
1581 762 1926 815 discurrunt.

234 853 506 920 Exsurge,
568 866 829 920 exsurge,
880 867 1098 921 quaso,
1148 850 1543 919 expergiscere
1585 850 1926 920 aliquando:

236 948 293 993 et
322 939 669 993 diabolicam
709 940 854 993 hanc
885 940 1109 1009 depone
1145 939 1564 993 temulentiam.
1593 940 1763 992 Parce
1790 955 1928 992 cun-

235 1028 342 1080 ctis
369 1028 464 1098 qui
497 1044 602 1097 pro
632 1034 730 1080 tua
761 1027 1160 1096 desperatione
1183 1028 1510 1098 desperant,
1546 1044 1614 1080 ne
1648 1032 1849 1097 putent
1871 1044 1929 1080 se

228 1116 383 1169 viam
415 1116 638 1169 virtutis
668 1115 949 1182 incedere,
987 1116 1034 1168 si
1066 1122 1118 1169 te
1150 1116 1220 1170 ad
1269 1132 1397 1169 eam
1439 1116 1649 1169 redisse
1703 1132 1817 1169 non
1849 1116 1926 1169 vi-

228 1200 423 1253 deant.
457 1200 713 1269 Respice,
746 1216 960 1269 quaso,
1002 1205 1076 1266 te,
1112 1206 1362 1270 quantus
1384 1216 1535 1253 nunc
1569 1216 1780 1253 maror
1807 1216 1931 1253 0m-

228 1289 392 1341 nium
424 1293 751 1341 sanctorum
784 1288 1025 1341 fratrum
1068 1288 1277 1341 habeat
1309 1287 1569 1354 chorum,
1614 1294 1671 1339 et
1717 1292 1930 1356 quanta

226 1377 431 1430 latitia
489 1382 659 1446 atque
716 1376 1017 1429 exsultatio
1080 1376 1391 1429 incredulis
1424 1376 1542 1439 ﬁat,
1600 1382 1928 1445 quantaque

228 1466 311 1517 eis
344 1466 409 1517 ad
461 1464 781 1534 praecipitia
833 1465 1073 1517 luxuria
1117 1464 1402 1518 decrescat
1450 1464 1779 1517 auctoritas.
1820 1462 1929 1515 Nec

228 1551 342 1603 erit
388 1558 513 1620 post
562 1552 681 1604 hac
730 1551 956 1621 aliquis,
1008 1551 1108 1620 qui
1150 1550 1409 1621 quolibet
1456 1552 1614 1622 lapsu
1655 1551 1925 1618 dejectus,

228 1656 344 1692 non
378 1640 566 1692 statim
613 1655 910 1708 resurgere
962 1640 1176 1709 cupiat,
1214 1645 1268 1692 et
1325 1640 1515 1693 statim
1547 1656 1604 1693 se
1660 1654 1926 1709 reparare

232 1727 485 1780 festinet.

227 1833 361 1887 ΟΑΡ.
387 1834 533 1887 XLV.
571 1863 639 1875 —
673 1834 823 1899 Quod
851 1836 1032 1888 nullus
1064 1851 1096 1887 a
1118 1835 1483 1889 consolatione
1506 1835 1789 1887 vulnerari
1807 1836 1929 1899 fra-

695 1908 795 1957 tris
826 1920 879 1958 se
909 1905 1225 1957 subtrahere
1262 1905 1466 1957 debeat.

307 1994 465 2060 (Item
520 1995 750 2046 Joannes
809 1993 1215 2061 Constantinop.
1272 1992 1346 2045 ad
1401 1991 1640 2045 eumdem
1695 1991 1930 2045 Theodo-

228 2096 355 2133 rum
386 2082 451 2133 dc
482 2083 637 2149 lapsu
668 2081 947 2145 Bacharii,
977 2084 1158 2149 capite
1182 2080 1292 2151 60.)
1329 2080 1445 2150 _Ubi
1490 2084 1575 2133 est
1618 2080 1936 2133 misericor-

230 2168 330 2221 dia
358 2170 696 2223 Christiana
744 2170 1057 2239 religionis,
1092 2186 1263 2239 quam
1299 2169 1571 2238 magister
1624 2173 1815 2222 noster
1846 2185 1931 2221 sa-

228 2256 452 2310 criticio
486 2258 679 2310 docuit
737 2273 860 2310 esse
910 2258 1250 2310 meliorem?
1283 2258 1416 2310 Ecce
1459 2258 1611 2325 jacet
1638 2257 1814 2310 frater
1865 2257 1934 2309 ab

231 2344 401 2397 hoste
469 2362 793 2414 percussus,
840 2347 1027 2400 adhuc
1085 2346 1324 2399 forsitan
1370 2345 1677 2415 palpitans,
1737 2351 1791 2398 et
1837 2362 1937 2397 vos

237 2433 403 2503 quasi
450 2434 573 2486 sine
636 2435 867 2487 vulnere
915 2435 1293 2498 revertimini,
1344 2450 1447 2487 nec
1489 2434 1935 2487 consolationem

235 2522 425 2590 plaga
458 2522 609 2573 illius
640 2523 863 2575 deferre
894 2523 1158 2576 teutatis?
1190 2524 1363 2576 nolite
1414 2539 1535 2575 esse
1585 2523 1706 2575 sine
1735 2522 1933 2576 formi-

242 2609 401 2671 dine,
432 2608 653 2673 fratres,
706 2610 1000 2663 fortiorem
1034 2612 1308 2680 percussit
1348 2610 1634 2675 iuimicus,
1690 2616 1752 2663 ut
1798 2610 1933 2663 faci-

235 2696 350 2750 lior
380 2698 431 2749 ei
464 2698 648 2750 aditus
681 2704 829 2751 esset
858 2699 926 2751 ad
964 2702 1229 2768 reliquos.
1278 2699 1344 2753 Ut
1376 2700 1512 2768 quid
1554 2715 1690 2768 ergo
1723 2698 1937 2767 sperni-

237 2785 309 2837 tis
341 2787 725 2849 vulneratum,
760 2793 858 2839 aut
896 2789 1041 2839 sicut
1088 2788 1300 2856 putatis
1334 2794 1390 2839 et
1440 2786 1771 2840 mortuum?
1822 2786 1933 2840 Me-

236 2874 351 2927 lior
370 2876 682 2928 concubina
714 2875 846 2929 Saul
895 2875 1013 2928 ﬁlia
1041 2876 1227 2939 Resfa,
1270 2892 1399 2945 qua
1452 2892 1694 2945 corpora
1730 2874 1931 2928 defun-

235 2968 462 3015 ctorum
495 2980 637 3033 quos
680 2964 852 3016 David
896 2979 999 3032 pro
1050 2964 1495 3017 Gabaonitarum
1550 2963 1765 3016 ultione
1797 2979 1933 3032 per-
1964 2962 2003 3015 C

233 3057 509 3115 cusserat,
552 3068 617 3104 eo
672 3068 851 3122 usque
909 3053 1162 3105 accincta
1226 3068 1408 3119 sacco,
1459 3053 1567 3105 hoc
1591 3058 1674 3104 est
1727 3051 1931 3117 cilicio,

236 3138 558 3205 custodivit,
608 3140 785 3194 donec
833 3141 914 3193 eis
970 3146 1193 3193 roraret
1239 3157 1387 3210 aqua
1414 3142 1483 3193 de
1514 3141 1676 3204 calo,
1712 3140 1769 3192 id
1826 3146 1963 3207 est,.

235 3226 423 3278 donec
462 3241 565 3293 pro
598 3227 763 3279 venia
810 3242 1007 3279 eorum
1060 3226 1467 3280 misericordia
1512 3228 1753 3281 calestis
1784 3228 1928 3280 scin-

234 3316 358 3369 tilla
402 3318 739 3373 defluxerat.
800 3316 997 3370 Melior
1050 3316 1156 3368 fuit
1210 3316 1306 3369 ille
1350 3317 1523 3370 Iudas
1558 3317 1932 3385 Machabaus,

236 3408 339 3477 qui
374 3408 546 3460 etiam
589 3422 693 3475 pro
726 3403 968 3457 mortuis
1004 3404 1277 3457 fratribus
1325 3405 1639 3457 orationem
1692 3405 1933 3459 credidit

234 3513 362 3549 esse
402 3494 763 3549 faciendam:
796 3508 938 3563 quos
996 3494 1265 3545 damnata
1314 3493 1383 3545 de
1423 3494 1655 3546 Lamuia
1707 3494 1931 3546 civitate

230 3584 522 3637 idolorum
554 3583 700 3636 dona
732 3586 1177 3650 prostraverant.
1203 3581 1435 3651 thuid,
1478 3597 1638 3645 rogo,
1672 3582 1930 3635 medicus

232 3679 431 3727 noster
458 3671 909 3725 interlibrorum
943 3685 1176 3722 suorum
1226 3670 1441 3722 loculos
1484 3675 1567 3722 tot
1623 3670 1933 3722 constituet

232 3776 448 3830 genera
474 3759 942 3830 pigmentorum?
977 3757 1032 3811 Si
1066 3758 1209 3810 nihil
1243 3763 1328 3810 est
1362 3773 1425 3810 ex
1456 3758 1778 3827 emplastris
1807 3758 1930 3826 ejus

231 3865 348 3918 quo
381 3848 571 3901 sanari
620 3848 799 3916 possit
841 3847 1048 3898 vulnus
1096 3844 1246 3914 quod
1296 3844 1575 3914 percussit
1616 3844 1924 3897 inimicus:

229 3944 284 3989 et
309 3937 353 3988 si
384 3938 589 4005 placet,
646 3933 974 4004 aperiamus
1028 3933 1282 3985 scholam
1342 3933 1639 3986 medicina
1694 3939 1925 3999 nostra,

228 4030 287 4076 et
327 4041 359 4077 a
406 4024 692 4094 principio
727 4023 960 4075 canonis
1008 4022 1331 4088 vulnerum,
1374 4037 1438 4074 ac
1479 4021 1925 4074 medicaminum

230 4114 449 4181 species
478 4112 898 4182 perquiramus.
937 4111 1071 4162 Ecce
1112 4109 1172 4161 in
1211 4109 1393 4179 ipsius
1436 4110 1676 4163 introitu
1717 4110 1927 4163 schola

2038 494 2121 547 dit
2151 494 2344 547 asinus
2375 495 2565 549 fratris
2595 495 2698 548 sub
2730 495 3005 565 pondere,
3050 494 3158 546 hoc
3210 499 3316 557 est,
3371 509 3502 546 caro
3554 494 3737 546 evicta

2037 588 2292 650 peccato,
2326 583 2540 637 acclina
2581 590 2656 648 te,
2705 590 2759 636 et
2789 583 3050 648 humilia,
3085 587 3141 635 et
3171 582 3401 635 subleva
3443 581 3511 634 de
3545 580 3733 633 ruina.

2036 669 2181 733 Quid
2234 670 2518 724 erubescis
2566 672 2840 740 conjungi
2881 670 3099 723 homini
3133 670 3413 740 peccaturi
3438 670 3464 722 ‘2
3498 668 3736 739 Respice

2039 758 2202 812 illum
2232 759 2331 830 qui
2386 760 2566 815 dicit:
2613 760 2732 813 Noli
2780 760 3024 812 nimium
3060 774 3183 813 esse
3226 759 3435 829 justus.
3472 759 3738 828 Magister

2038 855 2232 901 noster
2258 866 2290 901 a
2320 850 2638 903 latronibus
2667 851 3030 902 vulneratum
3074 866 3187 901 non
3238 850 3425 901 solum
3474 865 3609 901 cura
3642 848 3731 900 di-

2037 952 2215 1005 gnum
2271 937 2511 1006 judicat,
2544 954 2742 991 verum
2794 937 2964 990 etiam
3015 937 3084 990 ad
3134 936 3421 990 stabulum
3462 953 3629 990 suum
3686 941 3741 989 et

2036 1026 2183 1078 ovile
2211 1026 2494 1096 perduxit.
2528 1026 2595 1079 Et
2623 1033 2682 1079 tu
2712 1042 2851 1095 ergo
2892 1026 3095 1094 collige
3127 1025 3363 1079 fratrem
3400 1040 3571 1094 quem
3615 1024 3737 1077 dia-

2036 1114 2200 1167 tolus
2259 1115 2400 1167 latro
2452 1115 2749 1184 percussit.
2798 1113 3459 1183 Consigna—stabulario,
3515 1112 3571 1165 id
3628 1118 3733 1177 est,

2036 1203 2204 1257 beato
2236 1204 2528 1274 episcopo,
2571 1203 2670 1273 qui
2722 1202 2768 1255 si
2813 1202 2950 1272 quid
2982 1203 3039 1255 in
3094 1219 3161 1256 eo
3197 1201 3566 1272 impenderit,
3608 1218 3736 1254 am-

2038 1291 2189 1361 plius
2219 1308 2253 1345 a
2286 1292 2526 1345 Domino
2556 1296 2963 1362 consequetur.

2467 1381 2593 1435 CAP.
2624 1380 2823 1434 XLVII.
2851 1408 2916 1419 —
2938 1382 3009 1433 De
3028 1380 3211 1433 eadem
3232 1395 3309 1432 re.

2109 1470 2255 1538 (Item
2281 1468 2465 1537 idem.)
2504 1468 2871 1536 Evangelicus
2903 1483 3089 1520 sermo
3130 1467 3274 1520 dixit
3312 1484 3323 1521 :
3358 1466 3415 1521 Si
3456 1483 3729 1537 peccave-

2038 1557 2112 1610 rit
2142 1557 2199 1609 in
2233 1563 2285 1609 te.
2320 1556 2497 1619 frater
2525 1561 2679 1622 tuus,
2703 1555 2925 1625 corripe
2956 1572 3087 1609 eum
3141 1556 3311 1608 solus.
3364 1555 3420 1609 Si
3453 1561 3505 1608 te
3538 1555 3733 1609 audie-

2041 1645 2131 1710 rit,
2160 1647 2409 1698 lucratus
2430 1662 2489 1696 es
2533 1661 2684 1707 eum,
2720 1649 2774 1697 et
2815 1650 3022 1696 caetera
3075 1660 3204 1713 qua
3245 1643 3501 1697 continet
3549 1660 3739 1697 sermo

2043 1734 2333 1805 pracepti.
2360 1734 2495 1786 Vide
2528 1732 2664 1804 quid
2695 1732 2848 1786 dicit.
2882 1734 2959 1785 Ne
2988 1732 3381 1785 exhilarentur
3425 1732 3527 1785 filii
3564 1732 3736 1785 incir-

2041 1822 2442 1876 cumcisorum.
2477 1822 2599 1875 Filii
2648 1820 2800 1874 enim
2853 1820 3407 1884 incircumcisorum,
3457 1826 3591 1873 sunt
3642 1820 3739 1872 ho-

2042 1910 2225 1962 mines
2256 1908 2471 1974 saeculi,
2519 1908 2576 1961 in
2615 1907 2882 1978 praputii
2918 1908 3004 1960 sui
3054 1924 3266 1973 errore,
3311 1912 3367 1960 et
3424 1907 3739 1977 gentilitate

2044 1996 2313 2049 viventes.
2346 1996 2411 2049 Hi
2438 2011 2575 2065 ergo
2612 1997 3020 2059 exhilarantur,
3065 2012 3191 2049 cum
3225 1996 3467 2049 audiunt
3512 1997 3742 2051 ruinam

2043 2084 2242 2137 militis
2276 2084 2505 2136 Christi.
2549 2086 2847 2137 Peccatum
2896 2083 3071 2152 igitur
3102 2086 3336 2148 celetur,
3381 2088 3436 2135 et
3481 2085 3744 2137 adhibea-

2042 2174 2136 2223 tur
2185 2169 2530 2223 emendatio.
2580 2170 2692 2222 Nos
2732 2169 2886 2222 enim
2939 2170 3344 2222 consolationis
3381 2169 3738 2235 linteamina,

2046 2265 2101 2313 et
2132 2258 2376 2311 caelestis
2406 2258 2525 2327 spei
2559 2258 2855 2328 pigmenta
2883 2257 3223 2311 tribuamus.
3270 2258 3390 2327 Ipse
3422 2264 3613 2311 autem
3648 2259 3736 2310 in-

2045 2347 2127 2399 fra
2178 2346 2502 2415 sepulcrum
2548 2345 2749 2399 secreti
2810 2345 2897 2399 sui
2937 2344 3224 2398 confessus
3257 2344 3472 2414 {eccati
3520 2345 3738 2415 pudore

2047 2436 2425 2499 contineatur,
2455 2434 2553 2487 ubi
2613 2433 2976 2487 conscientia
3035 2450 3226 2487 verme
3277 2434 3604 2487 laceretur:
3641 2433 3739 2503 qui

2044 2528 2193 2576 totas
2243 2524 2301 2575 in
2361 2539 2427 2575 eo
2478 2523 2692 2591 obligat
2743 2522 3075 2592 putredines
3115 2527 3496 2592 peccatorum,
3558 2522 3738 2575 donec

2045 2612 2268 2665 nullum
2301 2628 2365 2664 ex
2397 2628 2453 2665 se
2480 2612 2715 2665 fetorem
2746 2611 2911 2664 fama
2944 2611 3128 2680 turpis
3151 2611 3397 2664 emittat.

2436 2700 2564 2753 CAP.
2594 2699 2818 2753 XLVIII.
2854 2730 2920 2738 —
2951 2702 3025 2753 De
3050 2699 3234 2753 eadem
3262 2716 3339 2753 re.

2117 2788 2225 2858 (E3:
2249 2790 2405 2856 epist.
2439 2791 2665 2843 Joannis
2719 2790 3182 2857 Constantinopol.
3234 2788 3307 2841 ad
3359 2788 3737 2859 Theodorum.)

2044 2877 2315 2943 Qualiter,
2348 2893 2506 2947 rogo,
2538 2877 2606 2930 de
2629 2878 3016 2930 misericordia
3052 2877 3278 2930 Domini
3309 2894 3615 2947 possumus
3641 2879 3734 2931 de-

2042 2982 2291 3035 sperare,
2316 2966 2412 3035 qui
2448 2966 2619 3019 etiam
2671 2967 3027 3019 Pharaonem
3059 2966 3269 3035 arguit,
3305 2982 3481 3036 quare
3512 2982 3737 3037 nequa--

2043 3071 2213 3125 quam
2255 3055 2535 3124 panitere
2578 3056 2845 3125 dignatus
2876 3054 2966 3121 sit,
3002 3054 3240 3108 dicens:
3305 3055 3541 3109 Brachia
3595 3056 3739 3110 Pha-

2040 3142 2234 3194 raonis
2262 3143 2409 3211 regis
2456 3141 2682 3211 Egypti
2722 3142 2983 3208 contrivi,
3025 3147 3081 3195 et
3127 3159 3243 3195 non
3273 3149 3357 3195 est
3400 3144 3738 3213 deprecatus

2039 3234 2103 3283 ut
2132 3229 2365 3282 daretur
2403 3230 2462 3281 in
2511 3246 2577 3282 eo
2624 3230 2858 3296 sanitas,
2892 3235 2948 3282 et
2989 3230 3325 3283 redderetur
3354 3231 3406 3283 ei
3450 3232 3629 3285 virtus
3667 3231 3734 3285 ad

2039 3317 2643 3386 comprehendendum
2702 3316 2981 3388 gladium.
3015 3316 3285 3372 Salomon
3311 3317 3406 3371 ille
3438 3318 3732 3380 mirabilis.

2039 3406 2138 3475 qui
2170 3408 2383 3462 meruit
2414 3406 2654 3460 astitrici
2699 3408 2818 3473 Dei,
2852 3408 2957 3461 hoc
2989 3413 3075 3461 est
3104 3407 3398 3479 sapientia
3431 3408 3527 3463 Dei
3562 3425 3735 3480 copu-

2039 3494 2165 3553 lari,
2195 3495 2255 3547 in
2290 3496 2744 3565 alienigenarum
2773 3496 3013 3549 incurrit
3043 3497 3358 3565 amplexus,
3395 3502 3450 3550 et
3493 3497 3737 3551 vinculis

2037 3582 2292 3635 libidinis
2321 3584 2638 3653 laqueatus,
2692 3583 2865 3636 etiam
2914 3584 3197 3653 sacrilegii
3242 3584 3480 3638 horrore
3519 3602 3581 3638 se
3620 3586 3739 3656 pol-

2036 3670 2189 3723 luit:
2260 3672 2396 3741 quia
2454 3670 2827 3723 simulacrum
2879 3671 3150 3727 Cathmos
3218 3672 3515 3726 Moabitico
3578 3673 3735 3726 idolo

2037 3754 2351 3811 fabricavit.
2405 3757 2511 3811 Sed
2544 3757 2680 3827 quia
2704 3774 2807 3827 per
2841 3758 3237 3828 propheticam
3268 3775 3465 3812 vocem
3504 3762 3730 3830 culpam

2037 3845 2246 3897 erroris
2311 3844 2563 3914 agnovit,
2624 3861 2937 3915 numquam
3006 3845 3411 3901 misericordia:
3495 3850 3735 3903 calestis

2036 3933 2271 3985 extorris
2303 3938 2407 3986 est.
2440 3936 2511 3985 At
2550 3933 2787 3986 forsitan
2811 3934 2963 3986 dicas
2993 3949 3005 3986 :
3043 3935 3103 3986 In
3135 3942 3339 3988 neutro
3370 3936 3733 3990 Testamento

2036 4021 2165 4090 lego
2214 4036 2401 4091 neque
2441 4037 2574 4073 eum
2618 4021 2971 4090 paenituisse,
3033 4038 3221 4091 neque
3281 4024 3733 4079 misericordiam

2037 4115 2429 4163 consecutum.

228 4208 541 4255 occurrunt
572 4201 655 4254 illi
703 4198 938 4252 seminis
996 4198 1239 4250 carnalis
1294 4204 1572 4264 auctores,
1622 4197 1722 4268 qui
1768 4213 1927 4251 vene-
1951 4237 1996 4292 Β
2038 4217 2165 4270 CAP.
2191 4215 2362 4269 XLIX.
2390 4242 2457 4253 ..,
2478 4216 2603 4269 post
2631 4217 3007 4283 ρωηίιρηιίατη
3034 4218 3299 4270 neminem
3331 4216 3405 4270 ad
3425 4218 3733 4273 clericatum

230 4296 365 4343 nato
423 4288 706 4359 serpentis
763 4288 931 4341 dente
990 4287 1261 4356 percussi,
1321 4302 1437 4339 non
1489 4287 1681 4339 statim
1738 4302 1923 4355 pana

228 4379 432 4431 mortis
470 4377 681 4431 addicti
728 4381 879 4438 sunt,
921 4375 1017 4428 sed
1068 4376 1232 4443 ejecti
1277 4374 1346 4428 de
1378 4374 1629 4445 paradisi
1682 4375 1921 4440 deliciis,

222 4466 281 4519 id
310 4472 398 4519 est
452 4466 521 4519 de
583 4464 846 4518 Ecclesia
898 4462 1165 4516 libertate
1216 4468 1271 4515 et
1312 4464 1453 4516 sacri
1514 4464 1921 4516 communione

225 4554 556 4607 ministerii.

633 4642 764 4696 CAP.
796 4640 977 4693 XLVI.
1012 4668 1081 4681 —
1110 4642 1182 4692 De
1219 4639 1409 4693 eadem
1454 4656 1529 4692 re.

301 4732 457 4795 (Item
483 4730 764 4797 ejusdem.)
801 4728 958 4782 Unde
996 4727 1151 4780 vides
1184 4727 1318 4797 quia
1348 4727 1428 4780 sic
1472 4728 1686 4797 peccati
1724 4734 1923 4783 conta-

222 4819 397 4887 gione
430 4819 803 4871 maculamur.
864 4817 943 4869 Ne
994 4832 1209 4886 quaso,
1248 4815 1574 4869 beatissime
1608 4815 1769 4882 mihi,
1805 4815 1923 4869 fra-

222 4913 373 4959 trem
406 4911 666 4959 nostrum
694 4906 753 4958 in
784 4904 1135 4975 profundum
1169 4904 1322 4974 putei
1356 4904 1460 4956 sub
1494 4903 1679 4973 iniqui
1709 4903 1919 4973 princi-

222 4996 313 5066 pis
346 4999 623 5064 potestate
656 4994 1004 5057 demersum,
1056 4991 1473 5061 desperationis
1514 4992 1802 5061 lapidibus
1826 4992 1922 5046 ob-

222 5098 482 5135 ruamus.
542 5082 842 5135 Imitemur
891 5081 1054 5133 illum
1108 5079 1451 5149 Ethiopem,
1501 5080 1601 5149 qui
1660 5085 1919 5133 sanctum

224 5171 571 5224 Hieremiam
604 5170 663 5223 in
695 5170 816 5223 lacu
852 5168 921 5221 ab
943 5169 1144 5237 iniquo
1178 5184 1310 5237 rege
1329 5168 1674 5233 demersum,
1701 5184 1919 5221 assum-

218 5260 336 5328 ptis
368 5259 494 5313 XXX
522 5258 824 5311 hominum
851 5256 1098 5322 auxiliis,
1134 5261 1189 5309 et
1224 5256 1411 5309 missis
1444 5256 1514 5309 ad
1555 5272 1686 5309 eum
1718 5257 1921 5325 pannis

218 5353 280 5401 et
311 5348 541 5400 funibus
573 5346 860 5400 veteribus
920 5344 1206 5397 liberavit.
1246 5343 1441 5397 Facilis
1482 5359 1554 5395 ne
1585 5348 1705 5396 esto
1755 5342 1821 5395 ad
1852 5343 1919 5394 Ia-

218 5452 413 5507 psum,
440 5436 781 5506 ruinamque
806 5434 1168 5488 miserorum.
1202 5432 1431 5503 Porrige
1455 5447 1689 5486 manum
1708 5430 1921 5500 jacenti

220 5524 404 5583 fratri,
430 5523 530 5593 qui
578 5523 848 5576 confusus
895 5521 1115 5592 pudore
1146 5520 1382 5590 peccati,
1434 5535 1539 5573 nec
1580 5519 1802 5590 erigere
1836 5534 1916 5583 se,

2673 4286 3090 4340 admittendum.

2106 4374 2213 4444 (Eo:
2243 4374 2386 4427 decr.
2440 4374 2644 4441 Syricii
2693 4389 2872 4443 papae,
2906 4378 3084 4444 capite
3145 4376 3257 4443 14.)
3312 4376 3453 4430 Illud
3502 4394 3729 4449 quoque

2034 4480 2138 4517 nos
2170 4479 2273 4533 par
2302 4462 2410 4515 fuit
2462 4463 2802 4532 pravidere,
2835 4469 2898 4516 ut
2944 4465 3089 4517 sicut
3124 4464 3518 4534 paenitentiam
3562 4484 3731 4538 agere

2034 4553 2303 4622 cuiquam
2362 4567 2476 4604 non
2526 4552 2857 4605 conceditur
2910 4553 3296 4606 clericorum:
3363 4554 3443 4607 ita
3495 4561 3551 4608 et
3605 4563 3733 4626 post

2035 4640 2452 4710 paenitudinem
2522 4656 2585 4692 ac
2662 4641 3205 4706 reconciliationem,
3266 4643 3409 4695 nulli
3474 4659 3728 4713 unquam

2034 4729 2178 4781 laico
2209 4729 2375 4781 liceat
2406 4729 2685 4781 honorem
2730 4729 3027 4782 clericatus
3058 4729 3273 4799 adipsci
3300 4746 3311 4782 :
3349 4730 3485 4799 quia
3532 4747 3733 4800 quam-

2034 4816 2116 4869 vis
2155 4816 2269 4869 sint
2308 4816 2568 4869 omnium
2620 4821 2986 4885 peccatorum
3048 4817 3392 4886 contagione
3443 4820 3728 4883 mundati,

2034 4906 2190 4957 nulla
2258 4908 2451 4957 tamen
2507 4903 2717 4957 debent
2778 4906 3161 4973 gerendorum
3236 4912 3727 4961 sacramentorum

2033 4992 2415 5045 instrumenta
2460 4991 2765 5061 suscipere,
2794 4991 2895 5062 qui
2932 4992 3151 5046 dudum
3201 4992 3417 5047 fuerint
3469 5010 3602 5048 vasa
3651 4995 3729 5048 vi-

2031 5079 2263 5133 tiorum.

2032 5182 2157 5234 CAP.
2195 5183 2252 5235 L.
2289 5212 2355 5220 —
2408 5182 2679 5237 Gravibus
2719 5184 3038 5237 criminibus
3086 5185 3377 5253 implicitos
3416 5184 3491 5239 ad
3528 5186 3724 5242 clerum

2100 5253 2392 5319 admissos,
2438 5257 2651 5320 magnis
2706 5270 2916 5321 quoque
2960 5257 3113 5308 vittis
3176 5259 3441 5312 involutos
3508 5258 3723 5313 clericos

2100 5326 2279 5391 ofﬁcio
2300 5340 2404 5377 non
2427 5331 2612 5390 motos,
2647 5329 2903 5394 comperit
2932 5326 3204 5380 Getasius.

2103 5432 2217 5495 (Ea:
2241 5430 2386 5485 decr.
2425 5432 2635 5485 Gelasii
2686 5448 2862 5501 papa,
2919 5435 3097 5501 capite
3156 5436 3267 5501 t8.)
3325 5434 3724 5507 Comperimus

2031 5518 2226 5587 etiam,
2266 5519 2566 5573 horrendis
2589 5520 2931 5589 quibusdam
2974 5522 3316 5577 criminibus
3375 5524 3718 5595 implicatos,
