4014 6200
281 234 381 285 993

1357 225 1628 280 BURCHA
1643 223 1759 277 RD]
1800 219 2329 277 WORMACIENSIS
2365 216 2698 273 EPISCOPI.

3673 221 3782 270 996

278 355 398 403 tota
423 349 763 404 discretione
795 352 1100 415 summota,
1134 363 1248 401 non
1278 347 1464 399 solum
1496 346 1563 399 de
1611 345 1771 399 factis
1821 349 1968 398 atro-
2001 348 2046 397 Α
2083 358 2165 409 re,
2199 347 2298 396 aut
2327 343 2385 395 in
2419 343 2568 395 malo
2627 341 2930 411 depressus
2979 341 3300 396 occumbas.
3340 342 3402 394 In
3463 359 3578 412 quo
3624 343 3786 395 enim

278 439 440 494 cibus
498 438 874 492 necessariam
929 435 1346 506 pmnitudinem
1402 449 1518 488 non
1579 433 1810 497 habere,
1872 432 1966 486 sed

281 544 384 582 nec
417 528 607 597 aliqua
664 526 1028 596 correptione
1074 524 1302 595 penitus
1343 522 1698 588 succedente,
1733 522 1802 575 ad
1835 521 1971 574 divi-

283 633 420 670 num
449 615 830 669 ministerium
863 616 1256 682 honoremque
1303 611 1670 665 contendere.
1716 610 1971 664 Nonnul-

277 706 363 760 los
395 709 586 758 autem
638 704 692 757 in
755 703 893 773 ipsis
943 700 1238 755 ordinibus
1281 699 1638 766 constitutos,
1711 698 1974 768 gravibus

282 793 686 862 delinquentes
705 790 1055 844 facinoribus
1113 805 1232 842 non
1289 788 1511 859 repelli,
1551 802 1682 840 cum
1727 791 1785 840 et
1822 789 1965 855 Apu-

283 882 460 936 stolus
487 882 691 935 clamet
721 895 733 933 :
768 878 994 933 Nemini
1038 878 1148 932 cito
1198 893 1404 931 manus
1451 875 1847 948 imponendas,
1881 891 1976 928 ne-

285 987 396 1040 que
428 967 969 1022 communicandum
1000 966 1246 1036 peccatis
1285 965 1490 1019 alienis
1526 981 1537 1018 :
1576 970 1632 1018 et
1689 964 1974 1034 majorum

283 1058 607 1112 veneranda
633 1056 940 1110 constituta
981 1055 1397 1126 pronuncient;
1430 1053 1761 1125 hujusmodi
1803 1053 1974 1106 etiam

283 1147 329 1200 si
357 1147 500 1201 forte
525 1145 940 1215 subrepserint,
983 1149 1101 1200 tam
1143 1143 1239 1214 qui
1277 1147 1409 1197 ante
1452 1146 1851 1213 peccaverunt,
1885 1141 1978 1194 de-

277 1237 459 1307 jectos
542 1240 807 1303 oportere
865 1233 1095 1302 depelli,
1145 1249 1318 1304 quam
1367 1248 1542 1286 saera:
1605 1229 1977 1301 professionis

225 1340 232 1346 '
285 1324 495 1378 oblitos
563 1322 1142 1393 praevaricatoresque
1201 1322 1377 1375 sancti
1428 1320 1726 1391 praepositi
1775 1317 1975 1390 procul

285 1413 460 1468 dubio
477 1411 913 1465 submovendus.

288 1554 414 1608 CAP.
453 1553 538 1606 Ll.
578 1583 640 1590 —
689 1555 762 1606 De
793 1553 902 1604 illis
933 1553 1030 1619 qui
1078 1552 1190 1604 loca
1227 1555 1534 1604 sanctorum
1580 1550 1678 1603 sub
1711 1553 1977 1618 praetextu

653 1625 935 1687 religionis
966 1623 1261 1675 inconsulte
1285 1625 1605 1690 peragrant.

361 1731 478 1800 (Ea:
509 1728 736 1782 concilio
766 1727 1063 1793 Caballum,
1093 1729 1180 1780 cui
1204 1729 1457 1794 interfuit
1503 1727 1728 1782 Carolus
1759 1728 1976 1795 imper.,

290 1820 464 1888 capite
507 1818 622 1883 45.)
669 1817 808 1869 Nam
870 1820 926 1869 et
957 1816 1297 1887 quibusdam
1333 1816 1429 1887 qui
1485 1816 1746 1884 Romam,
1795 1816 1980 1869 Turo-

291 1922 518 1973 numve,
555 1911 610 1958 et
633 1905 746 1957 alia
777 1905 1042 1974 quaedam
1093 1905 1216 1958 loca
1247 1904 1350 1957 sub
1381 1908 1659 1974 praetextu
1702 1903 1982 1958 orationis

289 1995 609 2049 inconsulte
642 1998 950 2064 peragrant
993 1993 1308 2064 plurimum
1357 1997 1619 2046 erratur:
1679 1998 1814 2045 sunt
1852 2008 1980 2062 pre-

291 2083 501 2154 sbyteri
531 2088 587 2136 et
617 2082 901 2145 diacones,
935 2087 988 2136 et
1021 2082 1211 2135 caeteri
1255 2081 1315 2134 in
1348 2082 1498 2135 clero
1531 2081 1848 2147 constituti,
1882 2081 1983 2151 qui

287 2172 650 2241 negligenter
676 2170 926 2223 viventes
954 2170 1014 2223 in
1045 2186 1112 2224 eo
1153 2171 1388 2240 purgari
1417 2186 1475 2223 se
1521 2187 1552 2224 a
1596 2170 1844 2241 peccatis
1876 2185 1982 2239 pu-

290 2265 434 2326 tant,
463 2265 518 2313 et
549 2259 866 2313 ministerio
907 2274 1008 2311 suo
1039 2258 1201 2328 fungi
1240 2258 1445 2312 debere
1485 2257 1533 2310 si
1586 2257 1824 2328 prmfata
1863 2257 1985 2310 loca

293 2349 602 2418 attingant.
649 2349 792 2402 Sunt
824 2347 1200 2400 nihilominus
1232 2347 1359 2400 laici
1393 2347 1718 2417 quiputant
1747 2346 1984 2416 impune

291 2454 370 2504 se,
400 2443 500 2490 aut
532 2452 786 2508 peccare,
835 2441 932 2489 aut
989 2451 1250 2506 peccasse
1282 2452 1293 2489 :
1360 2436 1497 2506 quia
1525 2435 1648 2489 1.1th
1706 2437 1828 2489 loca
1857 2451 1983 2488 ora-

293 2526 423 2590 turi,
457 2525 845 2595 frequentaut.
887 2523 1033 2579 Sunt
1062 2524 1298 2594 quidam
1329 2528 1631 2595 potentum
1663 2523 1764 2593 qui
1789 2523 1981 2594 acqui-

292 2615 458 2669 rendi
489 2630 690 2668 census
746 2613 930 2682 gratia
965 2612 1069 2666 sub
1103 2618 1378 2683 praetextu
1412 2612 1674 2679 Romani,
1711 2612 1822 2666 sive
1875 2613 1985 2666 Tu-

292 2703 472 2758 ronici
512 2702 734 2757 itineris
782 2704 965 2756 multa
1032 2702 1354 2773 acquirunt,
1398 2702 1610 2756 multos
1666 2717 1985 2772 pauperum

295 2792 652 2862 opprimunt,
682 2795 738 2843 et
786 2790 932 2860 quod
965 2789 1082 2843 sola
1140 2790 1449 2862 cupiditate
1490 2789 1724 2857 faciunt,
1784 2789 1988 2843 oratio-

2083 447 2255 502 opere
2285 429 2458 484 fuerit
2487 430 2658 484 homo
2689 429 3010 499 depressus,
3046 429 3104 482 in
3137 444 3204 482 eo
3226 429 3598 498 judicabitur.

2122 545 2248 598 CAP.
2283 543 2420 597 Llll.
2470 573 2535 581 —
2588 544 2655 597 Ut
2684 542 2898 610 justum
2961 543 3034 594 sit
3091 543 3238 594 omni
3287 542 3492 595 homini
3519 541 3666 610 quod
3695 557 3753 594 se

2739 612 3119 682 reprehendat.

2157 723 2262 793 (Ea:
2295 723 2456 776 dictis
2486 722 2696 775 Pimeni
2739 720 3029 788 cujusdam
3065 718 3347 789 eremitae.)
3375 717 3617 783 Quidam
3674 717 3788 770 fra-

2085 818 2171 865 ter
2200 810 2498 880 requisivit
2527 810 2791 863 abbatem
2851 808 3165 873 Pimenem,
3209 807 3402 861 dicens
3435 823 3448 860 :
3475 806 3628 872 Quid
3677 811 3784 871 est,

2081 904 2264 971 pater,
2302 899 2454 970 quod
2487 898 2624 953 dicit
2652 899 2954 969 Apostolus
2987 914 2999 951 :
3029 897 3235 952 Omnia
3267 897 3484 951 munda
3510 895 3788 950 mundis?

2082 991 2155 1043 At
2183 989 2278 1042 ille
2308 988 2450 1042 dixit
2481 987 2531 1041 ei
2563 1004 2576 1041 :
2608 986 2666 1041 Si
2719 986 2847 1058 quis
2896 986 2966 1040 ad
2997 986 3152 1040 hunc
3198 1002 3519 1039 sermonem
3573 1000 3786 1054 perve-

2081 1078 2206 1131 nire
2235 1077 2505 1148 potuerit,
2549 1081 2614 1130 ut
2637 1092 2771 1129 eum
2803 1076 3106 1146 intelligat,
3154 1075 3372 1129 videbit
3403 1090 3462 1127 se
3495 1074 3786 1128 minorem

2083 1182 2204 1220 esse
2229 1166 2400 1220 totius
2441 1169 2737 1218 creaturas.
2790 1164 2892 1218 Cui
2922 1163 3140 1218 frater:
3203 1165 3266 1218 Et
3317 1163 3610 1234 quomodo
3662 1179 3788 1234 pos-

2085 1271 2212 1309 sum
2245 1254 2527 1308 minorem
2586 1270 2675 1307 me
2728 1253 2920 1307 videre
2951 1253 3021 1306 ab
3066 1269 3132 1307 eo
3189 1253 3288 1323 qui
3345 1249 3638 1307 homicida
3666 1252 3790 1306 est?

2085 1344 2398 1414 Respondit
2423 1359 2591 1397 senex
2620 1359 2634 1398 :
2666 1343 2723 1397 Si
2778 1341 3031 1413 potuerit
3061 1343 3232 1396 homo
3271 1342 3341 1396 ad
3373 1342 3525 1395 hunc
3571 1358 3789 1395 sermo-

2085 1449 2216 1486 nem
2268 1432 2525 1502 Apostoli
2582 1431 2898 1502 pervenire,
2955 1436 3010 1484 et
3065 1430 3271 1485 viderit
3317 1430 3617 1484 hominem
3687 1431 3788 1500 qui

2086 1521 2232 1574 forte
2267 1519 2475 1573 occidit
2503 1520 2700 1587 alium,
2737 1519 2875 1574 dicit
2901 1519 2961 1572 in
3011 1519 3316 1589 semetipso
3351 1534 3362 1572 :
3399 1520 3507 1572 Iste
3545 1519 3789 1589 quidem

2008 1617 2047 1670 Β
2086 1610 2192 1663 hoc
2223 1609 2407 1662 solum
2467 1613 2761 1679 peccatum
2791 1608 2957 1662 fecit:
3009 1623 3114 1677 ego
3174 1612 3363 1661 autem
3423 1609 3585 1661 omni
3646 1608 3790 1661 hora

2089 1697 2464 1752 homicidium
2495 1697 2811 1764 committo,
2838 1697 3118 1767 meipsum
3149 1695 3520 1750 interﬁciens.
3553 1697 3622 1750 Et
3656 1713 3789 1750 cum

2089 1788 2266 1842 frater
2297 1786 2616 1857 requireret
2666 1787 2955 1857 quomodo
2985 1785 3092 1839 hoc
3145 1784 3326 1856 possit
3355 1784 3503 1850 ﬁeri,
3545 1802 3787 1856 respon-

2092 1875 2218 1930 dit:
2256 1878 2387 1932 Hznc
2414 1877 2532 1930 sola
2585 1880 2670 1930 est
2724 1875 2974 1930 hominis
2997 1873 3243 1944 justitia,
3302 1879 3358 1928 ut
3410 1874 3786 1944 semetipsum

2091 1965 2492 2035 reprehendat.
2521 1966 2678 2018 Tunc
2707 1965 2859 2018 enim
2883 1965 3072 2035 justus
3117 1967 3220 2031 est,
3249 1978 3377 2017 cum
3408 1979 3511 2016 sua
3555 1970 3789 2033 peccata

2093 2054 2458 2108 condemnat.

2094 2171 2222 2225 CAP.
2258 2171 2388 2225 LIV.
2427 2201 2494 2209 —
2545 2172 2610 2224 Ut
2668 2170 2848 2223 nullus
2897 2172 3130 2234 fratrem
3161 2168 3468 2223 condemnet
3495 2173 3786 2237 antequam

2608 2244 2745 2296 Deus
2785 2241 2939 2294 illum
2978 2239 3264 2309 dijudicet.

2166 2351 2274 2415 (Ea:
2306 2348 2466 2402 dictis
2499 2347 2786 2415 cujusdam
2822 2347 3099 2416 eremitae.)
3132 2345 3297 2399 Venit
3348 2344 3664 2416 aliquando
3697 2345 3790 2399 ab-

2093 2437 2192 2491 bas
2226 2438 2380 2491 lsaac
2411 2436 2470 2489 in
2517 2436 2798 2504 coenobio,
2855 2440 2912 2488 et
2942 2434 3080 2488 vidit
3139 2434 3254 2487 illic
3309 2434 3544 2488 fratrem
3606 2434 3791 2504 negli-

2095 2531 2373 2598 gentem:
2419 2530 2475 2579 et
2503 2525 2680 2578 iratus
2727 2523 2898 2594 jussit
2926 2540 3058 2578 eum
3114 2523 3320 2594 expelli
3380 2523 3451 2577 de
3504 2523 3789 2577 coenobio.

2095 2616 2235 2670 Cum
2269 2631 2406 2685 ergo
2440 2615 2841 2685 regrederetur
2865 2615 2934 2669 ad
2969 2613 3364 2669 habitaculum
3397 2628 3594 2680 suum,
3638 2612 3795 2665 venit

2097 2704 2331 2774 angelus
2377 2702 2610 2756 Domini
2660 2707 2717 2756 et
2744 2701 2898 2756 stetit
2953 2708 3083 2756 ante
3132 2700 3344 2755 ostium
3391 2700 3616 2754 cellulae
3647 2701 3793 2769 ejus,

2097 2791 2328 2845 dicens:
2368 2792 2490 2845 Non
2528 2796 2584 2844 te
2614 2791 2888 2861 permitto
2929 2789 3175 2860 ingredi.
3209 2789 3402 2843 Atille
3453 2788 3703 2858 rogabat
3734 2792 3796 2842 ut

294 2897 434 2935 num
490 2879 604 2934 sive
641 2883 969 2932 sanctorum
1022 2879 1279 2933 locorum
1337 2879 1675 2932 visitationis
1730 2895 1900 2932 causa
1929 2894 1987 2932 se
2019 2891 2058 2947 α
2097 2880 2219 2950 ejus
2250 2880 2420 2949 culpa
2469 2879 2951 2934 manifestaretur.
3011 2880 3076 2932 Et
3128 2878 3484 2948 respondens
3537 2878 3793 2948 angelus,

292 2969 475 3023 facere
506 2968 691 3023 videri
749 2967 1032 3022 affectant.
1066 2967 1206 3022 Sunt
1263 2984 1548 3038 pauperes
1576 2967 1674 3038 qui
1725 2967 1811 3021 vel
1861 2966 1987 3020 ideo

293 3057 352 3111 id
384 3057 618 3124 faciunt,
681 3063 744 3109 ut
792 3055 1070 3126 majorem
1126 3056 1378 3110 habeant
1427 3056 1730 3110 materiam
1768 3054 1988 3109 mendi-

296 3145 482 3213 candi,
521 3145 590 3198 de
621 3159 866 3214 quorum
915 3159 1157 3196 numero
1187 3149 1322 3198 sunt
1351 3144 1434 3197 illi
1487 3144 1587 3214 qui
1634 3145 1992 3213 circumqua-

297 3250 408 3304 que
439 3237 711 3302 vagantes
741 3231 840 3284 illo
876 3248 935 3284 se
993 3247 1232 3302 pergere
1285 3233 1683 3286 mentiuntur:
1717 3233 1801 3285 vel
1856 3232 1992 3302 quia

295 3327 521 3374 tantum
553 3323 686 3373 sunt
717 3319 1006 3383 vecordes,
1042 3325 1104 3373 ut
1150 3324 1354 3390 putent
1381 3336 1440 3374 se
1475 3327 1802 3374 sanctorum
1847 3321 1994 3376 loco-

295 3425 426 3464 rum
458 3409 578 3462 sola
607 3409 827 3461 visione
859 3425 889 3460 a
920 3409 1164 3479 peccatis
1192 3409 1450 3481 purgari,
1481 3426 1597 3463 non
1630 3409 1991 3464 attendentes

300 3499 454 3569 quod
496 3497 575 3552 ait
622 3497 822 3552 beatus
879 3498 1307 3568 Hieronymus:
1364 3499 1485 3551 Non
1539 3498 1990 3569 Hierosolymam

295 3588 528 3653 vidisse,
561 3586 657 3640 sed
715 3586 1120 3658 Hierosolymis
1180 3586 1327 3640 bene
1357 3586 1584 3652 vixisse,
1638 3586 1991 3641 laudandum

299 3682 403 3732 est.
434 3677 511 3730 De
562 3675 769 3747 quibus
826 3676 1096 3730 omnibus
1149 3675 1536 3745 imperatoris,
1589 3674 1837 3745 qualiter
1879 3676 1994 3730 sint

297 3764 674 3830 emendanda,
711 3766 996 3818 sententia
1025 3769 1386 3834 exspectetur
1419 3780 1431 3817 :
1469 3763 1568 3834 qui
1602 3779 1734 3817 vero
1761 3770 1994 3834 peccata

299 3867 403 3906 sua
437 3851 826 3904 sacerdotibus
855 3852 914 3904 in
973 3867 1217 3921 quorum
1269 3855 1402 3906 sunt
1425 3851 1710 3922 parochiis
1748 3853 1994 3906 confessi

300 3944 454 4004 sunt,
491 3944 546 3994 et
594 3939 664 3994 ab
702 3939 791 3992 his
822 3940 1058 4010 agenda:
1105 3939 1462 4010 paenitentia:
1508 3941 1813 3995 consilium
1843 3958 1996 3996 acce-

300 4031 531 4098 perunt,
589 4025 635 4078 si
681 4027 1038 4080 orationibus
1069 4026 1408 4095 insisteudo,
1461 4027 1849 4099 eleemosynas
1880 4029 1992 4083 lar-

300 4115 534 4185 giendo,
565 4131 753 4169 mores
783 4115 1202 4186 componendo,
1234 4115 1410 4170 vitam
1441 4117 1820 4183 emendando,
1854 4133 1993 4188 apo-

303 4204 582 4258 stolorum
613 4204 831 4271 limina,
855 4205 942 4258 vel
975 4204 1364 4274 quorumlibet
1393 4209 1717 4259 sanctorum
1752 4206 1996 4262 invisere

301 4292 646 4357 desiderant,
679 4291 885 4345 horum
912 4295 998 4346 est
1037 4292 1260 4347 devotio
1320 4293 1504 4347 modis
1553 4295 1822 4350 omnibus
1876 4296 1992 4351 col-

304 4380 610 4434 laudanda.

306 4503 433 4557 CAP.
507 4502 614 4556 LIl.
679 4532 747 4540 —
803 4505 877 4557 De
922 4505 1070 4557 omni
1127 4507 1420 4572 peccatore,
1463 4506 1668 4571 quoties
1718 4504 1996 4573 ceciderit,

706 4574 851 4642 quod
881 4577 1033 4629 toties
1073 4589 1353 4642 resurgere
1390 4575 1597 4629 debeat.

380 4676 488 4744 (Ea:
519 4677 682 4732 dictis
731 4680 876 4733 Sosii
904 4679 1194 4748 cujusdam
1249 4677 1528 4746 eremitaz.)
1586 4679 1732 4732 Dum
1763 4678 2000 4749 quidam

305 4766 482 4822 frater
513 4766 777 4821 abbatem
831 4767 1054 4822 Sosium
1098 4767 1196 4822 tali
1231 4783 1492 4822 sermone
1548 4767 1879 4838 frequenter
1923 4783 2004 4820 re-

306 4855 579 4927 quireret,
613 4856 805 4909 dicens
836 4870 848 4909 :
877 4855 1025 4920 Quid
1049 4855 1271 4923 faciam,
1296 4857 1478 4924 Pater,
1503 4856 1775 4926 quoniam
1799 4854 2003 4909 cecidi?

306 4943 392 4997 illi
416 4944 757 5015 respondit:
791 4944 972 5016 Surge
1005 4943 1214 5015 inquit.
1251 4945 1354 4997 Illo
1387 4960 1522 4998 vero
1562 4961 1620 4998 se
1660 4944 2006 4999 exsurrexis—

309 5046 389 5097 se,
433 5037 488 5085 et
525 5031 738 5086 iterum
765 5032 1035 5086 cecidisse
1071 5033 1348 5101 professo,
1407 5033 1704 5103 respondit
1734 5050 1747 5086 :
1791 5033 2003 5087 Iterum

311 5117 497 5172 adhuc
527 5135 718 5190 surge.
754 5121 892 5174 Cum
914 5125 1106 5174 autem
1137 5120 1312 5174 frater
1333 5120 1666 5190 frequenter
1694 5121 2004 5175 surrexisse

309 5209 366 5259 et
393 5205 724 5276 frequenter
770 5209 1035 5263 cecidisse
1081 5213 1360 5276 narraret,
1405 5209 1613 5264 eodem
1651 5225 1786 5263 vero
1835 5225 2005 5264 senex

310 5293 584 5346 utebatur
611 5310 894 5363 sermone,
919 5296 1265 5363 exclamans,
1313 5295 1391 5348 Ne
1423 5295 1660 5349 desistas
1692 5297 2001 5367 surgendo.

310 5379 420 5437 Cui
466 5380 643 5435 frater
697 5382 778 5436 ait
818 5399 831 5437 :
887 5385 1191 5456 Usquequo
1241 5399 1479 5455 possum
1523 5400 1778 5455 surgere,
1813 5387 2003 5453 Pater,

311 5469 596 5542 explana?
626 5469 808 5526 Senex
849 5471 991 5526 dixit
1023 5490 1035 5527 :
1079 5473 1408 5544 Usquequo,
1442 5477 1540 5528 aut
1580 5473 1642 5528 in
1669 5474 1823 5530 bono
1866 5490 2006 5546 ope-

2100 2968 2240 3022 dixit
2279 2985 2291 3021 :
2329 2969 2474 3021 Deus
2503 2966 2819 3021 transmisit
2846 2983 2958 3034 me,
2990 2966 3183 3021 dicens
3215 2983 3228 3020 :
3261 2966 3434 3034 Vade,
3466 2965 3559 3019 dic
3589 2967 3748 3019 Isaac
3778 2982 3791 3017 :

2059 3056 2204 3126 .Ubi
2221 3055 2390 3126 jubes
2418 3061 2482 3110 ut
2524 3057 2818 3109 mittamus
2865 3055 3027 3109 illum
3083 3055 3320 3109 fratrem
3368 3055 3470 3125 qui
3499 3054 3794 3125 peccavit?

2097 3148 2168 3198 At
2195 3145 2291 3198 ille
2319 3159 2452 3198 mox
2492 3144 2609 3213 egit
2639 3143 3059 3213 pcenitentiam,
3098 3143 3291 3199 dicens
3324 3161 3336 3197 :
3389 3143 3645 3210 Peccavi,
3681 3143 3794 3196 Do-

2099 3233 2275 3298 mine,
2307 3232 2540 3302 indulge
2572 3232 2734 3286 mihi.
2787 3233 2851 3286 Et
2905 3231 3042 3286 dicit
3069 3233 3121 3286 ei
3186 3232 3457 3302 angelus:
3520 3233 3797 3302 Exsurge,

2097 3320 2535 3392 indulgeat‘tibi
2573 3319 2897 3375 Dominus:
2944 3321 3041 3375 sed
3073 3337 3144 3374 ne
3203 3321 3410 3374 iterum
3468 3320 3580 3374 hoc
3627 3319 3802 3373 facias

2099 3414 2164 3464 ut
2217 3426 2572 3481 quemquam
2629 3409 3005 3476 condemnes,
3056 3411 3365 3479 antequam
3423 3405 3804 3475 Deusillum

2101 3498 2393 3568 dijudicet.
2461 3499 2739 3552 Tulerunt
2793 3497 3059 3552 homines
3098 3496 3206 3550 sibi
3238 3495 3544 3567 judicium,
3597 3499 3655 3548 et
3686 3510 3802 3548 non

2099 3586 2243 3640 mihi
2274 3585 2420 3640 illud
2449 3586 2770 3652 dimittunt,
2808 3586 2946 3640 dicit
2994 3584 3290 3640 Dominus.
3328 3586 3444 3638 Hoc
3487 3588 3689 3636 autem
3727 3582 3806 3635 di-

2101 3679 2256 3728 ctum
2314 3677 2418 3740 est,
2453 3674 2589 3744 quia
2617 3674 2664 3728 si
2722 3673 3026 3745 contigerit
3078 3675 3148 3730 de
3203 3673 3316 3728 illis
3372 3670 3644 3742 perfectis
3701 3670 3802 3724 ali-

2101 3779 2294 3834 quem,
2326 3764 2409 3816 vel
2446 3763 2507 3816 in
2538 3778 2712 3832 parvo
2744 3779 2998 3834 peccare,
3032 3780 3146 3817 non
3172 3778 3305 3816 mox
3326 3760 3624 3832 prodatur.

2104 3886 2231 3940 Car.
2263 3885 2370 3940 LV.
2422 3915 2491 3926 —
2523 3885 2680 3951 Quod
2730 3886 2887 3955 justa
2943 3886 3246 3940 obedientia
3267 3886 3435 3954 justis
3483 3881 3800 3938 muneribus

2754 3964 3142 4011 remuneretur.

2173 4063 2292 4129 (Ea:
2325 4061 2488 4116 dictis
2519 4063 2807 4132 cujusdam
2837 4063 3112 4133 eremitae.)
3143 4061 3382 4126 Quidam
3423 4076 3490 4114 ex
3535 4059 3804 4130 patribus

2037 4177 2079 4232 ι)
2107 4151 2167 4205 in
2189 4151 2364 4205 extasi
2395 4151 2631 4221 positus,
2665 4151 2806 4206 vidit
2844 4157 3089 4222 quatuor
3126 4150 3354 4204 ordines
3401 4153 3533 4202 ante
3570 4149 3757 4203 Deum
3789 4165 3802 4202 :

2107 4245 2163 4295 et
2187 4240 2407 4311 primus
2441 4240 2673 4311 quidem
2703 4241 2842 4295 ordo
2873 4245 2996 4295 erat
3024 4239 3322 4294 hominum
3355 4237 3805 4304 infirmantium,

2108 4333 2165 4382 et
2192 4327 2405 4399 gratias
2437 4328 2732 4398 agentium
2764 4330 2901 4383 Deo.
2949 4327 3241 4383 Secundus
3267 4342 3399 4380 vero
3450 4331 3576 4380 erat
3605 4341 3810 4380 eorum

2108 4416 2207 4488 qui
2265 4416 2714 4486 hospitalitatem
2778 4421 3083 4480 sectantur,
3119 4419 3173 4470 et
3207 4416 3269 4468 in
3300 4415 3406 4468 hoc
3453 4413 3808 4468 ministrant.

2108 4505 2335 4560 Tertius
2367 4521 2504 4559 vero
2533 4505 2768 4559 illorum
2799 4505 2899 4576 qui
2922 4504 3291 4559 solitudinem
3321 4502 3812 4566 sectantur.0uar~

2109 4597 2202 4646 tus
2232 4608 2366 4646 vero
2391 4591 2627 4647 illorum
2679 4593 2779 4664 qui
2821 4597 3060 4662 propter
3117 4593 3299 4646 Deum
3356 4592 3416 4644 in
3478 4591 3813 4645 obedientia

2113 4680 2355 4750 subjecti
2403 4687 2536 4735 sunt
2577 4681 2858 4752 patribus.
2905 4682 3040 4735 Erat
3079 4696 3219 4751 ergo
3268 4679 3381 4733 illis
3421 4678 3608 4733 tribus
3657 4679 3816 4732 ordi-

2112 4769 2282 4823 nibus
2304 4769 2395 4822 hic
2439 4771 2578 4825 ordo
2619 4769 2880 4840 superior
2921 4769 3022 4841 qui
3066 4767 3453 4823 obedientiam
3485 4766 3815 4828 exhibebat,

2114 4861 2172 4912 et
2201 4857 2450 4912 habebat
2495 4863 2760 4930 torquem
2818 4873 3082 4925 aureum,
3135 4861 3193 4910 et
3235 4855 3512 4925 majorem
3565 4855 3819 4924 gloriam

2116 4961 2236 5016 prae
2267 4947 2487 5000 czeteris
2523 4947 2872 5018 possidebat.
2933 4946 3080 5000 Dicit
3131 4949 3322 4999 autem
3373 4959 3541 4997 senex
3608 4943 3661 4996 ei
3722 4941 3821 5012 qui

2116 5033 2227 5088 sibi
2256 5035 2365 5089 hoc
2394 5035 2455 5088 in
2477 5035 2653 5089 extasi
2695 5035 3146 5103 demonstrabat,
3179 5032 3316 5104 quia
3347 5032 3439 5086 isti
3489 5031 3586 5084 alii
3618 5047 3822 5084 omnes

2117 5122 2332 5177 habent
2360 5123 2614 5194 aliquam
2653 5123 2911 5194 requiem
2943 5123 3011 5177 ad
3055 5121 3376 5192 implendas
3413 5119 3681 5191 proprias
3715 5135 3821 5172 vo-

2119 5210 2386 5266 luntates.
2423 5212 2521 5266 Hic
2567 5227 2704 5283 ergo
2732 5211 2832 5282 qui
2879 5211 3267 5265 obedientiam
3318 5214 3562 5274 exercet,
3617 5223 3820 5262 omnes

2119 5299 2442 5354 voluntates
2461 5299 2756 5370 relinquit,
2789 5304 2942 5354 totus
2970 5299 3182 5370 pendet
3210 5300 3271 5352 in
3297 5299 3594 5352 voluntate
3635 5295 3821 5351 Patris

2113 5387 2390 5458 jubentis,
2427 5391 2482 5442 et
2517 5387 2646 5444 ideo
2693 5387 2972 5458 majorem
3020 5387 3261 5459 gloriam
3292 5401 3412 5457 pre
3467 5384 3686 5440 caeteris
3734 5388 3821 5438 est

2120 5477 2371 5530 sortitus.
