4010 6194
231 259 331 309 997
1072 252 1548 308 DECRETORUM
1596 254 1785 308 LIBRI
1824 256 1931 309 ΧΧ.
1965 282 2033 291 —
2069 249 2283 304 LIBER
2326 247 2630 304 DECIMUS
2670 247 2914 301 NONUS.

3663 254 3769 303 998

231 380 358 434 CAP.
393 380 520 432 LVI.
556 408 622 416 --
660 378 739 429 De
764 376 874 428 illis
901 377 998 442 qui
1027 391 1095 429 ea:
1134 376 1415 429 industria
1444 382 1689 445 peccant,
1729 382 1779 429 et
1806 393 1928 446 pro.
1963 381 2009 430 A
2048 378 2148 427 aut
2168 372 2327 442 quod
2355 370 2442 424 illi
2473 371 2790 425 secundum
2836 373 3161 423 sanctarum
3197 370 3617 440 Scripturarum
3658 389 3768 426 au-

310 454 535 504 mittunt
589 449 697 501 sibi
726 446 1021 516 quamdam
1097 450 1479 516 impunitatem
1498 448 1766 516 peccandi
1808 464 1940 517 pro-

303 527 425 590 pter
464 523 803 585 largitionem
824 519 1299 585 eleemosynarum.

310 610 419 676 (Ea:
465 609 689 661 concilio
750 606 1039 671 Cabillon.,
1102 608 1279 675 capite
1352 607 1466 671 36.)
1518 604 1627 658 Sed
1677 621 1781 659 nec
1835 606 1944 659 hoc

232 694 707 768 praetereundum
756 694 1081 764 putavimus
1114 693 1267 764 quod
1308 693 1541 759 quidam
1567 708 1634 745 ex
1655 692 1947 747 industria

233 791 551 856 peccantes,
667 787 904 853 propter
972 783 1467 852 eleemosynarum
1570 781 1944 850 largitionem

235 872 550 942 quamdam
602 871 709 925 sibi
735 871 1080 941 promittunt
1110 871 1533 941 impunitatem.
1565 869 1947 941 Eleemosyna

235 960 388 1014 enim
420 960 707 1028 extinguit
734 964 1050 1028 peccatum,
1095 958 1259 1027 juxta
1288 958 1432 1011 illud
1474 959 1705 1027 :Ignem
1736 960 1949 1012 arden—

235 1053 351 1101 tem
375 1048 663 1123 extinguit
692 1064 861 1116 aqua,
922 1053 976 1099 et
1025 1047 1390 1116 eleemosyna
1428 1046 1716 1116 extinguit
1745 1063 1949 1117 pecca-

235 1142 376 1190 tum.
414 1136 524 1190 Sed
557 1153 623 1189 ea
655 1151 783 1205 qua:
817 1139 915 1187 aut
963 1135 1319 1200 necessitate,
1362 1139 1460 1188 aut
1489 1150 1642 1202 casu,
1675 1140 1773 1188 aut
1799 1151 1950 1205 qua-

237 1224 377 1278 libet
404 1224 553 1278 fiunt
611 1224 939 1293 fragilitate.
1002 1224 1077 1277 Ea
1107 1239 1240 1278 vero
1273 1239 1403 1295 qua;
1453 1239 1521 1277 ex
1570 1223 1856 1277 industria
1878 1222 1952 1276 ad

238 1314 545 1384 cujuslibet
618 1313 915 1366 libidinem
1010 1312 1353 1381 explendam
1416 1311 1628 1367 idcirco
1680 1312 1830 1366 Iiunt
1885 1318 1952 1365 ut

239 1402 613 1471 eleemosynis
646 1401 1021 1464 redimantur,
1054 1415 1422 1470 nequaquam
1453 1400 1535 1453 eis
1566 1399 1776 1453 redimi
1807 1416 1950 1469 pos-

239 1496 367 1544 sunt
398 1508 410 1544 :
440 1491 577 1562 quia
608 1490 706 1561 qui
740 1491 847 1543 hoc
880 1494 1217 1560 perpetrant
1255 1489 1524 1543 videntur
1581 1490 1759 1542 Deum
1795 1504 1947 1542 mer-

237 1582 370 1634 cede
399 1582 740 1647 conducere,
775 1584 838 1633 ut
886 1579 965 1632 eis
1006 1580 1241 1649 impune
1300 1594 1537 1646 peccare
1586 1578 1772 1631 liceat.
1824 1579 1951 1631 Non

236 1686 371 1740 ergo
426 1669 639 1722 idcirco
702 1668 831 1738 quis
886 1683 1120 1738 peccare
1173 1666 1345 1720 debet
1405 1672 1465 1719 ut
1514 1666 1945 1734 eleemosynam
1988 1659 2028 1711 Β

237 1757 449 1810 faciat:
511 1758 608 1811 sed
666 1755 795 1809 ideo
862 1758 1281 1827 eleemosynam
1333 1754 1520 1808 facere
1574 1755 1763 1819 debet,
1806 1757 1947 1825 quia

236 1845 509 1914 peccavit.
565 1843 807 1898 Mentem
866 1845 1020 1897 enim
1068 1848 1127 1898 et
1169 1859 1377 1913 corpus
1409 1858 1538 1912 qua
1567 1842 1743 1896 libido
1774 1843 1949 1895 traxit

239 1932 309 1987 ad
360 1934 609 2003 culpam,
658 1932 891 1986 afflictio
946 1937 1005 1986 et
1042 1932 1310 1987 contritio
1371 1930 1543 1985 debet
1576 1930 1848 1984 reducere
1879 1931 1950 1983 ad

239 2023 488 2075 veniam.

241 2112 367 2165 CAP.
405 2111 562 2164 LVII.
594 2140 663 2149 —
687 2112 761 2164 De
790 2109 876 2163 his
898 2112 994 2178 qui
1010 2113 1237 2178 peracta
1265 2109 1581 2177 paenitentia
1612 2107 1687 2159 ad
1712 2108 1953 2175 pristina

821 2180 1049 2233 redeunt
1072 2181 1385 2234 volutabra.

311 2272 422 2341 (Ecc
475 2270 617 2324 decr.
660 2270 866 2337 Syricii
915 2285 1095 2338 papae.
1156 2270 1334 2337 capite
1404 2265 1513 2336 10.)
1576 2264 1655 2318 De
1687 2264 1777 2318 his
1820 2281 1953 2319 vero

240 2376 354 2412 non
386 2360 703 2428 incongrue
751 2356 983 2411 dilectio
1041 2363 1139 2410 tua
1195 2354 1567 2426 apostolicam
1610 2352 1803 2405 sedem
1835 2368 1956 2406 cre-

241 2447 387 2501 didit
410 2446 836 2510 consulendam,
873 2446 970 2515 qui
1002 2449 1252 2515 peracta,
1285 2441 1644 2512 poenitentia,
1677 2446 1954 2512 tanquam

240 2552 410 2589 canes
440 2552 505 2589 ac
535 2551 685 2601 sues,
719 2535 788 2587 ad
822 2535 1069 2587 vomitus
1134 2533 1407 2603 pristinos
1464 2536 1521 2583 et
1551 2529 1620 2582 ad
1655 2529 1957 2583 volutabra

240 2626 569 2690 redeuntes,
605 2629 660 2676 et
698 2623 917 2677 militia
950 2623 1269 2691 cingulum,
1317 2625 1374 2673 et
1406 2618 1656 2671 ludicras
1686 2618 1956 2687 volupta-

245 2720 354 2779 tes,
385 2719 442 2766 et
485 2728 630 2765 nova
679 2710 971 2780 conjugia,
1024 2719 1076 2762 et
1109 2708 1382 2762 inhibitos
1439 2707 1629 2760 denuo
1662 2707 1956 2775 appetiere

242 2800 600 2865 concubitus,
652 2815 901 2869 quorum
952 2798 1269 2867 professam
1318 2793 1800 2847 incontinentiam
1857 2810 1955 2864 ge-

243 2888 430 2942 nerati
460 2892 589 2958 post
636 2885 1055 2940 absolutionem
1106 2882 1210 2935 lilii
1244 2880 1660 2951 prodiderunt;
1721 2882 1790 2934 de
1821 2882 1953 2952 qui-

243 2977 391 3031 bus:
430 2976 565 3045 quia
616 2974 737 3043 jam
788 2972 1100 3042 suffugium
1147 2988 1259 3024 non
1316 2969 1485 3023 habet
1515 2969 1855 3039 paenitendi,
1890 2972 1948 3025 id

244 3065 518 3119 duximus
547 3062 993 3129 decernendum,
1024 3065 1086 3114 ut
1146 3060 1264 3112 sola
1294 3058 1447 3111 intra
1469 3058 1778 3112 Ecclesiam
1806 3060 1947 3114 tide-

244 3154 396 3207 libus
423 3152 681 3206 oratione
703 3151 1048 3221 jungantur,
1080 3164 1255 3202 sacrae
1282 3147 1690 3217 mysteriorum
1721 3147 1954 3202 celebri-

244 3242 375 3307 tati,
405 3240 665 3311 quamvis
688 3255 804 3292 non
837 3242 1188 3303 mereantur,
1221 3236 1508 3289 intersint.
1559 3238 1604 3288 A
1636 3235 1951 3291 Dominicaa

245 3335 443 3384 autem
501 3344 716 3382 mensae
769 3326 1030 3380 convivio
1080 3329 1479 3395 segregentur,
1522 3330 1584 3376 ut
1614 3322 1719 3377 hac
1749 3327 1954 3379 saltem

244 3417 605 3473 districtione
662 3416 922 3482 correcti,
985 3422 1043 3469 et
1104 3415 1215 3485 ipsi
1273 3429 1375 3466 sua
1433 3418 1621 3466 errata
1676 3415 1957 3484 castigent

248 3513 310 3561 et
339 3506 468 3559 aliis
501 3505 826 3576 exemplum
875 3503 1154 3569 tribuant,
1200 3506 1482 3572 quatenus
1548 3500 1619 3554 ab
1679 3502 1956 3556 obscoenis

248 3594 665 3665 cupiditatibus
704 3592 1115 3647 retrabantur:
1174 3590 1385 3661 quibus
1432 3596 1624 3643 tamen
1681 3592 1956 3660 quoniam

249 3684 468 3738 carnali
500 3683 809 3752 fragilitate
860 3682 1212 3745 ceciderunt,
1250 3679 1455 3732 viatico
1504 3694 1766 3744 munere,
1827 3695 1958 3733 cum

249 3773 325 3826 ad
359 3772 665 3826 Dominum
700 3770 975 3840 coeperint
1028 3766 1334 3839 proﬁcisci,
1385 3783 1487 3836 per
1540 3766 1960 3820 communionis

250 3861 499 3932 gratiam
531 3860 797 3912 volumus
838 3858 1161 3911 subvenire.
1196 3855 1376 3919 Quam
1411 3855 1651 3908 formam
1718 3860 1774 3908 et
1812 3855 1961 3909 circa

255 3950 548 4016 mulieres,
586 3963 715 4018 quae
753 3963 812 4001 se
843 3952 973 4016 post
1011 3943 1411 4015 paenitentiam
1445 3942 1654 3996 talibus
1685 3944 1959 4013 pollutio-

251 4038 423 4092 nibus
452 4036 857 4101 devinxerunt,
891 4034 1232 4087 servandam
1266 4048 1391 4085 esse
1417 4046 1739 4086 censemus.

251 4127 383 4181 CAP.
416 4124 600 4179 LVIII.
636 4153 705 4166 —
752 4124 831 4176 De
858 4124 1144 4191 poznitente
1162 4122 1372 4185 femina
1402 4135 1521 4189 qua
1550 4119 1803 4186 defuncto
1843 4119 1961 4173 viro

710 4195 835 4247 aliis
856 4193 1052 4246 nubere
1071 4194 1502 4261 praesumpserit.

331 4286 438 4356 (Ex
464 4284 688 4339 concilio
718 4283 1054 4348 Arelatensi,
1109 4283 1285 4348 capite
1342 4282 1418 4345 2.)
1474 4278 1819 4333 Pcenitentes
1876 4277 1957 4331 fe-

250 4374 431 4429 minae
459 4388 587 4443 quae.
631 4371 913 4425 defunctis
944 4370 1078 4423 viris
1109 4368 1235 4421 aliis
1292 4368 1508 4421 nubere
1574 4382 1957 4437 praesumpse-

253 4463 395 4527 rint,
418 4462 506 4514 vel
552 4463 830 4529 suspecta,
890 4458 979 4510 vel
1035 4455 1337 4509 interdicta
1384 4455 1772 4509 familiaritate
1829 4470 1960 4507 cum

251 4555 529 4604 extraneo
553 4548 811 4611 vixerint,
844 4560 976 4598 cum
1029 4544 1225 4597 eodem
1261 4545 1330 4597 ab
1374 4544 1631 4597 Ecclesiae
1664 4542 1960 4596 liminibus

253 4640 583 4692 arceantur.
634 4635 762 4687 Haec
807 4633 982 4687 etiam
1012 4632 1082 4686 de
1134 4630 1267 4683 viris
1300 4631 1361 4684 in
1394 4629 1729 4701 pmnitentia
1759 4628 1961 4699 positis

252 4724 479 4798 placuit
501 4721 809 4776 observari.

256 4818 387 4870 CAP.
423 4814 529 4867 LIX
550 4841 619 4853 —
645 4811 796 4877 Quod
842 4812 897 4863 in
928 4809 1115 4863 danda
1162 4811 1479 4877 paenitentia
1502 4809 1655 4863 nulla
1702 4809 1963 4876 sitperso-

876 4897 1073 4935 narum
1103 4883 1359 4948 acceptio.

330 4973 456 5044 (Ea:
497 4972 722 5027 concilio
778 4970 1076 5033 Cabillon.,
1123 4970 1211 5022 cui
1236 4970 1493 5034 inter/uit
1524 4966 1756 5021 Carolus
1796 4967 1964 5034 impe—

259 5067 432 5129 rator,
462 5062 638 5129 capite
664 5058 776 5128 34.)
844 5056 989 5121 Quia
1046 5056 1223 5125 igitur
1251 5056 1526 5126 Apostolo
1555 5059 1697 5108 teste
1732 5069 1847 5107 non
1878 5057 1965 5107 est

261 5164 640 5220 personarum
672 5147 923 5216 acceptio
951 5144 1103 5214 apud
1134 5144 1336 5208 Deum,
1372 5150 1429 5199 et
1458 5145 1516 5197 in
1533 5141 1964 5211 omnibusjudi-

265 5238 367 5292 ciis
396 5237 674 5291 servanda
703 5251 817 5289 non
849 5239 954 5302 est,
985 5234 1165 5287 multo
1197 5233 1381 5303 magis
1422 5232 1482 5286 in
1540 5232 1647 5286 hoc
1675 5232 1965 5301 poeniten—

270 5327 365 5380 tias
399 5326 615 5397 judicio
676 5323 983 5395 praecaveri
1015 5323 1201 5389 debet,
1244 5326 1309 5375 ut
1366 5322 1559 5375 nullus
1606 5320 1966 5373 sacerdotum

270 5430 546 5486 unquam,
570 5420 669 5468 aut
697 5413 900 5483 gratia,
954 5416 1051 5467 aut
1081 5411 1214 5465 odio
1240 5410 1482 5480 alicujus
1521 5423 1782 5479 personas
1804 5423 1966 5461 secus

267 5504 504 5576 judicet,
542 5519 713 5575 quam
745 5502 897 5572 quod
928 5502 988 5555 in
1011 5499 1329 5555 canonibus
1391 5498 1563 5552 sacris
1631 5495 1916 5552 invenerit
1950 5510 1963 5551 :

2055 461 2414 528 etoritatem,
2444 464 2502 512 et
2549 458 2989 512 ecclesiasticam
3047 458 3523 512 consuetudinem
3557 462 3771 514 rectius

2056 549 2240 602 visum
2280 547 2475 602 fuerit.
2512 548 2572 602 Si
2602 564 2739 618 ergo
2770 547 2976 601 medici
3031 546 3129 617 qui
3160 547 3499 616 corporibus
3530 549 3773 603 medici-

2058 653 2193 691 nam
2230 636 2444 690 inferre
2473 643 2777 702 conantur,
2827 652 3193 706 nequaquam
3244 642 3481 706 propter
3512 653 3771 707 personae

2060 726 2366 796 cujuslibet
2387 728 2784 797 acceptionem
2818 725 2906 779 his
2931 741 3072 795 quos
3109 741 3308 779 sanare
3340 727 3600 795 cupiunt,
3636 743 3771 781 cau-

2060 816 2226 881 terio,
2263 818 2361 867 aut
2418 815 2596 881 ferro,
2657 820 2758 868 aut
2815 815 2973 868 duris
3032 814 3154 867 aliis
3194 814 3545 885 quibuslibet
3598 817 3772 871 rebus

2060 907 2305 972 parcunt
2337 920 2350 956 :
2387 905 2577 959 multo
2613 903 2794 972 magis
2823 902 2910 956 his
2937 902 3355 957 observandum
3388 908 3492 970 est,
3527 905 3628 974 qui
3654 922 3773 959 non

2061 1006 2373 1061 corporum
2427 992 2527 1045 sed
2581 991 2905 1045 animarum
2991 990 3202 1043 medici
3256 991 3526 1058 existunt,
3581 1009 3773 1063 neque

2063 1080 2219 1133 enim
2252 1080 2553 1148 pensanda
2610 1084 2697 1133 est
2725 1078 3060 1149 poenitentia
3092 1079 3413 1148 quantitate
3468 1081 3770 1150 temporis,

2064 1170 2159 1223 sed
2193 1169 2401 1222 ardore
2444 1170 2677 1235 mentis,
2722 1172 2774 1221 et
2826 1168 3265 1221 mortiticatione
3332 1170 3606 1238 corporis.
3667 1169 3776 1223 Cor

2064 1266 2257 1312 autem
2286 1259 2607 1311 contritum
2635 1264 2689 1311 et
2720 1257 3091 1310 humiliatum
3122 1258 3266 1310 Deus
3288 1273 3404 1311 non
3437 1257 3700 1327 despicit.

2065 1347 2195 1401 CAP.
2248 1346 2347 1399 LX.
2382 1375 2452 1387 —-
2496 1347 2580 1400 De
2598 1346 2711 1400 illis
2742 1348 2839 1413 qui
2868 1351 3089 1413 peccata
3111 1361 3210 1399 sua
3239 1347 3354 1399 sine
3369 1346 3639 1414 condigna
3658 1362 3773 1416 pa:-

2443 1437 2684 1488 nitentia
2715 1435 2820 1488 sibi
2840 1436 3087 1488 relaxari
3114 1435 3410 1500 falluntur.

2137 1523 2245 1591 (Em
2278 1522 2446 1577 dictis
2505 1524 2761 1590 August.)
2795 1521 3065 1591 Quisquis
3120 1540 3254 1592 ergo
3315 1524 3599 1577 malorum
3636 1540 3767 1593 ope-

2065 1629 2195 1667 rum
2245 1612 2370 1666 sine
2429 1611 2722 1681 condigna
2764 1611 3101 1681 poenitentia
3151 1628 3501 1681 quemquam
3544 1613 3770 1665 veniam

2060 1716 2092 1752 a
2129 1702 2241 1753 Deo
2273 1699 2580 1769 percipere
2608 1715 2772 1768 posse
2803 1698 3026 1764 dixerit,
3070 1699 3299 1768 penitus
3330 1704 3501 1765 errat,
3538 1705 3614 1763 et,
3639 1716 3770 1752 cum

2062 1790 2330 1859 deceptus
2363 1787 2509 1840 alios
2564 1786 2829 1856 decipere
2859 1786 3112 1853 festinat,
3147 1786 3363 1856 duplici
3413 1803 3560 1839 noxa
3615 1802 3769 1840 com-

2060 1877 2363 1946 stringitur
2397 1892 2409 1929 ε
2454 1874 2567 1928 hoc
2597 1878 2699 1939 est,
2750 1874 2969 1944 proprii
3002 1876 3209 1928 erroris
3266 1879 3321 1927 et
3371 1876 3571 1929 alienas
3603 1876 3773 1930 dece-

2060 1964 2291 2033 ptionis.

2089 2052 2220 2107 CAP.
2284 2050 2412 2104 LXI.
2448 2080 2518 2087 —
2543 2048 2705 2120 Quod
2732 2053 2842 2102 tam
2885 2049 2983 2120 diu
3032 2050 3280 2104 laborare
3322 2053 3550 2120 quisque
3581 2053 3773 2107 debeat

2519 2119 2682 2172 donec
2708 2119 2983 2187 possideat
3020 2121 3313 2176 Christum.

2136 2214 2243 2278 (Em
2300 2209 2466 2263 dictis
2516 2206 2762 2277 Gregor.)
2825 2207 3012 2278 Usque
3071 2213 3205 2261 tunc
3286 2208 3541 2263 laborare
3597 2211 3770 2265 debet

2063 2299 2257 2364 homo,
2320 2312 2623 2367 usquequo
2681 2295 2971 2364 possideat
3043 2296 3350 2350 Christum.
3414 2298 3522 2361 Qui
3577 2305 3772 2354 autem

2063 2388 2455 2452 illumsemel
2510 2385 2753 2454 adeptus
2792 2384 2984 2453 fuerit,
3028 2386 3148 2455 jam
3192 2402 3308 2439 non
3356 2387 3595 2441 laborat.
3645 2391 3777 2443 Per-

2066 2477 2242 2532 mittit
2270 2482 2465 2529 tamen
2525 2472 2803 2527 Dominus
2838 2474 3093 2527 laborare
3141 2475 3350 2528 electos
3381 2493 3533 2543 suos,
3585 2482 3649 2531 ut
3699 2497 3781 2533 re-

2068 2568 2466 2618 memorentur
2515 2560 2951 2615 tribulationum
2984 2562 3209 2629 laboris,
3245 2563 3397 2616 unde
3440 2565 3776 2636 semetipsos

2066 2652 2410 2716 custodiant,
2444 2649 2717 2703 timentes
2744 2666 2815 2703 ne
2838 2656 3029 2704 tantos
3061 2652 3283 2704 labores
3305 2653 3592 2707 amittant.
3629 2655 3772 2709 Nam

2068 2746 2125 2795 et
2179 2740 2329 2794 ﬁlios
2369 2738 2549 2793 Israel
2577 2737 2707 2792 ideo
2743 2739 2890 2792 Deus
2921 2756 3023 2809 per
3063 2740 3353 2794 desertum
3384 2743 3768 2813 quadraginta

2067 2830 2232 2883 annis
2293 2826 2696 2893 circumduxit,
2750 2832 2814 2880 ut
2844 2829 3238 2881 rememoratis
3278 2829 3773 2901 tribulationibus,

1987 2938 2027 2993 ο
2069 2935 2185 2972 non
2214 2918 2471 2972 redirent
2501 2920 2838 2970 retrorsum.

2062 3009 2189 3062 CAP.
2225 3007 2380 3061 LXII.
2415 3033 2486 3044 —
2507 3004 2574 3057 Ut
2594 3004 2775 3056 nullus
2807 3006 3087 3072 episcopus
3116 3019 3207 3058 seu
3232 3005 3514 3073 presbyter
3547 3007 3775 3062 alterius

2163 3081 2509 3147 pwnitentem
2549 3075 2665 3127 sine
2713 3076 2910 3129 litteris
2955 3076 3043 3129 sui
3098 3079 3336 3144 episcopi
3374 3079 3659 3146 suscipiat.

2134 3166 2243 3235 (Em
2273 3168 2433 3235 epist.
2468 3163 2659 3217 Felicis
2706 3178 2884 3231 papae,
2925 3165 3101 3232 capite
3146 3163 3218 3233 2.)
3266 3163 3593 3219 Curandum
3628 3182 3765 3221 vero

2062 3256 2314 3308 maxime
2346 3259 2404 3308 et
2434 3251 2595 3305 omni
2621 3252 2843 3305 cautela
2875 3251 3332 3323 prmvidendum,
3394 3269 3465 3307 ne
3499 3254 3626 3324 quis
3652 3255 3763 3309 fra-

2065 3350 2219 3397 trum
2272 3341 2864 3411 coepiscoporumque
2907 3346 3256 3406 nostrorum,
3292 3348 3391 3395 aut
3420 3342 3592 3396 etiam
3638 3360 3767 3413 pre-

2066 3433 2426 3502 sbyterorum
2454 3430 2513 3481 in
2550 3428 2784 3481 alterius
2814 3429 3038 3483 civitate
3099 3428 3179 3483 vel
3214 3429 3445 3483 dioecesi
3489 3431 3774 3500 pceniten-

2067 3524 2206 3586 tem,
2243 3520 2330 3571 vel
2358 3518 2462 3571 sub
2508 3531 2682 3569 manu
2714 3516 2965 3585 positum
3003 3517 3331 3584 sacerdotis,
3373 3522 3472 3571 aut
3500 3535 3635 3572 eum
3667 3522 3769 3591 qui

2068 3606 2499 3662 reconciliatum
2524 3618 2585 3656 se
2616 3619 2736 3656 esse
2785 3604 3010 3671 dixerit,
3068 3603 3189 3657 sine
3235 3604 3489 3675 episcopi
3522 3607 3609 3660 vel
3639 3624 3772 3677 pre—

2067 3695 2280 3764 sbyteri
2318 3690 2671 3757 testimonio,
2705 3696 2761 3744 et
2784 3692 3012 3757 litteris,
3046 3692 3116 3745 ad
3151 3693 3311 3762 cujus
3363 3694 3613 3763 pertinet
3667 3714 3772 3767 pa-

2068 3781 2344 3843 rochiam,
2376 3777 2670 3846 suscipiat.

2070 3871 2199 3925 CAP.
2226 3868 2407 3922 LXIII.
2442 3895 2513 3905 —
2545 3866 2611 3941 Ut
2636 3867 2952 3941 panitentes
2980 3866 3272 3941 secundum
3291 3883 3518 3941 canones
3542 3873 3653 3925 nisi
3686 3856 3779 3941 pe-

2281 3944 2437 3993 racta
2466 3939 2784 4006 poenitentia
2810 3940 3202 3991 communicare
3221 3954 3327 3992 non
3345 3940 3592 3995 debeant.

2142 4030 2251 4095 (Ea:
2273 4028 2416 4081 decr.
2452 4027 2540 4079 Pii
2578 4040 2758 4093 papae,
2800 4028 2976 4094 capite
3007 4027 3083 4091 2.)
3124 4026 3473 4081 Poenitentes
3505 4045 3620 4083 non
3674 4030 3772 4084 de-

2072 4116 2211 4170 bent
2240 4113 2664 4169 communicare
2706 4118 2835 4166 ante
2896 4113 3445 4168 consummationem
3476 4116 3773 4185 pmniten-
3802 4162 3819 4169 ,-

1991 4222 2034 4275 ι)
2074 4205 2189 4258 tim.

2069 4293 2198 4348 CAP.
2235 4291 2409 4345 LXIV.
2431 4317 2499 4329 —
2526 4288 2681 4353 Quod
2710 4304 2810 4358 pro
2840 4290 3050 4344 ethnico
3074 4295 3124 4343 et
3143 4290 3435 4360 publicano
3478 4294 3550 4346 sit
3567 4293 3775 4347 haben-

2140 4363 2263 4429 dus,
2292 4364 2389 4430 qui
2424 4375 2525 4429 pro
2556 4366 2769 4429 peccato
2800 4360 3077 4415 commisso
3121 4364 3380 4431 paenitere
3435 4365 3693 4420 noluerit.

2142 4452 2252 4519 (Ea:
2300 4449 2461 4503 dictis
2518 4448 2774 4517 August,)
2842 4450 2989 4518 Erga
3038 4465 3168 4502 eum
3220 4453 3321 4521 qui
3384 4468 3481 4523 pro
3545 4457 3776 4523 peccato

2070 4538 2375 4591 commisso
2413 4552 2529 4589 non
2582 4538 2843 4607 poenitet,
2902 4537 3041 4591 tales
3099 4554 3219 4591 esse
3266 4541 3563 4609 debemus,
3629 4543 3777 4596 sicut

2073 4626 2349 4680 Dominus
2373 4625 2648 4695 praecepit
2693 4626 2889 4680 dicens
2926 4641 2937 4677 :
2988 4624 3071 4679 Sit
3097 4626 3201 4679 tibi
3249 4627 3393 4682 sicut
3431 4630 3692 4684 ethnicus
3724 4635 3779 4684 et

2071 4715 2428 4785 publicanus,
2459 4719 2517 4767 et
2546 4714 2690 4766 sicut
2716 4713 3025 4783 Apostolus
3053 4714 3216 4783 jubet
3251 4731 3263 4768 :
3296 4715 3647 4785 Subtrahite,
3682 4719 3769 4771 in-

2073 4804 2217 4874 quit,
2249 4819 2347 4856 vos
2402 4801 2470 4855 ab
2522 4800 2681 4854 omni
2728 4802 2901 4855 fratre
2945 4801 3267 4855 inordinate
3311 4804 3663 4874 ambulante,
3699 4824 3779 4860 sc-

2071 4891 2324 4946 cundum
2358 4890 2729 4944 traditionem
2762 4906 2935 4961 quam
2966 4890 3177 4943 tradidi
3199 4891 3380 4947 vobis.

2075 4982 2202 5035 CAP.
2230 4978 2374 5033 LXV.
2408 5008 2474 5017 —
2512 4978 2667 5043 Quod
2690 4995 2723 5032 a
2754 4980 2917 5033 licitis
2943 4992 2998 5031 se
3023 4978 3291 5032 abstinere
3314 4979 3521 5047 debeat,
3552 4983 3650 5050 qui
3670 4983 3776 5036 illi-

2464 5052 2573 5103 cita
2610 5065 2665 5103 se
2707 5052 3034 5103 commisisse
3062 5052 3381 5104 meminerit.

2146 5142 2254 5206 (Ea:
2280 5138 2443 5192 dictis
2478 5141 2703 5205 Gregor.
2758 5139 2964 5207 papae.)
2996 5137 3103 5201 Qui
3136 5153 3196 5191 se
3255 5138 3454 5192 illicita
3511 5138 3776 5195 meminit

2076 5226 2447 5290 commisisse,
2506 5243 2537 5279 a
2584 5226 2752 5279 licitis
2784 5226 2954 5280 etiam
2986 5225 3211 5279 studeat
3248 5226 3580 5281 abstinere:
3635 5244 3777 5299 qua-

2076 5323 2243 5371 tenus
2274 5330 2377 5386 per
2405 5314 2508 5368 hoc
2530 5313 2825 5368 Conditori
2884 5330 2986 5367 suo
3014 5314 3340 5382 satisfaciat,
3372 5322 3437 5370 ut
3484 5317 3586 5388 qui
3626 5333 3777 5370 com-

2078 5405 2234 5459 misit
2258 5404 2571 5474 prohibita,
2604 5401 2947 5473 sibimetipsi
2976 5400 3308 5458 abscindere
3344 5404 3550 5460 debeat
3594 5405 3770 5459 etiam

2079 5509 2365 5549 001108353.
