4014 6200
290 297 394 345 999
1375 287 1778 344 BURCIIARDI
1823 283 2351 340 WORMACIENSIS
2388 283 2717 340 EPISCOPI.
3663 291 3804 342 1000

290 419 416 470 CAP.
457 416 626 468 LXVI.
669 445 722 454 —-
766 417 834 469 Ut
888 416 1068 468 nullus
1111 419 1234 482 post
1259 415 1587 484 penitentiae
1618 412 1881 464 actionem
1915 409 1989 462 ad
2016 413 2061 464 Α
2101 409 2450 479 imponatur,
2487 425 2673 480 neque
2731 409 3183 479 permittendum
3218 416 3280 465 ut
3335 413 3674 484 rebaptizati
3731 415 3802 468 ad

605 487 863 540 militiam
900 486 1210 539 saecularem
1248 484 1427 537 redire
1451 483 1658 536 debeat.

360 579 468 645 (Ea-
499 579 658 646 epist.
703 577 886 630 Leonis
904 590 1082 644 pupa,
1135 577 1316 642 capite
1345 574 1458 640 '25.)
1498 571 1863 626 Contrarium
1900 575 1985 623 est

288 666 523 720 omnino
553 664 947 726 ecclesiasticis
986 662 1221 732 regulis,
1251 665 1378 730 post
1406 660 1756 731 pmnitentiaa
1798 659 1984 712 actio-

291 772 420 809 nem
454 755 640 808 redire
673 753 741 806 ad
795 751 1062 805 militiam
1103 752 1451 804 saecularem.
1507 749 1648 804 Cum
1679 748 1984 818 Apostolus

289 846 485 900 dicat:
525 844 701 896 Nemo
751 841 1000 892 militans
1032 840 1166 904 Deo,
1214 838 1474 907 implicat
1521 854 1578 891 se
1617 837 1981 890 saecularibus

289 931 535 1001 negotiis
594 929 746 982 Unde
781 944 892 981 non
927 932 1010 980 est
1038 927 1186 980 liber
1212 943 1245 978 a
1280 926 1498 996 laqueis
1527 925 1760 990 diaboli,
1794 924 1894 995 qui
1923 940 1982 976 se

288 1021 511 1076 militia».
539 1019 844 1072 mundanae
878 1016 1122 1070 voluerit
1150 1015 1464 1084 implicare.

289 1112 419 1165 Car.
460 1108 650 1162 LXVII.
685 1136 753 1144 —-
789 1109 858 1160 De
890 1107 1004 1158 illis
1035 1106 1152 1172 qui,
1175 1105 1364 1156 relicto
1383 1106 1659 1170 religionis
1681 1103 1983 1171 proposito,

819 1177 892 1229 ad
926 1179 1175 1229 saeculum
1203 1175 1447 1228 redeunt.

359 1272 467 1334 (Ea:
498 1268 717 1321 concilio
764 1267 1088 1330 Arelatensi,
1122 1266 1298 1332 capite
1327 1263 1399 1330 3.)
1453 1262 1524 1317 Hi
1573 1261 1672 1332 qui
1705 1266 1832 1331 post
1861 1277 1986 1314 san-

285 1365 389 1412 ctae
421 1356 716 1426 religionis
749 1354 1108 1424 propositum
1144 1356 1482 1422 apostatant,
1518 1356 1574 1404 et
1612 1350 1679 1404 ad
1711 1351 1981 1403 saeculum

287 1447 551 1512 redeunt,
607 1449 662 1496 et
714 1443 1086 1512 postmodum
1148 1439 1500 1511 pcenitentite
1552 1438 1809 1493 remedia
1863 1454 1982 1491 non

283 1534 605 1603 requirunt,
639 1530 1106 1584 communionem
1148 1544 1263 1582 non
1302 1527 1584 1596 accipiant
1639 1525 1762 1579 sine
1795 1525 1982 1594 pceni-

285 1623 502 1675 tentia:
537 1637 682 1689 quos
713 1619 885 1670 etiam
925 1617 1196 1686 jubemus
1250 1616 1316 1667 ad
1369 1614 1668 1668 clericatus
1729 1613 1980 1666 ofﬁcium

284 1725 400 1763 non
429 1707 671 1766 admitti.
717 1713 772 1757 et
823 1705 1151 1774 quicunque
1183 1703 1276 1756 ille
1309 1707 1392 1754 est
1429 1707 1556 1771 post
1587 1700 1984 1770 pmnitentiam

281 1797 541 1851 habitum
573 1795 922 1866 ξδωριιιευνιη
977 1808 1090 1845 non
1148 1795 1477 1862 prmsumat.
1534 1789 1690 1853 Quod
1742 1789 1789 1842 si
1847 1805 1987 1860 prie-

282 1883 607 1954 sumpserit,
643 1883 712 1935 ali
737 1880 976 1935 Ecclesia
1007 1881 1225 1933 alienus
1256 1879 1553 1932 habeatur.

285 1975 412 2028 CAP.
450 1972 675 2027 LXVIII.
706 2000 765 2010 -
791 1969 942 2039 Quod
963 1970 1144 2022 nullus
1165 1969 1446 2033 religiosus
1476 1971 1525 2020 et
1553 1971 1770 2020 sanctus
1800 1970 1985 2020 careat

351 2115 458 2184 (Ex
490 2113 652 2165 dictis
681 2113 938 2180 August.)
993 2045 1452 2162 £Slfgsfosanctus
1510 2114 1566 2162 et
1615 2123 1779 2160 verus
1827 2113 1982 2161 caret

280 2207 514 2272 peccato
557 2216 702 2253 :nec
751 2205 946 2252 tamen
975 2214 1041 2251 ex
1086 2200 1194 2251 hoc
1249 2198 1460 2250 desinit
1489 2213 1613 2250 esse
1657 2199 1843 2265 justus
1893 2197 1978 2249 vel

281 2297 530 2356 sanctus,
561 2304 688 2340 cum
721 2287 926 2340 affectu
973 2290 1165 2339 teneat
1209 2285 1590 2339 sanctitatem.
1652 2286 1774 2338 Non
1823 2285 1978 2337 enim

279 2385 500 2433 natura?
553 2377 789 2439 viribus,
851 2375 946 2429 sed
998 2373 1281 2444 propositi
1327 2374 1664 2442 adjumento
1715 2388 1818 2442 per
1879 2371 1977 2424 Dei

282 2467 527 2538 gratiam
586 2465 937 2534 acquirimus
987 2464 1388 2515 sanctitatem:
1454 2468 1508 2514 et
1536 2462 1663 2514 ideo
1701 2459 1977 2514 veraciter

278 2571 336 2608 se
398 2570 598 2607 omnes
653 2552 831 2605 sancti
891 2551 1265 2622 pronuntiant
1322 2555 1662 2620 peccatores,
1721 2549 1855 2620 quia
1916 2549 1974 2602 in

277 2643 511 2696 veritate
544 2641 758 2695 habent
785 2639 939 2710 quod
990 2640 1284 2708 plangant,
1317 2643 1372 2691 et
1429 2639 1474 2691 si
1509 2655 1623 2692 non
1667 2639 1976 2707 reprehen-

277 2733 436 2786 sione
479 2729 858 2794 conscientiae,
912 2733 1061 2780 certe
1124 2727 1440 2780 mobilitate
1481 2732 1536 2779 et
1592 2725 1972 2779 mutabilitate

282 2819 752 2890 prmvaricatricis
774 2821 1012 2869 natura}.

278 2908 408 2963 CAP.
467 2907 630 2960 LXIX.
667 2935 732 2944 —-
768 2907 832 2959 Ut
869 2905 1182 2973 pamilentes
1206 2919 1239 2956 a
1268 2904 1528 2956 conviviis
1568 2907 1617 2956 et
1637 2903 1967 2956 ornamentis

843 2977 1113 3028 abstinere
1159 2974 1406 3027 debeant.

349 3069 452 3128 (Ea:
482 3065 627 3120 detr.
689 3065 846 3118 Lucii
886 3078 1067 3132 papa,
1111 3063 1288 3130 capite
1325 3061 1394 3130 5.)
1441 3060 1602 3125 Quod
1633 3061 1974 3132 pcenitentes

275 3173 310 3210 a
339 3153 612 3208 conviviis
644 3158 701 3206 et
729 3151 1082 3205 ornamentis
1111 3156 1282 3218 atque
1313 3151 1438 3202 alba
1488 3154 1636 3202 veste
1688 3149 1972 3202 abstinere

275 3243 539 3303 debeant,
571 3245 630 3292 et
682 3238 972 3292 discordes
1032 3237 1320 3306 pellantur
1373 3236 1442 3288 ab
1501 3236 1752 3303 ecclesia,
1795 3237 1973 3290 donec

277 3331 346 3384 ad
382 3344 579 3400 pacem
620 3327 872 3380 redeant.

278 3419 404 3474 Car.
442 3417 586 3471 LXX.
615 3445 677 3456 —
731 3417 796 3470 Ut
820 3413 1104 3483 presbyter
1140 3414 1482 3482 pmnitentem
1511 3428 1616 3466 non
1646 3413 1970 3480 reconciliet,

717 3488 828 3539 nisi
857 3487 1134 3554 episcopus
1160 3498 1292 3538 suus
1312 3483 1522 3552 jubeat.

347 3579 458 3646 (Ea:
487 3575 707 3630 concilio
738 3576 1025 3640 Africano,
1049 3575 1226 3641 capite
1270 3572 1381 3642 30.)
1425 3573 1494 3626 Ut
1518 3571 1814 3642 presbyter
1855 3589 1972 3628 non

273 3667 623 3736 interrogato
683 3663 952 3733 episcopo
1001 3679 1115 3716 non
1180 3661 1508 3715 reconciliet
1570 3662 1966 3731 pmnitentem,

271 3756 382 3812 nisi
413 3754 672 3809 absentia
702 3751 972 3823 episcopi,
992 3751 1326 3805 necessitate
1357 3751 1752 3821 compellente.

273 3845 402 3900 CAP.
442 3844 612 3898 LXXI.
633 3873 700 3880 —
729 3843 794 3896 Ut
820 3842 1002 3894 nullus
1031 3843 1088 3893 in
1132 3841 1483 3893 ecclesiastico
1513 3838 1702 3893 ordine
1727 3855 1824 3907 per
1850 3854 1964 3892 ma-

340 3931 443 3970 nus
471 3915 885 3982 impositionem,
921 3911 1218 3964 remedium
1247 3913 1484 3978 accipiat
1507 3910 1822 3978 panitendi.

342 4005 460 4071 (Ere
499 4003 706 4056 decreto
758 4003 943 4056 Leonis
987 4014 1146 4068 papae
1185 3999 1258 4052 ad
1289 3999 1588 4060 Rusticum,
1629 4000 1804 4066 capite
1859 4000 1965 4064 I6.)

270 4094 534 4148 Alienum
563 4095 644 4144 est
678 4095 866 4143 autem
895 4090 945 4158 ζει
992 4087 1403 4141 consuetudine
1451 4085 1846 4152 ecclesiastica,
1905 4090 1968 4139 ut

274 4181 378 4252 qui
411 4181 468 4234 in
523 4178 898 4250 presbyterali
961 4177 1204 4240 honore,
1253 4179 1348 4228 aut
1407 4174 1465 4228 in
1497 4174 1743 4229 diaconii
1784 4174 1960 4246 gradu

267 4247 482 4325 fuerint
527 4247 874 4334 consecrati,
929 4265 990 4318 hi
1038 4280 1141 4334 pro
1194 4263 1433 4317 crimine
1473 4263 1664 4335 aliquo
1713 4280 1815 4317 suo
1861 4280 1964 4335 per
2001 4247 2045 4301 D

268 4375 476 4414 manus
501 4356 931 4426 impositionem
962 4353 1282 4407 remedium
1316 4351 1598 4424 accipiant
1623 4353 1960 4423 paenitendi.

267 4446 431 4511 Quod
464 4445 585 4498 sine
615 4443 787 4497 dubio
819 4457 887 4494 ex
913 4441 1223 4511 apostolica
1284 4439 1592 4494 traditione
1651 4441 1961 4508 descendit,

265 4531 580 4588 secundum
615 4529 768 4600 quod
790 4528 1067 4598 scriptum
1115 4533 1240 4582 est:
1295 4527 1568 4582 Sacerdos
1598 4529 1642 4582 si
1701 4545 1966 4598 peccave-

265 4622 360 4688 rit,
384 4619 512 4692 quis
540 4619 726 4674 orabit
753 4634 857 4688 pro
880 4616 980 4670 illo
1004 4616 1032 4670 ?
1092 4616 1249 4670 Unde
1281 4617 1612 4687 hujusmodi
1666 4617 1839 4688 lapsis
1893 4619 1964 4671 ad

265 4708 704 4784 promerendam
739 4705 1190 4761 misericordiam
1223 4706 1326 4759 Dei
1369 4705 1591 4775 privata
1660 4711 1745 4759 est
1793 4721 1964 4774 expe-

264 4803 439 4858 tenda
468 4799 723 4854 secessio.
774 4797 881 4852 Ubi
933 4797 1048 4851 illis
1097 4797 1402 4851 satisfactio
1453 4796 1499 4849 si
1543 4796 1716 4850 fuerit
1767 4795 1961 4867 digna,

262 4893 337 4947 sit
361 4890 533 4946 etiam
555 4889 860 4943 fructuosa.

263 4983 389 5037 CAP.
420 4979 620 5035 LXXII.
674 5007 742 5016 —-
777 4978 843 5031 Ut
871 4974 1115 5030 ordinati
1141 4976 1197 5027 in
1227 4973 1570 5042 gravioribus
1609 4976 1841 5040 peccatis
1871 4973 1962 5027 de-

327 5051 600 5121 prehensi,
651 5064 754 5102 non
799 5061 990 5102 manus
1050 5048 1445 5114 impositionem
1484 5049 1543 5098 ut
1572 5045 1702 5098 laici
1725 5049 1965 5114 accipere

333 5122 714 5261 lilii-mgnum
766 5188 1202 5254 Carthaginensi,
1253 5189 1430 5255 capite
1473 5184 1587 5254 27.)
1629 5185 1770 5239 Item
1825 5201 1962 5240 con-

267 5281 559 5335 ﬁrmatum
585 5283 689 5343 est,
719 5283 783 5331 ut
812 5277 857 5330 si
888 5275 1119 5348 quando
1157 5273 1477 5344 presbyteri
1523 5273 1612 5326 vel
1641 5273 1868 5328 diaconi
1902 5275 1961 5328 in

261 5369 455 5440 aliqua
535 5366 796 5437 graviore
841 5365 1010 5435 culpa
1044 5363 1289 5418 convicti
1347 5360 1579 5428 fuerint,
1631 5377 1744 5432 qua
1781 5377 1879 5416 eos
1930 5375 1964 5417 a

257 5455 582 5513 ministerio
613 5470 872 5508 neccesse
921 5454 994 5508 sit
1064 5451 1383 5518 removeri,
1440 5466 1558 5504 non
1617 5449 1698 5504 eis
1753 5466 1960 5505 manus

258 5553 535 5617 tanquam
585 5542 1001 5615 paenitentibus
1057 5541 1143 5594 vel
1176 5545 1452 5610 tanquam
1499 5537 1763 5594 ﬁdelibus
1804 5539 1964 5594 laicis

2093 498 2387 551 clericatus
2419 499 2660 567 gradum
2692 505 3153 569 promoveantur.

2094 604 2222 657 CAP.
2259 605 2479 660 LXXIII.
2513 635 2581 645 —
2628 608 2699 659 De
2745 607 2951 659 clericis
2985 609 3080 674 qui
3109 609 3380 676 corporali
3408 608 3602 662 delicto
3625 609 3806 663 delin-

2517 681 2690 743 quunt
2717 679 2768 729 si
2803 680 3110 730 restaurari
3131 682 3363 746 possint.

2163 784 2273 848 (Ea:
2303 785 2530 850 epistola
2558 785 2738 838 sancti
2766 783 2964 838 Isidori
3008 784 3082 837 ad
3111 786 3455 850 Massonem.)
3493 787 3666 840 Nulla
3719 794 3806 841 est

2092 867 2163 922 iu’
2209 871 2607 942 hujuscemodi
2638 872 2935 926 sententiis
2957 872 3313 928 decretorum
3370 875 3675 928 diversitas
3719 877 3804 928 in-

2091 959 2428 1028 telligenda,
2469 961 2620 1030 quod
2647 960 2785 1014 alibi
2813 961 3024 1031 legitur
3054 962 3109 1015 in
3143 963 3304 1032 lapsu
3365 964 3655 1034 corporali
3711 980 3802 1017 re-

2093 1048 2465 1102 staurandum
2545 1047 2780 1101 honoris
2867 1048 3112 1118 gradum
3180 1054 3313 1120 post
3365 1051 3798 1120 paenitentiam.

2093 1135 2392 1206 Alibipost
2422 1136 2752 1206 hujusmodi
2781 1136 3076 1202 delictum,
3116 1153 3481 1208 nequaquam
3513 1155 3802 1210 reparan-

2092 1225 2229 1278 dum
2264 1224 2470 1294 prioris
2499 1224 2718 1278 ordinis
2777 1226 3072 1288 meritum,
3125 1226 3244 1279 haec
3303 1227 3456 1280 enim
3491 1228 3798 1283 diversitas

2093 1313 2199 1366 hoc
2231 1313 2399 1368 modo
2433 1313 2827 1380 distinguitur.
2853 1315 2980 1368 Illos
3011 1315 3165 1368 enim
3211 1315 3281 1368 ad
3307 1317 3586 1386 pristinos
3620 1317 3795 1371 ofﬁcii

2093 1401 2302 1470 gradus
2353 1401 2541 1454 redire
2589 1402 2864 1472 praecepit
2937 1419 3142 1469 canon,
3216 1420 3362 1474 quos
3433 1405 3798 1474 poenitentia:

2092 1490 2450 1559 princessarit
2494 1489 2823 1550 satisfactio,
2875 1491 2961 1544 vel
3017 1491 3191 1558 digna
3243 1497 3609 1561 peccatorum
3660 1510 3795 1547 con-

2091 1576 2278 1630 fessio.
2313 1581 2383 1630 At
2412 1582 2606 1630 contra
2639 1577 2698 1630 hi
2719 1578 2817 1647 qui
2849 1594 3036 1649 neque
3065 1594 3096 1630 a
3127 1578 3262 1631 vitio
3315 1580 3568 1649 corporis
3595 1596 3798 1634 emen-

2015 1689 2055 1742 Β
2092 1665 2300 1717 dantur
2331 1682 2343 1718 :
2374 1666 2442 1718 ad
2469 1665 2576 1718 hoc
2608 1666 2795 1735 ipsum
2828 1667 3056 1720 carnale
3086 1667 3356 1720 delictum
3397 1668 3551 1737 quod
3586 1669 3799 1722 admit-

2096 1756 2243 1817 tunt,
2281 1752 2451 1805 etiam
2500 1753 2784 1806 vindicare
2832 1755 3078 1823 quadam
3136 1756 3540 1824 superstitiosa
3568 1759 3800 1810 temeri-

2093 1846 2206 1894 tate
2247 1841 2531 1909 nituntur,
2560 1858 2666 1896 nec
2695 1843 2937 1913 gradum
2971 1844 3171 1914 utique
3202 1845 3459 1910 honoris,
3516 1862 3623 1900 nec
3669 1863 3797 1916 gra-

2090 1929 2226 1984 tiam
2251 1931 2674 1985 communionis
2702 1931 3001 2000 recipiant.
3097 1921 3104 1926 ’

2091 2037 2216 2090 CAP.
2241 2037 2452 2092 LXXIV.
2479 2069 2546 2076 —
2572 2038 2652 2091 De
2665 2038 2748 2090 his
2762 2040 2858 2106 qui
2874 2039 3075 2092 altario
3093 2041 3190 2093 Dei
3200 2039 3531 2106 deserviunt,
3554 2043 3605 2094 si
3613 2041 3795 2095 subito

2402 2108 2580 2175 ﬂenda
2611 2113 2793 2163 carnis
2821 2111 3132 2176 fragilitate
3157 2114 3478 2166 corruerint.

2159 2215 2266 2285 (Ea:
2296 2217 2518 2270 concilio
2545 2215 2853 2278 Everdensi,
2886 2219 3064 2284 capite
3093 2216 3168 2286 5.)
3199 2217 3267 2270 Hi
3297 2217 3397 2287 qui
3443 2217 3649 2270 altario
3693 2218 3789 2272 Dei

2085 2303 2432 2369 deserviunt,
2469 2303 2515 2356 si
2545 2303 2734 2357 subito
2760 2302 2951 2357 ﬂenda
2975 2305 3162 2357 carnis
3200 2305 3507 2376 fragilitate
3559 2322 3792 2360 corrue-

2086 2391 2217 2457 rint,
2259 2397 2314 2444 et
2363 2391 2601 2445 Domino
2649 2391 2991 2461 respiciente
3038 2391 3211 2462 digne
3259 2395 3664 2463 paenituerint,
3713 2396 3790 2448 ita

2083 2487 2148 2536 ut
2188 2483 2535 2536 mortiﬁcato
2601 2498 2864 2552 corpore,
2923 2483 3110 2537 cordis
3153 2485 3384 2538 contriti
3436 2485 3789 2539 sacriﬁcium

2085 2572 2200 2624 Deo
2256 2571 2548 2630 offerrent.
2611 2576 2842 2624 maneat
2892 2571 2951 2624 in
2994 2577 3272 2642 potestate
3319 2575 3632 2643 pontificis,
3701 2575 3789 2627 vel

2081 2659 2356 2712 veraciter
2387 2659 2623 2713 afﬂictos
2643 2675 2759 2713 non
2799 2660 2898 2714 diu
2942 2661 3314 2730 suspendere,
3344 2663 3432 2716 vel
3465 2662 3789 2716 desidiosos

2081 2748 2391 2816 prolixiore
2419 2753 2701 2817 tempore,
2735 2749 2804 2802 ab
2841 2749 3100 2802 Ecclesiae
3155 2765 3391 2820 corpore
3424 2766 3734 2820 segregare
3767 2767 3781 2803 :

2080 2835 2157 2888 ita
2186 2839 2377 2890 tamen
2413 2841 2474 2887 ut
2503 2836 2582 2888 sic
2610 2835 2929 2889 ofﬁciorum
2963 2852 3198 2890 suorum
3220 2839 3342 2891 loca
3373 2839 3681 2909 recipiant,
3716 2854 3789 2891 ne

2007 2962 2047 3016 Ο
2085 2924 2307 2994 possint
2338 2924 2406 2978 ad
2455 2924 2654 2978 altiora
2712 2925 2899 2977 officia
2927 2926 3170 2979 ulterius
3217 2928 3543 2995 promoveri
3578 2943 3591 2980 :
3627 2928 3787 2998 quod

2085 3012 2131 3064 si
2162 3011 2361 3064 iterato
2392 3011 2548 3064 velut
2577 3027 2744 3066 canes
2788 3013 2856 3066 ad
2881 3013 3160 3066 vomitum
3217 3013 3426 3068 reversi
3458 3014 3697 3076 fuerint,
3727 3020 3787 3068 et

2083 3100 2237 3153 velut
2276 3116 2406 3153 sues
2427 3100 2487 3154 in
2525 3101 2836 3154 volutabris
2883 3101 3142 3155 immersi
3191 3102 3501 3170 jacuerint,
3532 3119 3654 3156 non
3698 3119 3785 3156 so-

2084 3188 2204 3242 lum
2239 3187 2518 3258 dignitate
2548 3188 2722 3242 ofﬁcii
2751 3195 3004 3253 careant,
3021 3189 3117 3244 sed
3142 3189 3313 3244 etiam
3345 3195 3601 3244 sanctam
3633 3206 3782 3244 com-

2083 3276 2419 3329 munionem
2453 3276 2685 3330 nonnisi
2710 3277 2770 3330 in
2809 3278 2966 3331 exitu
2998 3278 3332 3348 percipiant.

2083 3382 2210 3437 CAP.
2237 3383 2428 3438 LXXV.
2447 3411 2520 3423 —
2532 3382 2689 3448 Quod
2709 3398 2800 3436 con
2798 3384 2988 3452 jugali
2997 3386 3053 3436 in
3069 3383 3505 3453 Quadragesima
3514 3385 3784 3441 abstinere

2614 3454 2841 3508 debeant
2865 3455 2932 3508 ab
2963 3455 3244 3508 umoribus.

2153 3558 2262 3629 (Ea:
2291 3559 2511 3614 concilio
2548 3559 2874 3620 Elibertan.,
2901 3562 3066 3629 capit.
3104 3562 3180 3625 5.)
3213 3559 3322 3624 Qui
3351 3560 3409 3614 in
3451 3560 3778 3632 Quadrage-

2083 3647 2226 3701 sima
2258 3653 2388 3701 ante
2411 3648 2624 3701 Pascha
2654 3649 2987 3717 cognoverit
3013 3664 3248 3702 uxorem
3280 3665 3466 3715 suam,
3495 3654 3546 3702 el
3576 3651 3781 3704 nolue-

2079 3735 2155 3789 rit
2186 3735 2469 3789 abstinere
2497 3735 2566 3788 ab
2599 3751 2685 3804 ea,
2719 3751 2899 3789 unum
2933 3752 3149 3790 annum
3191 3738 3490 3806 pamiteat,
3522 3742 3619 3791 aut
3650 3755 3782 3809 pre-

2079 3825 2222 3877 tium
2251 3823 2516 3878 videlicet
2563 3823 2767 3894 viginti
2813 3827 3070 3896 quinque
3119 3825 3432 3879 solidorum
3493 3826 3560 3880 ad
3597 3828 3784 3881 Eccle-

2079 3913 2220 3966 siam
2253 3913 2488 3977 tribuat,
2530 3918 2628 3965 aut
2648 3914 3000 3983 pauperibus
3059 3913 3292 3968 dividat.
3337 3913 3394 3968 Si
3447 3931 3552 3984 per
3601 3916 3788 3970 ebrieo

2077 4005 2254 4056 tatem
2304 4007 2359 4055 et
2437 4002 2557 4054 sine
2609 4003 3022 4056 consuetudine
3065 4003 3350 4069 acciderit,
3403 4003 3788 4074 quadraginta

2078 4089 2197 4143 dies
2218 4089 2506 4160 pmniteat.

2078 4193 2205 4249 CAP.
2236 4194 2449 4248 LXXVI.
2477 4224 2545 4233 —
2568 4197 2642 4249 De
2661 4195 2773 4249 illis
2804 4197 2900 4263 qui
2915 4198 2972 4249 in
2985 4196 3426 4265 Quadragesimee
3458 4197 3649 4254 diebus
3663 4216 3786 4254 car-

2500 4282 2618 4319 nem
2638 4267 2968 4320 manducare
2988 4273 3342 4337 praesumunt.

2145 4371 2256 4443 (Ea:
2275 4373 2496 4426 concilio
2561 4373 2824 4444 Toletan.)
2869 4373 3206 4445 Quicunque
3263 4375 3324 4429 in
3388 4375 3778 4446 Quadragesi-

2075 4477 2180 4514 mae
2210 4460 2410 4514 diebus
2455 4477 2616 4515 esum
2675 4462 2933 4516 carnium
2993 4465 3426 4534 prmsumpserit
3470 4469 3772 4528 attentare,

2073 4565 2186 4602 non
2217 4549 2406 4602 solum
2428 4565 2558 4602 reus
2589 4551 2696 4603 erit
2727 4550 3161 4604 resurrectionis
3210 4552 3542 4619 Dominice,
3570 4569 3770 4608 verum

2073 4637 2244 4690 etiam
2273 4637 2494 4692 alienus
2521 4639 2591 4691 ab
2648 4639 2905 4708 ejusdem
2937 4639 3052 4693 diei
3105 4646 3297 4693 sancta
3335 4642 3767 4695 communione.

2074 4725 2139 4778 Et
2169 4725 2275 4778 hoc
2301 4726 2383 4780 illi
2429 4728 2755 4781 cumuletur
2782 4728 2854 4782 ad
2904 4744 3155 4799 pcenam,
3205 4735 3268 4782 ut
3309 4729 3369 4782 in
3399 4730 3583 4799 ipsius
3637 4730 3772 4784 anni

2072 4811 2282 4866 circulo
2307 4814 2376 4867 ab
2407 4814 2565 4868 omni
2608 4831 2706 4869 esu
2758 4816 3020 4869 carnium
3077 4817 3396 4870 abstineat:
3430 4817 3567 4887 quia
3597 4818 3772 4872 sacris

2073 4901 2274 4956 diebus
2295 4902 2655 4957 abstinentia:
2694 4903 2906 4958 oblitus
2926 4909 3010 4958 est
3041 4904 3420 4975 disciplinam.

2073 5008 2200 5063 CAP.
2234 5008 2477 5063 LXXVII.
2499 5039 2569 5049 -—
2588 5011 2669 5064 De
2693 5012 2873 5078 fratre
2890 5027 2996 5065 non
3020 5015 3269 5080 peccante
3285 5011 3361 5065 ad
3375 5016 3613 5072 mortem.
3639 5013 3779 5066 atad

2803 5088 3046 5136 mortem.

2143 5187 2252 5257 (Em
2275 5189 2432 5256 epist.
2461 5188 2701 5242 Joannis
2740 5189 3020 5257 Evangel.)
3048 5189 3155 5253 Qui
3186 5190 3291 5244 scit
3338 5189 3570 5244 fratrem
3604 5205 3779 5245 suum

2071 5290 2304 5345 peccare
2327 5291 2441 5329 non
2472 5276 2540 5330 ad
2579 5281 2848 5343 mortem,
2891 5279 3140 5348 postulet
3193 5295 3297 5348 pro
3349 5295 3438 5344 eo,
3500 5283 3560 5332 et
3616 5279 3784 5334 dabit

2071 5363 2124 5415 ei
2155 5363 2328 5417 vitam
2362 5364 2527 5417 Deus.
2561 5363 2618 5418 Si
2652 5365 2778 5436 quis
2801 5382 2980 5437 usque
3003 5365 3074 5420 ad
3104 5371 3368 5430 mortem,
3403 5371 3618 5436 peccat,
3640 5367 3783 5438 quia

2071 5453 2156 5504 est
2182 5455 2479 5521 peccatum
2536 5469 2718 5524 usque
2763 5454 2830 5508 ad
2899 5459 3144 5509 mortem
3183 5469 3298 5509 non
3350 5471 3454 5525 pro
3493 5454 3592 5508 illo
3625 5454 3778 5519 dico,

2072 5545 2138 5593 ut
2170 5543 2332 5609 roget
2352 5539 2498 5611 quis.
