4014 6200
204 276 338 327 1001

1046 268 1517 324 DECRETORUM
1560 267 1745 322 LIBRI
1784 268 1889 321 XX;
1932 298 1974 306 -—
2040 268 2248 339 LIBER
2288 268 2589 323 DECIMUS
2624 267 2874 323 NONUS.

3570 274 3706 325 1002

199 401 332 453 Car.
369 398 635 451 LXXVIII.
661 426 727 436 ——
755 393 910 460 Quod
925 394 1155 461 difﬁcile
1173 396 1246 447 sit
1269 395 1511 461 graviter
1527 394 1775 461 peccanti
1795 391 1893 445 sub
1924 398 1970 450 Α
2008 390 2231 462 reliquo
2256 390 2507 444 maxima
2525 390 2911 447 sollicitudine
2936 392 3394 463 praecavendum,
3417 410 3531 448 non
3549 394 3703 449 enim

687 465 866 534 gradu
888 480 1101 518 manere
1125 467 1181 518 in
1210 465 1409 532 gradu.

279 558 389 621 (Ea:
414 554 577 608 dictis
610 554 890 623 Hierony.)
924 552 1261 622 Quicunque
1305 551 1645 620 dignitatem
1692 549 1903 621 gradus

196 644 384 700 divini
418 661 528 697 non
579 642 930 707 custodiunt,
964 641 1215 695 contenti
1260 640 1401 694 ﬁant
1439 640 1687 693 animam
1723 640 1904 693 salva-

199 751 266 788 re
297 751 310 788 :
346 732 557 788 reverti
579 732 733 786 enim
762 732 823 785 in
854 748 986 785 eum
1026 730 1268 801 gradum
1304 730 1363 783 in
1403 746 1516 800 quo
1566 733 1730 783 antea
1779 728 1901 782 fue-

198 828 357 887 rant,
393 821 618 877 difﬁcile
644 826 747 874 est.

622 909 748 965 CAP.
787 909 1001 963 LXXIX.
1025 937 1097 948 —
1127 911 1198 962 De
1215 906 1399 961 eadem
1431 921 1509 961 re.

276 999 392 1069 (Ea:
422 997 585 1051 dictis
631 999 827 1051 Basilii
864 996 1125 1065 episcop.)
1156 995 1261 1059 Qui
1318 995 1422 1048 sub
1451 993 1628 1064 gradu
1683 996 1900 1063 peccat,

199 1087 376 1141 debet
406 1085 910 1150 excommunicari,
940 1086 1077 1155 quia
1122 1100 1331 1154 magna
1356 1088 1440 1136 est
1484 1082 1733 1152 dignitas
1790 1082 1902 1135 hu-

193 1172 296 1242 jus
336 1170 586 1225 nominis
620 1186 633 1223 :
666 1175 861 1222 tamen
891 1174 1079 1239 potest
1108 1168 1389 1221 redimere
1438 1167 1690 1220 animam
1741 1180 1904 1219 suam

200 1265 335 1330 post
364 1257 788 1330 paenitentiam,
822 1258 889 1311 ad
920 1257 1170 1327 priorem
1225 1255 1377 1310 enim
1409 1255 1652 1326 gradum
1706 1253 1903 1308 venire

202 1348 443 1403 difﬁcile
467 1352 570 1402 est.

597 1435 724 1490 CAP.
756 1434 943 1487 LXXX.
979 1465 1044 1472 ——
1078 1436 1149 1486 De
1177 1432 1363 1487 eadem
1386 1448 1465 1485 re.

280 1526 388 1591 Qui
423 1525 527 1579 sub
554 1525 731 1595 gradu
777 1524 999 1590 cecidit,
1054 1528 1183 1594 post
1228 1521 1627 1593 panitentiam
1666 1523 1904 1573 conten-

208 1621 303 1669 tus
334 1616 433 1669 ﬁat
482 1614 794 1684 baptizare,
850 1612 1319 1667 communionem
1365 1610 1609 1664 inﬁrmis
1658 1608 1816 1677 dare,
1846 1610 1904 1660 et

203 1705 416 1759 altario
452 1702 851 1758 tantummodo
882 1702 1226 1755 ministrare.

604 1810 733 1864 CAP.
768 1808 984 1862 LXXXI.
1020 1837 1087 1846 —
1117 1811 1190 1862 De
1220 1806 1403 1860 eadem
1432 1822 1508 1860 re.

280 1920 385 1985 (Ea:
420 1918 583 1971 dictis
611 1917 666 1971 S.
702 1913 918 1983 Isidor.)
974 1914 1224 1967 Isidorus
1274 1913 1332 1965 in
1362 1911 1661 1979 evangelio
1696 1907 1904 1978 Ephesi

198 2005 602 2076 prapositum,
637 2004 694 2056 id
722 2008 824 2066 est,
859 2002 1206 2054 sacerdotem
1236 2001 1488 2053 ostendit
1520 2001 1683 2067 juxta
1726 1996 1903 2049 Mala-

196 2096 397 2149 chiam
431 2094 531 2165 qui
560 2093 695 2146 dicit
730 2108 742 2145 :
792 2091 962 2145 Labia
992 2089 1299 2143 sacerdotis
1348 2086 1675 2140 custodiunt
1722 2084 1901 2137 scien-

190 2184 370 2251 tiam,
405 2188 460 2236 et
486 2180 673 2250 legem
705 2179 1008 2248 exquirant
1037 2192 1104 2230 ex
1140 2193 1236 2230 ore
1268 2176 1393 2246 ejus
1426 2191 1438 2229 :
1482 2174 1616 2245 quia
1662 2173 1900 2242 angelus

192 2271 440 2326 Domini
478 2269 827 2324 exercituum
873 2271 976 2320 est.
1040 2266 1460 2320 Candelabrum
1515 2263 1668 2316 enim
1713 2260 1904 2331 angeli

192 2358 467 2413 doctrina
523 2356 852 2420 sacerdotis,
930 2355 1017 2407 vel
1086 2355 1271 2406 honor
1351 2351 1668 2421 potestatis,
1728 2365 1899 2419 quam

199 2448 394 2517 gestat
449 2444 809 2514 intelligitur.
869 2441 1285 2496 Candelabrum
1313 2455 1465 2493 enim
1522 2437 1829 2491 sacerdotis
1882 2453 1895 2490 :

201 2535 347 2606 quia
376 2532 717 2587 charismata
749 2531 1151 2599 intelliguntur
1192 2529 1450 2593 honoris,
1507 2534 1644 2581 tunc
1674 2526 1903 2597 penitus

195 2626 369 2694 juxta
388 2623 665 2676 Joannem
698 2624 975 2683 movetur,
998 2617 1229 2688 quando
1253 2622 1381 2687 post
1402 2616 1627 2679 delicta,
1644 2615 1903 2684 neglecta

203 2710 562 2783 poenitentia,
598 2709 845 2762 admissa
872 2707 1085 2760 scelera
1112 2722 1227 2759 non
1254 2704 1557 2759 deﬂentur.
1592 2704 1718 2757 Non
1746 2701 1901 2756 enim

198 2802 363 2867 dicit,
408 2800 543 2870 quia
600 2797 855 2851 cecidisti
918 2796 1161 2849 movebo
1235 2793 1645 2847 candelabrum
1711 2797 1898 2857 tuum,

203 2891 307 2944 sed
356 2889 463 2942 nisi
511 2886 908 2958 panitentiam
957 2884 1163 2954 egeris,
1213 2882 1452 2936 movebo
1496 2880 1899 2936 candelabrum

200 2984 391 3033 tuum.

203 3085 337 3139 CAP.
371 3082 608 3137 LXXXII.
635 3109 701 3120 —
726 3079 881 3144 Quod
897 3082 1021 3147 post
1040 3082 1239 3145 septem
1266 3090 1434 3130 annos
1446 3078 1789 3145 pauitantem
1818 3089 1906 3127 sa-

277 3154 542 3209 cerdotem
572 3166 799 3205 censura
853 3165 1116 3204 canonum
1155 3151 1212 3202 in
1252 3150 1554 3217 pristinum
1585 3153 1787 3200 statum
1817 3162 1902 3199 ie-

272 3241 453 3279 meare
480 3225 785 3293 praecipiat.

276 3315 429 3381 (Item
454 3312 639 3381 idem.)
680 3310 973 3365 Canonum
1007 3322 1246 3363 censura
1304 3310 1431 3378 post
1464 3310 1681 3376 septem
1723 3320 1904 3358 annos

202 3419 461 3458 remeare
488 3401 858 3472 pauitantem
888 3399 1238 3453 sacerdotem
1279 3396 1340 3450 in
1364 3400 1572 3449 statum
1597 3394 1904 3465 pristinum

202 3491 495 3564 praecepit,
530 3507 647 3544 non
678 3488 997 3557 explatione
1042 3485 1263 3557 proprii
1289 3484 1528 3550 arbitrii,
1562 3483 1659 3536 sed
1717 3481 1905 3551 potius

203 3598 269 3635 ex
289 3579 569 3635 sententia
602 3578 782 3633 divini
806 3575 1030 3648 judicii.
1084 3575 1226 3629 Nam
1276 3573 1505 3643 legitur,
1555 3570 1691 3641 quia
1732 3568 1906 3623 Maria

204 3686 372 3724 soror
402 3673 588 3725 Aaron
620 3666 1000 3739 prophetissa,
1031 3664 1171 3717 dum
1229 3658 1656 3715 obtrectationis
1704 3658 1902 3711 adver-

203 3776 301 3813 sus
331 3760 538 3813 Mosam
568 3756 901 3811 incurrisset
930 3754 1221 3817 delictum,
1254 3751 1407 3803 illico
1433 3749 1698 3818 stigmate
1729 3747 1903 3816 lepra

202 3864 475 3919 percussa
504 3852 607 3900 est.
659 3845 965 3914 Quumque
995 3841 1229 3912 petisset
1270 3840 1460 3893 Mosen
1516 3842 1581 3890 ut
1625 3834 1901 3888 emunda-

202 3943 383 4002 retur,
409 3935 684 4006 pracepit
712 3950 837 3987 eam
867 3935 1029 3985 extra
1060 3935 1245 3984 castra
1291 3926 1487 3997 egredi
1539 3929 1758 3994 septem
1788 3922 1904 3977 die-

201 4027 331 4091 bus,
364 4030 421 4079 et
482 4028 608 4096 post
637 4020 1109 4076 emundationem
1155 4033 1352 4071 rursus
1411 4030 1535 4068 eam
1587 4014 1783 4066 castris
1811 4027 1901 4065 re-

200 4114 365 4168 verti.
404 4113 577 4168 Maria
620 4127 759 4181 ergo
800 4125 965 4163 soror
1009 4112 1200 4161 Aaron
1249 4121 1379 4159 caro
1432 4102 1776 4173 intelligitur
1819 4117 1903 4154 sa-

200 4201 465 4257 cerdotis.
518 4199 655 4263 Qua
716 4197 854 4251 dum
908 4196 1192 4266 superbia
1250 4193 1441 4247 dedita
1493 4189 1898 4245 sordidissimis

197 4288 638 4359 corruptionum
690 4286 1013 4339 maculatur
1086 4282 1375 4336 erroribus
1434 4285 1692 4335 moretur
1741 4282 1901 4331 extra

197 4383 384 4433 castra
446 4382 666 4446 septem
724 4375 944 4439 diebus,
1009 4372 1066 4425 id
1115 4377 1225 4436 eat,
1269 4388 1299 4423 a
1349 4369 1589 4439 collegio
1639 4366 1898 4422 Ecclesia

197 4472 413 4521 sancta
443 4470 660 4535 septem
697 4463 859 4516 annis
890 4460 1245 4531 projiciatur,
1281 4458 1490 4529 quibus
1530 4461 1661 4527 post
1703 4470 1897 4509 emen-

195 4555 491 4610 dationem
521 4553 812 4618 vitiorum,
846 4549 959 4603 loci
992 4549 1107 4603 sive
1130 4548 1389 4618 pristina
1422 4543 1717 4616 dignitatis
1755 4541 1900 4597 reci-

197 4645 324 4715 piat
350 4642 643 4697 meritum.

198 4752 333 4807 CAP.
354 4749 618 4805 LXXXIII.
641 4775 710 4787 —-
727 4749 801 4801 De
814 4745 1007 4815 populi
1018 4744 1315 4868 qecessario
1327 4740 1471 4811 quod
1483 4740 1714 4794 inultum
1735 4738 1901 4792 soleat

914 4831 1027 4868 ora
1053 4830 1206 4867 erire.

911 4830 1206 4884 pratmre.

274 4912 396 4980 (Em
425 4909 571 4962 decr.
624 4906 929 4961 Innocentii
969 4918 1128 4972 papa
1170 4900 1435 4970 episcopis
1474 4899 1540 4952 de
1585 4896 1902 4953 Macedonia

196 5002 441 5065 missis.)
478 4996 795 5050 Pravideat
818 5009 954 5063 ergo
983 4991 1210 5045 dilectio
1243 4995 1431 5042 vestra
1460 4988 1735 5041 hactenus
1765 4984 1902 5039 talia

195 5089 489 5149 transisse,
525 5091 580 5139 et
610 5084 884 5139 advertite
915 5081 1071 5152 quod
1103 5080 1302 5149 utique
1335 5083 1398 5131 ut
1430 5076 1615 5131 dicitis
1663 5073 1903 5129 necessi-

196 5185 289 5232 tas
331 5176 657 5246 imperavit,
708 5173 769 5225 in
810 5187 948 5242 pace
1030 5169 1201 5222 etiam
1254 5166 1524 5221 Ecclesias
1570 5164 1903 5218 constitutas

196 5282 321 5321 non
351 5281 516 5336 posse
552 5276 924 5333 prasumere,
960 5260 1056 5311 sed
1085 5263 1150 5310 ut
1183 5271 1332 5325 sape
1364 5253 1591 5320 accidit,
1622 5251 1848 5322 quoties
1870 5269 1903 5305 a

198 5352 453 5424 populis,
486 5356 586 5403 aut
613 5368 644 5402 a
674 5348 841 5401 turba
871 5350 1156 5417 peccatur,
1181 5344 1318 5413 quia
1346 5342 1402 5394 in
1438 5356 1637 5394 omnes
1666 5343 1904 5409 propter

197 5439 632 5495 multitudinem
681 5452 797 5490 non
864 5438 1052 5505 potest
1096 5431 1377 5485 vindicari
1422 5430 1673 5483 inultum
1722 5428 1903 5480 solere

198 5529 468 5585 transire.
500 5527 695 5581 Priora
724 5540 862 5595 ergo
893 5521 1232 5578 dimittenda
1262 5519 1386 5573 dico
1419 5518 1520 5572 Dei
1544 5515 1786 5588 judicio,
1834 5516 1902 5570 de

564 5631 843 5699 PATROL.
897 5629 1067 5695 CXL.

2016 480 2127 545 hic,
2177 485 2243 531 ut
2280 479 2421 531 mihi
2471 478 2718 548 videtur,
2774 481 2879 534 iste
2927 482 3126 535 doctor
3179 482 3520 551 apostolicus
3569 482 3706 537 dicit

2018 584 2132 621 non
2164 568 2541 621 necessariam
2601 584 2721 621 esse
2774 570 2986 640 populo
3030 586 3135 639 pro
3181 569 3330 623 male
3386 571 3706 623 commissis

2014 673 2183 727 agere
2215 657 2632 727 paenitentiam,
2664 658 2760 712 sed
2792 658 2924 728 quia
2958 658 3016 712 in
3049 674 3251 712 omnes
3292 664 3526 729 propter
3557 662 3704 713 mul-

2014 741 2323 795 titudinem
2366 758 2483 795 non
2531 747 2723 811 potest
2767 742 3065 807 vindicari,
3115 743 3308 813 priora
3362 743 3706 798 dimittenda

2017 830 2115 884 Dei
2146 830 2387 899 judicio,
2420 830 2743 902 dereliquo
2789 832 3038 885 maxima
3074 831 3454 887 sollicitudine
3484 848 3705 903 praca-

2013 919 2283 985 vendum,
2315 935 2387 973 ne
2421 918 2577 973 ﬁant.

2015 1028 2144 1082 CAP.
2181 1027 2442 1082 LXXXIV.
2468 1057 2536 1065 —
2557 1030 2626 1081 De
2646 1029 2757 1081 illis
2780 1029 2875 1097 qui
2894 1028 3147 1093 scabiem,
3173 1032 3269 1081 aut
3286 1030 3601 1084 vermiculos
3622 1046 3705 1085 co-

2448 1098 2687 1165 medunt,
2717 1101 2799 1152 vel
2821 1101 3037 1152 urinam
3069 1100 3275 1152 bibunt.

2086 1189 2194 1251 (Ea:
2222 1186 2587 1240 Panitentiali
2618 1185 2816 1252 Beda.)
2846 1185 2954 1250 Qui
2990 1185 3239 1239 comedit
3286 1186 3554 1253 scabiem,
3606 1194 3705 1242 aut

2013 1275 2374 1342 vermiculos,
2405 1275 2503 1345 qui
2533 1274 2784 1345 pediculi
2817 1275 3107 1340 dicuntur,
3137 1276 3223 1328 vel
3279 1275 3506 1328 urinam
3540 1275 3702 1341 bibit,

2013 1364 2132 1418 sive
2162 1368 2413 1417 stercora
2443 1364 2695 1417 comedit
2726 1380 2741 1416 :
2774 1363 2822 1417 si
2850 1363 3099 1417 infantes
3129 1363 3244 1417 sint
3270 1364 3356 1417 vel
3387 1364 3579 1434 pueri,
3610 1380 3706 1417 va-

2014 1453 2251 1521 pulent;
2284 1451 2331 1504 si
2362 1452 2420 1504 in
2455 1452 2604 1505 virili
2656 1457 2846 1517 atate,
2874 1451 3077 1521 viginti
3108 1452 3228 1506 dies
3258 1452 3576 1521 paniteant
3604 1470 3617 1506 :
3652 1458 3707 1506 et

2014 1540 2242 1610 utrique
2274 1555 2403 1592 cum
2431 1539 2795 1609 impositione
2822 1556 3023 1593 manus
3053 1540 3306 1610 episcopi
3338 1545 3629 1594 sanentur.

2015 1647 2141 1701 CAP.
2167 1646 2393 1699 LXXXV.
2428 1675 2496 1685 —
2516 1648 2589 1699 De
2607 1646 2718 1699 illis
2740 1648 2836 1715 qui
2853 1648 3163 1700 animaliaa
3186 1646 3369 1700 bestiis
3382 1646 3705 1715 dilacerata,

2351 1718 2433 1771 uel
2457 1718 2664 1786 laqueis
2693 1718 3041 1785 strangulata
3074 1718 3374 1771 comedunt.

2086 1807 2194 1871 (Ea:
2220 1806 2582 1860 Plenitentiali
2634 1806 2931 1874 Theodori.)
2990 1805 3279 1859 Animalia
3308 1821 3437 1875 qua
3469 1821 3503 1859 a
3534 1806 3703 1875 lupis,

2017 1910 2112 1947 seu
2147 1894 2384 1948 canibus
2433 1896 2777 1960 lacerantur,
2823 1908 2943 1947 non
2991 1898 3124 1947 sunt
3170 1893 3545 1961 comedenda,
3606 1910 3707 1947 nec

2013 1996 2232 2046 cenvus,
2276 1996 2381 2034 nec
2424 1996 2679 2050 capreus,
2741 1980 2787 2033 si
2821 1978 3036 2033 mortui
3061 1979 3279 2034 inventi
3326 1979 3558 2048 fuerint,
3595 1980 3705 2034 nisi

2012 2069 2158 2122 forte
2190 2069 2259 2122 ab
2316 2068 2551 2122 homine
2600 2067 2785 2122 adhuc
2827 2067 2954 2120 viva
3002 2068 3333 2121 occidantur
3384 2068 3563 2138 prius,
3609 2068 3709 2121 sed

2012 2157 2200 2227 porcis
2231 2161 2286 2210 et
2315 2156 2552 2210 canibus
2596 2156 2823 2210 dentur.
2874 2158 3019 2209 Aves
3067 2172 3200 2209 vero
3238 2161 3294 2209 et
3342 2164 3546 2211 catera
3583 2157 3707 2210 ani-

2012 2246 2205 2313 malia,
2234 2245 2281 2298 si
2319 2245 2381 2299 in
2425 2244 2642 2298 retibus
2696 2245 3149 2315 strangulantur,
3199 2260 3312 2299 non
3362 2251 3496 2299 sunt
3526 2261 3709 2299 come-

2011 2335 2197 2389 denda
2229 2351 2242 2387 :
2278 2350 2381 2387 nec
2411 2333 2459 2387 si
2511 2333 2778 2403 accipiter
2810 2333 3178 2404 oppresserit,
3212 2340 3269 2387 et
3298 2334 3342 2386 si
3375 2334 3452 2387 sic
3483 2340 3709 2388 mortua

2012 2423 2390 2476 inveniuntur
2417 2439 2430 2476 :
2464 2421 2596 2492 quia
2629 2422 2687 2474 in
2715 2422 2948 2476 Actibus
2969 2424 3355 2492 apostolorum
3379 2422 3709 2493 pracipitur

2013 2511 2298 2566 abstinere
2347 2528 2377 2563 a
2426 2510 2823 2579 fornicatione,
2878 2528 2908 2563 a
2961 2511 3258 2581 sanguine,
3311 2516 3368 2564 et
3410 2511 3705 2579 suﬁ‘ocato,

2010 2613 2065 2654 et
2094 2599 2436 2654 idololatria.

2082 2706 2211 2761 CAP.
2244 2705 2498 2760 LXXXVI.
2531 2735 2599 2743 ——
2629 2708 2704 2759 De
2723 2705 2942 2773 apibus,
2966 2708 3017 2759 si
3035 2705 3323 2760 occiderint
3349 2707 3632 2760 hominem.

2082 2812 2190 2880 (Ea:
2219 2811 2443 2879 eodem.)
2477 2814 2625 2880 Apes
2652 2810 2700 2863 si
2730 2811 2994 2865 occidunt
3022 2810 3337 2877 hominem,
3395 2811 3534 2881 ipsa
3559 2826 3708 2881 quo-

2011 2916 2123 2971 que
2153 2899 2331 2954 occidi
2357 2900 2717 2967 festinentur,
2747 2901 2858 2953 mel
2884 2905 3078 2954 tamen
3096 2900 3491 2955 manducetur.

2015 3007 2142 3061 CAP.
2166 3006 2445 3060 LXXXVII.
2470 3034 2538 3044 —
2560 3009 2633 3060 De
2651 3008 2828 3075 porcis
2853 3011 2903 3060 et
2923 3007 3167 3074 gallinis,
3191 3009 3241 3060 si
3265 3010 3582 3074 sanguinem
3607 3006 3709 3061 ho-

2596 3079 2759 3132 minis
2780 3077 3126 3131 comederint.

2085 3181 2194 3241 (Em
2222 3179 2449 3250 eodem.)
2496 3180 2551 3236 Si
2584 3181 2744 3251 porci
2774 3181 2860 3235 vel
2889 3180 3118 3251 gallina
3149 3182 3491 3253 sanguinem
3523 3184 3709 3238 homi-

1939 3284 1944 3291 '
2012 3269 2103 3324 nis
2132 3272 2460 3336 comedunt,
2492 3286 2623 3323 mox
2657 3268 3008 3336 occidantur,
3046 3274 3103 3323 et
3140 3270 3372 3325 intralia
3402 3273 3707 3342 projician-

2013 3364 2128 3425 tur,
2162 3364 2217 3413 et
2244 3364 2446 3413 catera
2476 3374 2609 3412 caro
2660 3358 3056 3412 manducetur.
3096 3357 3155 3413 Si
3202 3364 3391 3413 autem
3449 3361 3710 3415 tardatur

2014 3448 2241 3515 occisio,
2272 3464 2390 3502 non
2419 3447 2811 3501 manducetur.
2850 3447 2907 3502 Si
2958 3452 3149 3500 autem
3183 3448 3457 3502 cadavera
3490 3450 3707 3503 lacera-

2012 3539 2196 3589 verint
2224 3541 2604 3603 mortuorum,
2639 3540 3022 3601 macerentur,
3075 3541 3131 3589 et
3173 3541 3306 3605 post
3342 3536 3479 3589 anni
3525 3537 3709 3591 circu-

2011 3624 2131 3677 lum
2171 3624 2566 3677 comedantur.
2618 3622 2676 3677 Si
2722 3632 2914 3677 autem
2956 3622 3114 3692 porci
3163 3623 3477 3678 occiderint
3520 3625 3708 3679 homi-

2012 3726 2167 3777 nem,
2203 3710 2394 3765 statim
2424 3710 2847 3764 interﬁciantur
2867 3717 2923 3764 et
2953 3710 3323 3780 sepeliantur.

2013 3816 2143 3871 CAP.
2179 3817 2488 3873 LXXXVIII.
2522 3845 2592 3858 —
2625 3817 2705 3871 De
2725 3818 2833 3870 illis
2854 3819 2974 3886 iqui
3005 3831 3218 3871 carnem
3250 3818 3605 3886 immundam,
3628 3821 3710 3874 vel

2542 3890 2889 3942 morticinam
2913 3888 3214 3942 comedunt.

2085 3996 2192 4057 (Ea:
2219 3994 2443 4064 eodem.)
2476 3994 2583 4059 Qui
2606 3994 2916 4048 manducet
2934 4009 3164 4048 carnem
3193 3994 3576 4058 immundam,
3610 4002 3710 4052 aut

2013 4083 2399 4152 morticinam,
2432 4088 2529 4137 aut
2558 4082 2926 4137 dilaceratam
2959 4100 2990 4136 a
3031 4083 3250 4149 bestiis,
3296 4085 3381 4161 XL
3432 4085 3553 4140 dies
3584 4102 3705 4156 pa-

2010 4171 2237 4226 niteat:
2295 4171 2343 4224 si
2395 4170 2550 4225 enim
2594 4170 2927 4225 necessitate
2979 4171 3145 4225 famis
3170 4172 3470 4243 contingit,
3523 4176 3705 4229 multo

2010 4260 2189 4313 levius
2220 4264 2322 4313 est.
2842 4268 2859 4277 ‘

2009 4367 2137 4419 CAP.
2157 4366 2413 4421 LXXXIX.
2428 4369 2584 4420 —De
2594 4367 2705 4420 illis
2727 4368 2824 4434 qui
2842 4367 3017 4420 cibum
3028 4366 3311 4420 immunda
3321 4383 3486 4422 manu
3505 4373 3706 4425 tactum

2078 4437 2422 4502 comederint,
2470 4439 2555 4491 vel
2607 4440 2657 4491 si
2702 4440 2875 4505 canis,
2930 4443 3024 4491 aut
3072 4438 3299 4507 aliquod
3344 4442 3554 4496 animal
3606 4444 3707 4495 im-

2078 4508 2339 4562 mundum
2368 4508 2544 4562 cibum
2571 4510 2823 4576 tetigerit.

2080 4614 2189 4680 (Ea:
2238 4612 2461 4683 eodem.)
2509 4614 2669 4678 Quod
2714 4614 2761 4667 si
2811 4630 2942 4667 casu
2997 4614 3125 4684 quis
3180 4614 3483 4670 immunda
3528 4633 3702 4673 manu

2008 4702 2201 4756 cibum
2254 4701 2459 4772 tangit,
2509 4702 2597 4754 vel
2650 4700 2695 4753 si
2747 4701 2923 4768 canis,
2974 4702 3061 4754 vel
3127 4701 3300 4771 pilax,
3344 4708 3443 4757 aut
3500 4710 3703 4773 cattus,

2010 4806 2224 4854 musve,
2268 4794 2365 4843 aut
2388 4789 2600 4843 animal
2640 4788 3029 4853 immundum,
3066 4788 3405 4858 sanguinem
3452 4791 3705 4846 hominis

2010 4879 2146 4946 edit,
2179 4894 2297 4932 non
2327 4881 2516 4941 nocet,
2549 4882 2605 4930 et
2626 4876 2726 4946 qui
2755 4892 2860 4946 pro
2892 4876 3228 4930 necessitate
3270 4876 3437 4930 famis
3467 4880 3705 4935 mandu-

2009 4972 2099 5021 cat
2124 4967 2338 5020 animal
2372 4965 2524 5036 quod
2570 4964 2936 5018 immundum
2985 4964 3235 5032 videtur,
3280 4966 3369 5019 vel
3400 4982 3581 5033 avem,
3618 4970 3703 5024 vel

2008 5056 2272 5122 bestiam,
2296 5053 2739 5107 misericorditer
2758 5054 3051 5124 paeniteat.

2011 5162 2137 5218 CAP.
2170 5160 2273 5216 XC.
2318 5189 2384 5201 —
2417 5161 2498 5214 De
2526 5161 2637 5214 illis
2668 5162 2765 5227 qui
2792 5162 3056 5227 sanguine
3084 5160 3166 5213 vel
3195 5159 3403 5228 aliquo,
3428 5164 3705 5221 immundo

2686 5232 3028 5299 polluuntur.

2084 5340 2192 5407 (Ea:
2219 5336 2440 5406 eodem.)
2470 5336 2577 5401 Qui
2597 5335 2896 5406 sanguine,
2930 5337 3013 5389 vel
3034 5353 3380 5410 quocunque
3402 5340 3705 5398 immundo

2013 5426 2309 5497 polluitur,
2348 5424 2395 5477 si
2426 5424 2604 5479 nescit
2633 5426 2733 5494 qui
2764 5424 3093 5489 manducat,
3124 5426 3243 5479 leve
3270 5433 3355 5482 est
3387 5445 3400 5482 :
3434 5430 3481 5483 si
3515 5436 3705 5486 autem

2014 5515 2135 5580 scit,
2168 5514 2443 5584 paeniteat
2466 5512 2631 5583 juxta
2658 5512 2896 5565 modum
2925 5512 3276 5583 pollutionis.

3315 5627 3397 5687 32
