4014 6200
355 338 374 390 1
385 336 486 389 003

1131 530 1267 583 rint.

423 619 529 690 (Ea:
573 615 798 686 eodem.)
861 615 966 680 Qui
1022 616 1379 686 sanguinem,
1429 619 1528 668 aut
1578 632 1772 670 semen
1810 616 2041 684 biberit,

353 707 534 761 sciens
563 723 666 776 pro
699 706 890 775 aliqua
921 722 1002 770 re,
1034 710 1148 758 tres
1175 721 1356 758 annos
1395 705 1685 774 paeniteat.

389 795 516 850 CAP.
551 796 708 848 XCII.
746 825 812 832 —
851 797 922 848 De
939 793 1180 862 piscibus
1201 795 1428 846 mortuis
1449 795 1742 860 iii/lumine
1762 795 2015 848 inventis.

427 885 536 953 (Ea:
575 883 796 952 eodem.)
845 883 1013 936 Piscis
1079 887 1341 934 mortuus
1390 881 1449 934 in
1497 882 1734 935 flumine
1780 881 2047 935 iuventus

357 989 474 1025 non
499 976 584 1025 est
633 971 886 1023 edendus
923 987 934 1022 :
1000 969 1142 1040 quia
1188 986 1302 1022 non
1347 974 1430 1022 est
1471 971 1700 1023 venatio
1746 969 2042 1023 hominis:

357 1062 401 1113 si
429 1077 560 1113 vero
592 1060 861 1128 piscando
912 1064 1092 1112 tactus
1142 1057 1334 1125 fuerit,
1385 1063 1441 1111 et
1489 1059 1612 1128 ipso
1662 1058 1751 1111 die
1784 1057 2049 1111 inventus

354 1149 546 1215 fuerit,
581 1149 680 1219 qui
723 1165 836 1201 non
891 1148 1132 1214 haesitat,
1167 1148 1489 1213 manducet,
1536 1147 1635 1217 qui
1667 1152 1856 1200 autem
1890 1146 2052 1201 dubi-

354 1243 455 1304 tat,
492 1253 609 1290 non
649 1237 973 1290 manducet.

401 1349 528 1402 CAP.
559 1346 747 1400 XCIII.
791 1376 860 1384 ——
899 1348 968 1398 De
999 1346 1206 1398 clericis
1238 1346 1334 1412 qui
1364 1361 1397 1396 a
1429 1343 1688 1397 damonio
1719 1349 2012 1398 vereantur.

429 1437 548 1507 (Ea:
568 1437 790 1490 concilio
812 1435 1124 1501 Aureliam,
1156 1450 1277 1503 cap.
1294 1437 1369 1496 6.)
1398 1433 1456 1488 Si
1481 1435 1609 1504 quis
1630 1434 1868 1487 clericus
1890 1450 2051 1486 vexa-

359 1532 450 1580 tus
493 1526 665 1578 fuerit
723 1543 752 1576 a
802 1522 1112 1586 daemonio,
1181 1523 1375 1576 decem
1426 1539 1608 1575 annos
1652 1523 1945 1592 poeniteat,
1997 1528 2053 1576 et

358 1616 510 1668 inter
535 1614 834 1666 audientes
884 1618 1012 1676 stet,
1063 1616 1118 1664 et
1167 1611 1232 1664 ad
1285 1627 1472 1663 sacros
1523 1611 1754 1664 ordines
1803 1628 1920 1664 non
1950 1611 2050 1664 ad-

361 1703 618 1756 ducatur.
653 1701 710 1754 Si
742 1701 885 1753 bene
917 1699 1122 1767 egerit,
1158 1704 1212 1751 et
1242 1714 1344 1768 per
1376 1698 1476 1751 Dei
1503 1699 1749 1768 gratiam
1779 1699 2052 1753 liberatus

361 1792 551 1852 fuerit,
585 1790 654 1842 sit
685 1789 742 1841 in
767 1788 1002 1858 reliquis
1034 1786 1235 1840 officiis
1262 1787 1670 1840 ecclesiasticis.

365 1898 491 1951 CAP.
529 1896 709 1949 XCIV.
771 1926 837 1932 --
866 1897 939 1948 De
965 1895 1076 1946 illis
1104 1896 1201 1961 qui
1230 1900 1516 1961 parentum
1539 1894 1785 1947 honorem
1807 1910 1911 1948 non
1942 1908 2054 1946 ser-

1132 1971 1282 2018 vant.

435 2057 543 2120 (Ea:
596 2054 959 2108 Paznitenliali
1007 2055 1289 2118 Romano.)
1347 2051 1403 2106 Si
1453 2053 1582 2122 quis
1623 2053 2058 2106 inhonoraverit

362 2149 582 2214 patrem
610 2147 709 2195 aut
765 2147 1026 2208 matrem,
1077 2147 1190 2194 tres
1238 2157 1418 2193 annos
1460 2141 1747 2211 poeniteat.
1799 2141 1958 2204 Quod
2009 2139 2056 2192 si

364 2245 600 2284 manum
667 2229 952 2295 lcvaverit,
1015 2233 1112 2280 aut
1181 2227 1234 2280 ei
1288 2227 1714 2296 percussionem
1769 2227 2050 2280 intulerit.

365 2322 582 2388 septem
605 2332 786 2369 annos
802 2316 1095 2384 poeniteat.

365 2424 492 2476 CAP.
544 2422 690 2474 XCV.
740 2452 807 2461 —
843 2421 996 2486 Quod
1027 2422 1309 2488 pmnitenti
1351 2420 1504 2474 nulla
1548 2423 1765 2487 negotia
1810 2436 2055 2473 exercere

1063 2494 1360 2544 conveniat.

439 2585 548 2647 (Ea:
577 2581 719 2635 decr.
756 2581 944 2634 Leonis
973 2595 1152 2648 papae,
1176 2583 1351 2648 capite
1372 2579 1482 2649 23.)
1515 2579 1767 2642 Qualiter
1795 2580 1936 2633 lucri
1961 2596 2056 2633 ne-

366 2673 708 2741 gociantem,
731 2677 827 2723 aut
850 2676 1096 2735 excusat,
1131 2675 1228 2720 aut
1259 2668 1448 2738 arguit
1479 2685 1490 2720 :
1518 2669 1649 2737 quia
1680 2673 1762 2721 est
1785 2666 2057 2720 honestus

366 2767 622 2830 questus,
664 2766 720 2812 et
748 2759 950 2828 turpis.
987 2757 1392 2810 Verumtamen
1418 2756 1722 2825 pmnitenti
1759 2755 1954 2808 utilius
1976 2761 2060 2809 est

364 2849 660 2918 dispendia
712 2847 851 2916 pati,
913 2862 1085 2915 quam
1145 2845 1412 2915 periculis
1483 2842 1888 2913 negotiationis
1949 2842 2054 2896 ob-

366 2937 568 3006 stringi
601 2953 612 2990 :
649 2938 784 3006 quia
812 2935 1046 2988 difticile
1078 2939 1163 2985 est
1209 2933 1360 2985 inter
1409 2937 1683 2998 ementes,
1717 2931 2055 2986 vendentes-

366 3043 477 3096 que
509 3024 936 3089 commertium,
971 3038 1087 3076 non
1115 3021 1459 3074 intervenire
1490 3027 1804 3090 peccatum.

366 3134 494 3187 Car.
528 3120 711 3186 XCVI.
749 3161 815 3169 —
859 3133 924 3184 Ut
956 3127 1254 3180 sacerdotes
1293 3129 1433 3180 nulli
1467 3129 1837 3194 paenitentiam
1872 3127 2056 3195 injun-

699 3205 830 3268 gant
860 3215 926 3252 ea:
959 3200 1134 3263 corde,
1167 3198 1260 3249 sed
1290 3215 1355 3249 ea:
1385 3203 1724 3250 auctoritate.

439 3292 543 3359 (Ex
633 3291 818 3341 concil.
882 3288 1147 3352 Mogunt.,
1234 3300 1352 3352 cap.
1436 3285 1552 3349 24.)
1627 3284 1904 3338 Omnibus
1967 3284 2056 3337 his

366 3385 503 3431 actis
553 3375 823 3429 ventilata
871 3380 955 3427 est
1003 3371 1145 3425 ratio
1204 3374 1569 3440 poenitentiae,
1628 3377 1689 3423 ut
1735 3371 2054 3425 sacerdotes

366 3466 572 3519 certius
602 3464 1012 3532 intelligerent,
1050 3460 1342 3530 quomodo
1387 3461 1771 3513 confessiones
1803 3461 2055 3530 recipere

366 3561 420 3609 et
462 3553 858 3627 pmnitentiam
908 3551 1221 3604 secundum
1252 3549 1585 3603 canonicam
1633 3549 2054 3604 institutionem

362 3643 772 3715 pcenitentibus
806 3641 1075 3696 deberent
1109 3639 1380 3692 indicare.

365 3753 488 3806 CAP.
535 3750 733 3805 XCVII.
784 3779 852 3786 —
886 3737 951 3802 Ut
981 3748 1354 3814 unusquisque
1392 3744 1675 3813 presbyter
1709 3750 1822 3799 octo
1842 3747 2052 3814 princi-

748 3821 905 3888 palia
935 3822 1075 3871 vitia
1103 3834 1199 3885 per
1229 3819 1472 3870 ordinem
1501 3820 1657 3882 sciat.

435 3912 550 3980 (Ea:
579 3910 777 3975 eodem,
810 3923 929 3977 cap.
963 3911 1038 3975 5.)
1072 3907 1348 3960 Ventilata
1385 3907 1468 3958 est
1521 3904 1665 3957 ratio
1724 3908 1852 3957 octo
1904 3902 2056 3972 prin-

362 4000 633 4071 cipalium
694 3997 985 4062 vitiorum,
1090 4000 1152 4048 ut
1231 3993 1594 4064 unusquique
1668 3991 2054 4045 diversitatem

362 4089 592 4142 illorum
621 4087 778 4152 sciat,
819 4093 874 4139 et
903 4085 972 4138 ab
1007 4083 1118 4138 illis
1157 4083 1389 4137 domino
1421 4081 1730 4134 auxiliante
1773 4096 1832 4133 se
1887 4079 2055 4133 intel-

362 4188 502 4257 ligat
531 4185 833 4248 custodire,
867 4188 922 4236 et
947 4182 1073 4236 aliis
1104 4181 1434 4251 praedicare.

365 4279 489 4331 CAP.
511 4275 738 4328 XCVIII.
763 4304 820 4311 —
857 4274 920 4326 Ut
957 4271 1256 4324 sacerdotes
1280 4269 1568 4333 diligenter
1591 4265 1901 4321 examinem
1935 4281 2053 4320 con-

946 4343 1212 4411 fitentium
1234 4345 1472 4408 peccata.

436 4434 542 4504 (Ea:
593 4433 792 4496 eodem,
862 4446 981 4499 cap.
1043 4429 1119 4500 6.)
1182 4429 1250 4482 Ut
1308 4427 1563 4498 episcopi
1623 4432 1679 4480 et
1735 4426 2055 4498 presbyteri

363 4521 692 4576 examinent
729 4518 976 4590 qualiter
1013 4515 1420 4570 confitentibus
1469 4519 1698 4584 peccata
1745 4514 2058 4584 dijudicent

363 4617 419 4665 et
456 4617 682 4680 tempus
701 4605 1053 4678 paenitentia!
1083 4603 1452 4657 constituant.

365 4701 492 4754 Car.
545 4697 720 4752 XCIX.
776 4725 840 4733 -
911 4695 977 4748 Ut
1023 4692 1229 4758 singuli
1283 4689 1892 4760 presbyterircapitula
1950 4705 2056 4743 au-

435 4770 747 4824 claritatan
827 4765 1060 4819 habeant
1141 4762 1216 4815 ad
1297 4759 1721 4815 succurrendum
1785 4762 2052 4832 pceniten-

435 4842 596 4896 tibus.
627 4847 629 4850 ‘

436 4932 543 4998 (Ea;
589 4928 788 4991 eodem,
841 4941 961 4994 cap.
1011 4924 1128 4990 26.)
1188 4921 1254 4974 Ut
1315 4920 1706 4991 unusquisque
1761 4919 2056 4991 presbyter

361 5019 607 5090 capitula
638 5016 843 5071 habeat
891 5014 958 5068 de
1007 5012 1342 5081 majoribus,
1396 5011 1482 5064 vel
1532 5009 1850 5063 minoribus
1880 5008 2052 5073 vitiis,

363 5125 466 5180 per
494 5123 621 5176 quae
665 5119 1005 5175 cognoscere
1045 5101 1248 5166 valeat,
1305 5099 1391 5152 vel
1441 5098 1751 5169 prtedicare
1791 5097 2053 5160 subditis,

362 5203 428 5250 ut
456 5200 690 5249 caveant
718 5195 787 5248 ab
820 5191 1042 5246 insidiis
1072 5189 1302 5244 diaboli.

363 5285 490 5339 CAP.
551 5285 607 5338 C.
669 5313 738 5323 —
799 5283 881 5335 De
927 5280 1254 5350 presbyteris
1318 5279 1415 5346 qui
1473 5277 2055 5350 culpas_peccantium

432 5359 670 5420 reticent,
701 5354 784 5407 vel
828 5347 1007 5406 minus
1039 5352 1203 5418 digne
1255 5350 1568 5418 paenitentes
1619 5347 1694 5401 ad
1731 5348 2055 5402 reconcilia-

433 5429 627 5481 tionem
656 5425 953 5478 adducunt.

435 5516 549 5584 (Ea:
597 5514 739 5568 decr.
817 5511 1125 5566 Alexandri
1170 5508 1366 5579 papa.)
1424 5508 1491 5566 Ut
1549 5522 1716 5561 nemo
1757 5506 2052 5577 presbyte-

363 5621 557 5659 rorum
589 5602 818 5658 xenium
851 5601 933 5652 vel
966 5599 1348 5669 quodcunque
1395 5596 1852 5650 emolumentum
1905 5600 2048 5648 tem-

1439 330 1844 386 BURCHARDI
1886 329 2414 386 \VOBMACIENSIS
2454 327 2770 385 EPISCOPI

352 460 480 515 CAP.
508 458 638 514 XCI.
696 488 764 498 —
792 457 875 511 De
919 457 1030 512 illis
1063 461 1160 526 qui
1188 457 1522 525 sanguinem,
1567 461 1662 510 aut
1693 471 1868 511 semen
1901 457 2039 510 bibe-
2069 459 2117 512 A
2155 458 2371 528 porale,

3719 328 3858 380 1004

2447 457 2563 510 imo
2647 456 3055 510 detrimentum
3115 456 3368 527 spiritale
3425 474 3459 510 a
3503 473 3860 528 quocunque

2154 547 2383 616 publice
2429 552 2717 616 peccante,
2772 547 2856 599 vel
2915 545 3239 600 incestuoso
3283 546 3540 615 accipiat,
3591 552 3660 599 ut
3738 547 3857 614 epi-

2155 651 2346 706 scopo,
2395 637 2483 688 vel
2526 635 2802 710 ministris
2855 635 2978 704 ejus
3020 641 3315 704 peccatum
3364 635 3516 687 illius
3568 634 3857 687 reticeat:

2156 739 2258 776 nec
2303 740 2408 792 pro
2468 729 2724 793 respectu
2795 723 3074 793 cujusque
3130 739 3413 794 persona,
3469 729 3567 776 aut
3609 739 3860 776 consan~

2156 812 2475 881 guinitatis,
2521 813 2609 866 vel
2665 812 3093 876 familiaritatis,
3166 812 3366 865 alienis
3417 814 3855 865 communicatis

2157 901 2416 970 peccatis,
2477 901 2582 954 hoc
2647 901 2916 970 episcopo
2997 900 3353 954 innotescere
3400 903 3710 969 detrectet,
3761 918 3857 954 nec

2157 1006 2190 1042 a
2259 1004 2554 1060 quoquam
2626 989 2958 1058 poenitente,
3023 993 3122 1041 aut
3197 989 3398 1058 gratia,
3470 995 3569 1040 aut
3637 989 3854 1054 favore,

2159 1084 2258 1131 aut
2298 1093 2506 1130 munus
2563 1078 2852 1146 suscipere
2896 1083 3226 1146 presumat,
3281 1083 3380 1130 aut
3432 1077 3623 1129 minus
3685 1076 3849 1146 digne

2157 1167 2531 1236 pmnitentem
2597 1166 2669 1219 ad
2731 1166 3257 1219 reconciliationem
3347 1165 3608 1229 adducat,
3692 1172 3753 1218 et
3807 1167 3849 1218 ei

2157 1255 2546 1309 testimonium
2606 1253 3063 1308 reconcilatiouis
3139 1255 3302 1320 ferat,
3363 1255 3446 1307 vel
3507 1270 3851 1324 quocunque

2162 1344 2336 1397 livore
2385 1343 2562 1396 alium
2629 1342 2926 1412 quenlibet
2983 1343 3212 1413 dignius
3261 1343 3631 1412 pmnitentem
3689 1359 3724 1394 a
3776 1359 3852 1394 re-

2160 1432 2554 1486 conciliatione
2610 1436 2901 1484 removeat
2969 1446 2981 1484 :
3051 1432 3187 1501 quia
3276 1432 3379 1484 hoc
3437 1431 3851 1500 symoniacum,

2162 1527 2217 1576 et
2250 1522 2361 1574 Deo
2387 1526 2443 1574 et
2472 1520 2802 1573 hominibus
2832 1519 3180 1573 contrarium
3215 1525 3318 1571 est.

2165 1630 2289 1683 CAP.
2322 1628 2407 1682 Cl.
2469 1657 2539 1666 —
2605 1629 2678 1680 De
2744 1628 2854 1680 illis
2917 1629 3013 1694 qui
3079 1629 3442 1680 truncationes
3498 1627 3854 1680 membrorum

2888 1700 3113 1764 fecerint
3124 1741 3134 1750 .

2235 1788 2344 1857 (Em
2383 1787 2753 1842 Pcenitentiali
2827 1786 3109 1856 Romano.)
3171 1785 3281 1849 Qui
3344 1803 3446 1855 per
3501 1784 3684 1838 rixam
3744 1786 3856 1840 ictu

2167 1876 2440 1943 debilem,
2489 1877 2573 1929 vel
2649 1874 2961 1928 deformem
3033 1874 3326 1927 hominem
3397 1873 3617 1939 fecerit,
3663 1875 3857 1927 reddat

2164 1967 2454 2036 impensas
2522 1963 2748 2029 medici,
2836 1969 2892 2016 et
2956 1963 3212 2016 medium
3280 1979 3496 2015 annum
3562 1967 3850 2032 paeniteat.

2165 2056 2220 2111 Si
2271 2070 2388 2108 non
2435 2052 2703 2106 habuerit
2763 2051 2914 2105 unde
2987 2050 3204 2117 reddat,
3251 2067 3467 2103 annum
3521 2067 3700 2104 unum
3742 2067 3853 2120 pce-

2164 2144 2360 2198 niteat.
2417 2141 2473 2197 Si
2513 2142 2690 2195 laicus
2747 2156 2850 2210 per
2907 2141 3104 2194 dolum
3163 2140 3505 2209 sanguinem
3569 2139 3850 2196 effuderit.

2165 2231 2365 2286 reddat
2419 2231 2502 2283 illi
2562 2235 2785 2282 tantum
2817 2233 3097 2298 quantum
3146 2229 3378 2281 nocuit:
3412 2233 3468 2280 et
3506 2226 3552 2278 si
3587 2243 3705 2279 non
3756 2226 3851 2279 ha-

2168 2322 2262 2375 bet
2313 2319 2466 2374 unde
2534 2318 2754 2382 reddat,
2807 2319 2986 2370 solvat
3065 2318 3125 2370 in
3189 2332 3364 2387 opera
3446 2316 3693 2385 proximi
3744 2318 3851 2382 sui,

2166 2424 2338 2480 quam
2390 2406 2488 2461 diu
2546 2405 2640 2459 ille
2699 2405 2963 2458 infirmus
3035 2411 3140 2472 est,
3201 2412 3257 2458 et
3311 2409 3508 2475 postea
3573 2405 3657 2458 XL
3739 2404 3855 2458 dies

2167 2497 2224 2550 in
2258 2512 2406 2567 pane
2444 2501 2499 2549 et
2519 2511 2667 2565 aqua
2697 2493 2986 2564 pmuiteat.

2620 2584 2746 2636 Car.
2778 2582 2890 2635 CII.
2926 2611 2995 2622 —
3023 2584 3098 2636 De
3119 2581 3303 2634 eadem
3335 2597 3409 2636 re.

2241 2673 2352 2742 (Em
2398 2671 2771 2726 Pasnitentiali
2826 2670 2984 2724 Bedae
3083 2670 3427 2740 presbyteri.)
3505 2670 3614 2734 Qui
3685 2670 3852 2724 ictum

2167 2762 2430 2832 proximo
2488 2759 2727 2824 dederit,
2785 2763 2840 2812 et
2900 2775 3013 2812 non
3072 2760 3348 2826 nocuerit,
3404 2764 3519 2811 tres
3581 2759 3705 2812 dies
3761 2775 3860 2829 pae-

2169 2850 2348 2904 niteat
2404 2848 2465 2901 in
2524 2863 2671 2917 pane
2731 2851 2790 2900 et.
2842 2863 3008 2917 aqua.
3065 2846 3122 2901 Si
3177 2847 3438 2907 clericus,
3505 2862 3726 2899 annum
3777 2848 3856 2899 vel

2168 2937 2492 2992 dimidium.
2570 2935 2629 2990 Si
2694 2935 2822 3006 quis
2919 2935 3096 3004 aliqui
3180 2935 3478 3005 quodlibet
3536 2937 3856 2989 membrum

2090 3029 2130 3084 Ο
2169 3025 2462 3078 voluntate
2490 3040 2594 3076 sua
2623 3022 2990 3090 truncaverit,
3023 3029 3132 3076 tres
3149 3039 3330 3075 annos
3352 3024 3651 3092 paeniteat,
3685 3039 3860 3076 unum

2166 3131 2230 3168 ex
2319 3113 2406 3166 his
2470 3112 2532 3165 in
2597 3127 2746 3182 pane
2813 3116 2869 3164 et.
2968 3128 3136 3182 aqua.
3201 3111 3430 3164 Parvuli
3494 3112 3733 3164 invicem
3798 3128 3857 3164 se

2163 3202 2572 3274 percutientes,
2629 3207 2745 3254 tres
2801 3199 2970 3254 dies:
3013 3199 3070 3255 Si
3123 3215 3255 3253 vero
3309 3200 3718 3264 adolescentes,
3773 3198 3855 3252 XX

2167 3292 2285 3347 dies
2313 3291 2650 3362 poeniteant.

2167 3397 2292 3451 CAP.
2329 3397 2466 3452 CIII.
2506 3425 2576 3436 —
2642 3398 2718 3450 De
2781 3396 2896 3449 illis
2974 3394 3072 3462 qui
3137 3396 3392 3447 ducatum
3454 3400 3743 3462 praestant,
3809 3399 3859 3447 et

2415 3467 2809 3537 depraedatores
2839 3481 3001 3535 super
3030 3467 3369 3521 Christianos
3401 3467 3624 3519 ducunt.

2235 3557 2357 3625 (Ea:
2415 3556 2784 3610 Pasnitentiali
2840 3555 3124 3622 Romano.)
3175 3554 3232 3608 Si
3290 3555 3420 3625 quis
3474 3555 3696 3623 prebet
3751 3555 3855 3608 du-

2165 3651 2355 3698 catum
2406 3660 2580 3713 super
2636 3642 2984 3697 Christianos
3043 3648 3104 3696 ut
3155 3643 3572 3713 depraedentur,
3629 3648 3690 3696 et
3745 3660 3857 3696 non

2167 3733 2431 3787 acciderit
2497 3738 2714 3802 strages
2769 3731 3245 3797 Christianorum,
3307 3736 3424 3784 tres
3482 3747 3660 3783 annos
3745 3747 3858 3801 pae-

2165 3823 2363 3876 niteat.
2423 3821 2520 3876 Sin
2592 3837 2740 3882 vero,
2808 3821 3004 3889 ejectis
3087 3822 3281 3884 armis,
3342 3836 3521 3890 usque
3583 3819 3652 3873 ad
3702 3837 3852 3872 mor-

2166 3917 2284 3964 tem
2313 3909 2527 3964 mundo
2559 3917 2822 3962 mortuus
2860 3909 3027 3962 vivat.

2202 3999 2330 4053 CAP.
2375 3998 2505 4051 CIV.
2533 4027 2601 4036 -—
2648 3999 2722 4050 De
2752 3998 2865 4050 illis
2898 3999 2994 4064 qui
3022 4011 3119 4064 per
3147 4011 3379 4049 amorem
3410 3998 3626 4064 veneﬁci
3652 3997 3809 4063 ﬁunt.

2240 4089 2350 4155 (Ea:
2399 4087 2764 4140 Pwnitentiali
2845 4085 3147 4150 Theodori.)
3221 4085 3278 4138 Si
3344 4085 3472 4154 quis
3535 4101 3638 4154 per
3700 4101 3852 4137 amo-

2167 4192 2289 4229 rem
2365 4174 2648 4228 veneticus
2742 4174 2826 4238 fit,
2903 4179 2959 4227 et
3035 4173 3326 4226 neminem
3403 4173 3738 4243 perdiderit.
3805 4173 3858 4226 Si

2169 4264 2406 4318 clericus
2464 4267 2567 4327 est,
2633 4277 2850 4314 annum
2916 4262 3214 4331 paeniteat,
3267 4261 3327 4314 in
3374 4277 3521 4330 pane
3579 4268 3637 4314 et
3689 4277 3856 4331 aqua.

2165 4352 2223 4407 Si
2309 4352 2706 4416 subdiaconus,
2794 4351 2928 4405 duo.
2999 4351 3059 4405 Si
3127 4351 3420 4416 diaconus,
3481 4356 3617 4416 tres,
3683 4366 3857 4403 unum

2165 4456 2229 4496 ex
2303 4441 2394 4494 his
2458 4440 2517 4493 in
2581 4455 2730 4510 pane
2799 4443 2857 4493 et
2915 4453 3087 4508 aqua,
3169 4445 3226 4491 et
3293 4438 3469 4492 laicus
3533 4437 3857 4492 dimidium-

2164 4545 2380 4585 annum
2411 4529 2702 4599 paeniteat,
2736 4527 2981 4581 maxime
3004 4527 3049 4580 si
3083 4543 3187 4597 per
3216 4528 3322 4581 hoc
3353 4527 3612 4580 mulieris
3634 4534 3854 4597 partum

2165 4619 2409 4691 quisque
2463 4616 2770 4687 deceperit,
2822 4622 2936 4670 tres
2968 4632 3150 4670 annos
3201 4617 3599 4686 unusquisque
3658 4632 3855 4686 super-

2165 4711 2372 4778 augeat
2399 4706 2459 4759 in
2485 4722 2630 4776 pane
2653 4710 2708 4758 et
2736 4721 2908 4774 aqua,
2936 4721 3006 4758 ne
3039 4704 3360 4758 homicidiis
3394 4721 3524 4758 reus
3556 4705 3649 4758 sit.

2165 4813 2292 4867 CAP.
2354 4811 2458 4864 CV.
2527 4839 2596 4850 —
2646 4813 2718 4864 De
2775 4811 2888 4863 illis
2942 4812 3038 4879 qui
3096 4809 3363 4864 haereticis
3417 4813 3732 4876 nescientes,
3783 4809 3858 4862 ecl

2421 4883 2645 4936 scientes
2683 4895 2738 4934 se
2767 4884 2827 4934 in
2855 4882 3132 4949 aliquibus
3155 4883 3605 4935 commiscuerint.

2233 4974 2344 5038 (Ea:
2387 4971 2532 5024 decr.
2574 4972 2900 5037 Eutychian.
2942 4972 3149 5039 papae.)
3195 4970 3253 5023 Si
3310 4969 3438 5040 quis
3486 4969 3733 5033 dederit,
3769 4973 3866 5022 aut

2164 5059 2450 5130 exceperit
2513 5058 2981 5111 communionem
3037 5058 3106 5110 de
3190 5073 3368 5111 manu
3450 5057 3738 5120 haeretici,
3812 5061 3867 5110 et

2163 5149 2342 5204 nescit
2395 5146 2548 5218 quod
2604 5147 2888 5200 catholica
2947 5144 3188 5199 Ecclesia
3246 5145 3609 5209 contradicit,
3671 5150 3868 5216 postea

2162 5237 2534 5306 intelligens:
2591 5251 2808 5289 annum
2852 5235 3138 5302 integrum
3196 5235 3489 5304 paeniteat.
3551 5234 3610 5288 Si
3675 5243 3866 5288 autem

2162 5326 2284 5386 scit,
2334 5330 2390 5378 et
2446 5323 2782 5393 neglexerit,
2841 5331 2897 5376 et
2954 5327 3152 5392 postea
3196 5322 3596 5392 paenitentiam
3660 5322 3864 5392 egerit,

2162 5415 2357 5468 decem
2413 5429 2594 5466 annos
2647 5412 2938 5483 paeniteat,
2998 5411 3095 5464 alii
3148 5411 3413 5480 judicant
3468 5416 3745 5480 septem:
3817 5414 3867 5462 et

2162 5502 2470 5558 humanius
2496 5501 2536 5553 V
2567 5518 2748 5554 annos
2776 5500 3071 5571 paeniteat.
3119 5500 3176 5554 Si
3218 5500 3346 5570 quis
3390 5500 3726 5571 permiserit
3761 5501 3868 5553 he-

2164 5592 2403 5647 reticum
2457 5592 2682 5646 Missam
2742 5605 2904 5644 suam
2958 5588 3246 5644 celebrare
3295 5589 3358 5643 in
3387 5588 3636 5644 Ecclesia
3665 5588 3865 5643 catho-
