4010 6194
48 383 168 432 10υό

852 379 1331 435 DECRETORUM
1375 382 1557 435 LIBRI
1599 382 1705 436 XX.
1744 413 1810 421 —
1859 382 2060 436 LIBER
2110 378 2419 436 DECIMUS
2458 378 2701 435 NONUS.

3407 385 3539 437 1006

41 504 155 566 lica,
217 508 276 556 et
353 502 547 566 nescit,
604 502 689 555 XL
753 503 875 556 dies
940 502 1235 572 pceniteat.
1314 504 1371 559 Si
1422 522 1525 575 pro
1579 510 1810 558 reve-A
1850 507 1917 560 ad
1969 520 2139 576 quem
2207 503 2458 557 dicitur:
2506 504 2584 556 Tu
2644 504 2797 557 solus
2854 505 3007 559 nosti
3057 508 3230 560 corda
3288 506 3538 560 ﬁliorum

39 589 214 642 rentia
272 590 418 659 ejus,
486 606 703 642 annum
777 590 1067 659 integrum
1146 592 1443 661 poeniteat.
1506 593 1563 647 Si
1633 609 1737 663 pro

38 677 396 732 damnatione
465 679 721 732 Ecclesia:
792 679 1108 743 catholica,
1182 684 1237 732 et
1324 681 1735 734 consuetudine

40 766 423 820 Romanorum
508 767 843 837 projiciatur
924 767 994 820 ab
1080 768 1326 821 Ecclesia
1414 769 1563 822 sicut
1619 769 1731 822 hae-

38 857 263 921 reticus,
344 856 453 908 nisi
506 856 710 909 habeat
766 856 1189 926 paenitentiam,
1245 858 1293 909 si
1350 857 1633 921 habuerit,
1690 859 1735 912 X

36 960 207 997 annos
266 946 562 1014 paeniteat.
619 944 678 998 Si
760 944 1056 998 recesserit
1113 945 1184 997 ab
1234 946 1478 999 Ecclesia
1536 946 1734 999 catho-

35 1033 134 1086 lica
219 1032 287 1085 in
369 1033 869 1101 congregationem
956 1032 1384 1098 haereticorum,
1472 1039 1529 1087 et
1594 1035 1735 1086 alios

36 1123 405 1191 persuaserit,
455 1128 649 1193 postea
702 1121 1102 1192 penitentiam
1151 1121 1355 1192 egerit,
1403 1123 1496 1176 XII
1555 1138 1736 1175 annos

38 1212 347 1281 poeniteat:
373 1213 616 1281 quatuor
637 1226 818 1263 annos
836 1214 993 1262 extra
1019 1210 1350 1271 Ecclesiam,
1382 1218 1438 1265 et
1469 1227 1561 1264 sex
1585 1210 1737 1263 inter

36 1300 342 1365 auditores,
397 1304 453 1351 et
486 1298 599 1352 duo
653 1298 839 1351 adhuc
896 1303 1055 1351 extra
1111 1299 1609 1352 communionem.
1656 1300 1734 1352 De

36 1388 111 1441 his
137 1388 198 1441 in
230 1403 452 1441 canone
484 1386 711 1452 dicitur,
744 1392 802 1438 ut
832 1386 881 1438 X
906 1402 1058 1439 anno
1110 1387 1579 1439 communionem
1611 1385 1733 1440 sine

38 1476 325 1529 oblatione
369 1474 661 1544 recipiant.
719 1474 776 1528 Si
833 1474 1138 1544 episcopus
1186 1478 1284 1527 aut
1340 1473 1516 1527 abbas
1566 1474 1735 1544 jubet

40 1564 317 1617 monacho
348 1580 448 1616 suo
482 1580 586 1633 pro
624 1562 905 1615 haereticis
949 1563 1193 1616 mortuis
1241 1562 1434 1616 Missas
1480 1566 1708 1615 cantare

43 1670 138 1706 non
170 1652 335 1717 licet,
368 1656 422 1705 et
450 1667 567 1704 non
598 1650 823 1720 expedit
853 1650 1084 1704 obedire
1143 1650 1246 1703 eis.
1299 1650 1356 1704 Si
1399 1649 1731 1719 presbytero

41 1738 361 1808 contigerit,
403 1738 501 1791 ubi
541 1739 764 1792 Missam
793 1738 1125 1805 cantavcrit,
1177 1746 1235 1791 et
1264 1738 1415 1791 alius
1460 1738 1729 1792 recitave-

40 1828 98 1881 rit
122 1828 369 1881 nomina
398 1832 775 1892 mortuorum,
811 1831 867 1880 et
917 1828 1086 1881 simul
1120 1826 1508 1880 nominaverit
1540 1827 1731 1880 haere—

40 1918 161 1970 ticos
229 1932 365 1970 cum
423 1915 732 1983 catholicis,
799 1917 845 1968 si
903 1922 1029 1984 post
1083 1916 1308 1969 Missam
1358 1915 1729 1983 intellexerit,

42 2004 456 2059 hebdomadam
486 2005 774 2073 pceniteat.
819 2004 875 2058 Si
896 2004 1231 2075 frequenter
1260 2003 1476 2070 fecerit,
1512 2019 1727 2056 annum

42 2096 324 2163 integrum
356 2093 642 2162 paeniteat.
676 2092 732 2146 Si
766 2093 895 2162 quis
954 2098 1146 2145 autem
1203 2108 1308 2161 pro
1337 2097 1522 2145 morte
1548 2091 1726 2144 haere-

44 2184 121 2234 tici
173 2182 413 2235 Missam
463 2182 826 2247 ordinaverit,
881 2186 936 2233 et
991 2198 1094 2250 pro
1149 2180 1429 2250 religione
1462 2196 1564 2233 sua
1606 2181 1728 2249 ejus

39 2271 307 2342 reliquias
337 2270 415 2324 ibi
446 2271 711 2335 tenuerit,
765 2275 818 2324 et
872 2270 1051 2323 nescit
1099 2268 1483 2323 differentiam
1524 2269 1728 2321 catho-

39 2362 145 2414 licae
207 2359 369 2425 ﬁdei,
429 2364 485 2412 et
552 2364 743 2429 postea
792 2358 1159 2424 intellexerit,
1213 2357 1726 2428 pmnitentiamque

36 2450 228 2520 egerit,
272 2448 541 2518 reliquias
576 2447 654 2501 ibi
702 2447 869 2501 debet
912 2447 1044 2517 igne
1096 2462 1479 2512 concremare,
1539 2452 1596 2500 et
1625 2462 1724 2499 an-

36 2555 163 2592 num
208 2536 503 2608 paeniteat.
547 2536 603 2590 Si
643 2541 833 2590 autem
890 2536 995 2589 scit
1040 2542 1096 2588 et
1145 2534 1481 2603 neglexerit,
1549 2535 1728 2605 poeni-

35 2628 202 2681 tentia
233 2642 303 2679 co
332 2646 335 2647 ν
371 2631 579 2691 motus,
612 2625 808 2679 decem
840 2641 1021 2678 annos
1080 2624 1373 2694 paeniteat.
1428 2623 1483 2677 Si
1543 2623 1672 2693 quis
1696 2640 1729 2676 a

35 2718 132 2770 lide
188 2714 475 2769 catholica
529 2713 847 2766 discesserit
922 2714 1044 2766 sine
1103 2714 1220 2765 ulla
1266 2712 1613 2778 necessitate,
1674 2718 1731 2766 et

36 2812 229 2877 postea
285 2819 351 2855 ex
398 2806 519 2855 toto
566 2802 758 2855 animo
808 2802 1203 2872 paenitentiam
1262 2801 1562 2869 acceperit,
1615 2805 1730 2854 tres

36 2910 210 2946 annos
238 2895 401 2944 extra
432 2889 753 2956 Ecclesiam,
784 2891 841 2944 id
869 2896 972 2957 est,
1014 2890 1166 2943 inter
1195 2888 1493 2943 audientes
1543 2888 1725 2958 juxta.

36 2983 329 3035 Nicaeuum
361 2978 691 3046 concilium,
724 2984 942 3048 septem
976 2995 1158 3032 annos
1188 2978 1250 3030 in
1292 2978 1552 3031 Ecclesiis
1581 2976 1731 3031 inter

1846 593 2164 647 hominum.

2254 679 2381 734 Car.
2414 680 2594 732 CVIII.
2636 710 2705 718 —
2733 680 2817 733 De
2836 680 3024 735 eadem
3050 698 3124 735 re.

1916 768 2024 838 (Ea:
2052 768 2216 822 dictis
2248 768 2533 837 ejusdem.)
2570 768 2691 821 Non
2722 784 2922 821 omnes
2954 770 3120 823 mala:
3161 770 3543 840 cogitationes

1845 866 2054 910 nostra;
2114 872 2341 925 semper
2390 856 2605 910 diaboli
2675 857 2952 910 instinctu
3011 858 3371 912 excitantur:
3441 861 3540 913 sed

1845 945 2148 1016 aliquoties
2179 961 2243 998 ex
2276 945 2458 997 nostri
2493 944 2714 998 arbitrii
2774 950 2932 999 metu
2981 950 3305 1017 emergunt.
3368 948 3538 1001 Bonae

1843 1039 2037 1086 autem
2069 1032 2441 1103 cogitationes
2470 1049 2697 1103 semper
2726 1050 2759 1087 a
2791 1034 2900 1086 Deo
2929 1039 3082 1087 sunt.

1845 1140 1972 1193 CAP.
2016 1138 2145 1194 CIX.
2171 1167 2242 1177 —
2278 1140 2353 1192 De
2376 1139 2487 1193 illis
2519 1140 2779 1262 quitalitos
2818 1141 2878 1193 in
2907 1141 3069 1209 culpa
3106 1154 3207 1194 sua
3252 1140 3540 1205 defendere

2549 1225 2609 1262 m
2638 1225 2710 1262 un
2739 1226 2823 1262 ur.

2549 1225 2823 1262 nituntur.

1915 1298 2031 1368 (Em
2062 1267 2223 1351 dictis
2253 1298 2539 1367 ejusdem.)
2575 1298 2719 1352 Reos
2776 1297 3069 1367 sanguinis
3108 1314 3225 1351 non
3267 1298 3540 1354 defendat

1841 1386 2089 1440 Ecclesia
2122 1402 2134 1439 :
2166 1401 2236 1438 ne
2266 1385 2542 1439 effusione
2574 1385 2870 1455 sanguinis
2900 1386 3182 1456 particeps
3201 1386 3320 1439 ﬁat.

2298 1474 2424 1527 CAP.
2460 1474 2562 1528 CX.
2596 1506 2662 1513 —
2693 1477 2767 1528 De
2797 1474 2981 1528 eadem
3013 1491 3089 1528 re.

1913 1563 2022 1632 (Ea:
2054 1562 2198 1616 decr.
2251 1564 2472 1616 Eusebii
2497 1578 2678 1631 papa,
2735 1565 2911 1630 capite
2955 1562 3061 1631 15.)
3096 1562 3164 1615 Ut
3216 1561 3313 1632 qui
3360 1562 3538 1615 alium

1840 1651 1897 1704 in
1921 1653 2092 1720 culpa
2120 1666 2222 1703 sua
2247 1651 2572 1717 defendere,
2607 1651 2695 1704 vel
2727 1665 2995 1703 excusare
3034 1650 3256 1715 nititur,
3309 1666 3536 1703 excom-

1841 1740 2185 1794 municetur.

1841 1847 1969 1900 CAP.
2002 1845 2129 1899 CXI.
2165 1875 2237 1886 —
2296 1849 2363 1901 Ut
2412 1846 2734 1969 pauitantia
2788 1846 3096 1914 conjugatis
3154 1861 3221 1899 ea:
3279 1860 3538 1899 consensu

2635 1932 2661 1969 e
2687 1931 2773 1969 ur.

2635 1931 2773 1969 etur.

1910 2005 2020 2074 (Ea:
2077 2005 2299 2058 concilio
2359 2005 2667 2065 Arelatem,
2717 2007 2894 2072 capite
2950 2004 3027 2073 6.)
3086 2004 3156 2057 Ut
3201 2004 3538 2073 poenitentia

1837 2092 2160 2162 conjugatis
2185 2108 2250 2145 ex
2274 2108 2557 2146 consensu
2587 2091 2887 2145 amborum
2921 2092 3106 2145 detur.
3132 2091 3534 2146 Paenitentiam
3612 2092 3617 2101 ‘

1836 2181 2180 2251 conjugatis,
2211 2197 2330 2236 non
2356 2182 2465 2235 nisi
2494 2198 2560 2235 ex
2591 2197 2869 2235 consensu
2902 2181 3168 2236 dandam.

1835 2288 1969 2343 CAP;
2006 2287 2157 2343 CXII.
2187 2318 2257 2329 —
2316 2288 2452 2354 Quot
2498 2286 2671 2411 magi:
2719 2288 2913 2411 agimen
2973 2286 3351 2354 defunctorum
3403 2286 3542 2340 solvi

2606 2374 2631 2411 e
2669 2373 2768 2411 ean
2799 2397 2812 2411 .

2606 2363 2812 2411 ebeant.

1907 2451 2011 2512 (Ea:
2042 2448 2201 2501 dictis
2233 2448 2527 2515 Origenis.)
2581 2446 2803 2500 Animie
2843 2446 3244 2500 defunctorum
3291 2449 3541 2515 quatuor

1832 2536 2023 2590 modis
2056 2536 2377 2601 solvuntur,
2420 2538 2519 2588 aut
2557 2533 2948 2587 oblationibus
2999 2534 3384 2599 sacerdotum,
3441 2540 3542 2588 aut

1834 2624 2103 2693 precibus
2135 2628 2484 2688 sanctorum,
2519 2628 2619 2676 aut
2643 2623 2950 2676 charorum
2992 2622 3386 2693 eleemosynis,
3440 2628 3541 2677 aut

1831 2713 2055 2783 jejunio
2085 2717 2485 2781 cognatorum.

2108 2802 2234 2854 CAP.
2270 2801 2448 2854 CXIII.
2482 2830 2550 2838 -—
2581 2802 2654 2854 De
2681 2799 2994 2853 nutriendis
3022 2800 3278 2863 inﬁrmis.

1910 2891 2027 2958 (Eo.
2077 2888 2239 2942 dictis
2280 2888 2544 2957 Hieron.)
2595 2887 2822 2942 Nutrire
2897 2888 3179 2955 inﬁrmos,
3233 2891 3289 2940 et
3344 2885 3539 2941 fovere

1839 2984 2129 3039 Christum
2184 2983 2328 3037 nihil
2379 2984 2635 3050 interest,
2684 2982 3024 3037 nutriendus
3068 2983 3225 3036 enim
3257 2985 3340 3036 est
3374 2981 3536 3035 inﬁr-

36 3072 398 3141 poenitentBS,
432 3073 487 3120 et
525 3068 669 3121 duos
711 3084 891 3121 annos
937 3068 1123 3122 adhuc
1172 3071 1325 3120 extra
1370 3062 1725 3120 commdnio-
1762 3085 1802 3140 ρ
1839 3088 1969 3126 mus
2003 3088 2016 3125 :
2068 3071 2204 3142 quia
2253 3071 2512 3125 Christus
2562 3070 2854 3124 inﬁrmum
2879 3087 2937 3125 se
2997 3087 3120 3125 esse
3151 3069 3536 3141 proﬁtebitur.

36 3176 161 3213 nem
193 3157 490 3229 pceniteat.

35 3286 152 3338 CAP.
220 3281 357 3336 CVI.
391 3309 460 3318 —
507 3281 579 3333 De
616 3280 729 3333 illis
785 3282 882 3349 qui
924 3280 1223 3344 comedunt,
1275 3282 1370 3331 aut
1428 3279 1615 3333 bibunt
1660 3279 1728 3333 ab

188 3351 496 3427 immundis
528 3351 856 3405 animalibus
880 3357 1101 3418 tactum,
1136 3352 1217 3403 vel
1247 3352 1555 3403 intinctum.

99 3462 215 3526 (Ex
264 3457 629 3512 Pcenitentiali
656 3456 935 3527 Romano.)
981 3458 1089 3522 Qui
1136 3455 1406 3521 comedit,
1466 3456 1552 3509 vel
1584 3455 1732 3508 bibit

35 3551 345 3603 intinctum
373 3562 405 3598 a
435 3544 705 3599 familiari
730 3546 930 3612 bestia,
963 3546 1019 3599 id
1065 3550 1168 3609 est,
1206 3560 1360 3607 cane,
1424 3544 1511 3597 vel
1556 3548 1725 3607 catto,

36 3644 81 3692 at
111 3638 246 3702 scit,
289 3637 329 3691 C
377 3634 625 3705 psalmos
664 3639 872 3700 cantet,
923 3650 970 3687 ει
1020 3634 1227 3699 nescit,
1276 3632 1415 3686 duos
1469 3632 1590 3685 dies
1637 3631 1731 3701 je-

45 3733 214 3792 unet,
268 3725 356 3777 vel
408 3723 455 3776 si
504 3722 788 3775 redimere
835 3722 1102 3788 voluerit,
1134 3722 1172 3776 L
1228 3722 1472 3790 psalmos
1523 3724 1727 3773 cantet.

35 3818 133 3882 Qui
168 3813 398 3869 dederit
428 3810 599 3865 alicui
627 3812 910 3883 liquorem
942 3812 1003 3864 in
1034 3828 1147 3882 quo
1176 3826 1323 3875 mus,
1357 3810 1442 3864 vel
1492 3810 1734 3864 mustela

36 3910 267 3959 nurtua
309 3902 541 3954 inventa
574 3907 728 3969 sunt,
762 3899 808 3953 si
837 3900 1015 3954 laicus
1046 3904 1148 3964 est,
1203 3904 1418 3968 septem
1445 3900 1563 3952 dies
1612 3914 1733 3967 p02-

36 3993 229 4045 iiteat.
267 3989 324 4043 Si
358 3988 415 4041 in
447 3988 719 4041 cmuobiis
763 3988 1086 4054 contigerit,
1141 3988 1268 4042 CCC
1314 3988 1564 4040 Psalmos
1594 4002 1729 4039 can-

38 4087 123 4133 et.
181 4077 296 4142 Qui
341 4081 537 4146 postea
579 4076 798 4130 noverit
831 4079 982 4146 quod
1026 4078 1198 4131 talem
1246 4082 1446 4145 potum
1499 4075 1728 4142 biberit,

36 4170 103 4223 1L
139 4167 405 4238 psalmos
452 4170 657 4219 cantet.
700 4165 756 4219 Si
814 4165 943 4234 quis
996 4166 1366 4219 semicoctum
1419 4163 1735 4217 comederit

36 4257 266 4321 nscius,
302 4260 415 4306 tres
470 4253 589 4306 dies
645 4252 937 4323 paeniteat,
984 4255 1070 4306 vel
1124 4254 1466 4305 Psalterium
1523 4256 1729 4303 cantet.

35 4346 226 4399 Sciens
285 4348 499 4407 autem,
553 4348 768 4411 septem
835 4341 956 4394 dies
1005 4342 1295 4411 poeniteat.
1356 4342 1462 4392 Pro
1510 4339 1733 4394 modico

39 4438 201 4497 urto,
228 4430 319 4484 XX
346 4428 465 4483 dies
505 4431 801 4498 pmniteat,
852 4428 952 4498 qui
982 4434 1064 4481 est
1092 4429 1185 4481 XX
1226 4443 1531 4489 annorum,
1588 4444 1734 4497 puer

36 4525 118 4593 [ui
148 4528 243 4575 est
275 4520 323 4572 X
355 4535 642 4572 annorum
677 4516 895 4586 aliquid
927 4517 1065 4571 furti
1094 4518 1328 4584 faciens,
1363 4523 1581 4588 septem
1612 4517 1734 4571 dies

36 4612 333 4665 ioeniteat.
404 4608 461 4661 Si
505 4607 635 4676 quis
684 4605 915 4658 tinxerit
959 4622 1198 4660 manum
1254 4606 1316 4659 in
1375 4608 1570 4677 aliquo
1610 4606 1735 4661 cibo

39 4700 273 4771 iquido,
310 4702 369 4749 et
399 4711 513 4748 non
544 4694 747 4747 idonea
772 4709 965 4758 manu,
1004 4694 1042 4746 C
1071 4694 1335 4765 palmatis
1372 4695 1731 4749 emendetur.

35 4791 65 4842 ii
99 4791 167 4841 in
203 4786 418 4849 farina,
452 4788 552 4837 aut
590 4782 646 4835 in
700 4781 892 4852 aliquo
939 4784 1067 4837 cibo
1113 4784 1280 4849 sicco,
1322 4787 1420 4837 aut
1449 4783 1507 4837 in
1556 4784 1731 4854 pulte,

45 4886 117 4931 ut.
151 4878 222 4929 in
255 4876 401 4927 lacte
430 4874 730 4941 coagulato
780 4886 928 4936 mus,
957 4874 1041 4926 vel
1099 4873 1339 4926 mustela
1390 4876 1615 4925 mortua
1660 4872 1737 4923 in-

42 4963 368 5027 eniuntur,
399 4960 545 5030 quod
576 4959 634 5012 in
662 4959 898 5013 circuitu
954 4961 1075 5030 ejus
1123 4965 1207 5013 est
1236 4964 1444 5022 totum,
1469 4960 1733 5030 projicie-

36 5070 108 5107 π
141 5052 330 5116 foras,
362 5048 514 5119 quod
548 5048 835 5117 reliquum
869 5052 972 5114 est,
1006 5048 1403 5103 manducetur.

36 5184 156 5231 Lar.
197 5172 359 5227 CVII.
402 5171 554 5237 Quod
604 5170 854 5224 diabolus
904 5173 1147 5224 internas
1199 5172 1550 5237 cogitationes
1608 5170 1737 5223 ani-

152 5259 260 5299 ma
291 5258 395 5296 non
426 5242 629 5309 videat,
661 5241 755 5296 sed
788 5256 855 5294 ea:
883 5247 1032 5295 motu
1061 5244 1299 5311 corporis
1326 5242 1611 5309 intelligat.

87 5374 217 5438 (Ea:
239 5368 405 5422 dictis
434 5367 699 5437 August.)
736 5368 994 5420 Internas
1007 5367 1215 5421 animae
1229 5367 1605 5436 cogitationes
1626 5365 1740 5418 dia-

43 5462 234 5516 olum
287 5473 405 5509 non
464 5457 655 5509 videre
722 5456 1105 5510 certissimum
1160 5461 1263 5523 est,
1329 5456 1569 5509 motivas
1617 5469 1739 5507 cor-

36 5548 187 5603 ioris
220 5546 293 5599 ab
327 5546 422 5597 illo
452 5550 507 5598 et
536 5544 963 5599 aﬁ‘ectationum
1014 5545 1242 5598 indiciis
1296 5544 1486 5613 colligi
1517 5543 1738 5613 experi-

36 5641 233 5693 uento
257 5632 562 5687 didicimus
594 5650 606 5685 :
635 5640 1055 5699 secretaautem
1077 5633 1265 5688 cordis
1286 5634 1440 5686 solus
1461 5632 1556 5685 ille
1584 5632 1742 5685 novit

1838 3179 1965 3234 CAP.
2002 3177 2174 3232 CXIV.
2204 3208 2270 3215 —
2307 3177 2462 3241 Quod
2491 3193 2595 3231 non
2623 3182 2845 3231 noceant
2882 3178 3183 3245 preter-ita,
3209 3178 3261 3230 si
3284 3190 3391 3230 non
3419 3178 3539 3244 pla-

2441 3254 2594 3302 ceant
2619 3250 2930 3317 praesentia.

1908 3357 2018 3422 (Ea:
2048 3354 2208 3408 dictis
2240 3355 2499 3425 August.)
2532 3355 2657 3408 Non
2701 3360 2910 3408 nocent
2963 3355 3113 3409 mala
3142 3352 3455 3425 prasterita,
3490 3354 3539 3408 si

1837 3460 1953 3498 non
1982 3443 2244 3511 placeant
2275 3443 2602 3511 praesentia,
2634 3442 2922 3511 praecipue
2954 3444 3001 3496 si
3048 3443 3245 3496 multis
3293 3442 3539 3497 eleemo-

1839 3530 1995 3601 synis
2025 3529 2138 3581 sint
2168 3531 2412 3598 expiata.

1841 3637 1966 3690 Car.
2002 3635 2152 3689 CXV.
2202 3665 2270 3673 —
2316 3636 2388 3688 De
2431 3636 2545 3689 illis
2584 3635 2681 3717 qui
2720 3635 2957 3756 thospites
2997 3638 3231 3703 recipere
3284 3636 3533 3702 neglexe-

2621 3720 2713 3756 rin
2746 3746 2757 3756 .

2621 3720 2757 3760 νιηι.

1910 3794 2018 3875 (Em
2082 3762 2453 3848 Pamitentiali
2524 3794 2814 3864 Romano)
2859 3794 3192 3864 Quicunque
3278 3794 3533 3865 hospites

1841 3899 1958 3937 non
1989 3882 2191 3951 recipit
2223 3881 2278 3935 in
2309 3882 2483 3936 domo
2534 3899 2656 3945 sua,
2710 3882 2856 3935 sicut
2913 3883 3188 3937 Dominus
3246 3883 3534 3954 praecepit,

1841 3976 1896 4025 et
1951 3976 2188 4040 propter
2234 3969 2344 4023 hoc
2416 3987 2595 4043 regna
2651 3971 2923 4024 caelorum
2982 3970 3266 4041 promisit,
3323 3977 3537 4041 quanto

1841 4064 2100 4127 tempore
2154 4056 2476 4126 hospitibus
2552 4057 2967 4111 humanitatem
3024 4059 3422 4129 denegaverat,
3481 4064 3537 4113 et

1842 4146 2113 4201 mandata
2142 4144 2468 4214 evangelica
2515 4146 2677 4214 juxta
2726 4146 3161 4214 possibilitatem
3211 4163 3373 4200 suam
3421 4164 3537 4202 non

1843 4235 2278 4305 adimpleverat,
2335 4249 2440 4287 nec
2487 4233 2661 4303 pedes
2691 4233 2934 4300 lavabat,
2981 4250 3085 4289 nec
3114 4234 3537 4305 eleemosynam

1774 4360 1817 4413 Β
1844 4322 2074 4385 fecerat,
2110 4325 2272 4374 tanto
2301 4325 2559 4390 tempore
2589 4322 2838 4391 pleuiter
2868 4323 2926 4376 in
2981 4338 3125 4393 pane
3179 4327 3235 4376 et
3264 4339 3431 4395 aqua,
3488 4324 3536 4377 si

1844 4425 1961 4462 non
1993 4408 2278 4476 emendet,
2311 4409 2606 4477 poeniteat.

1845 4512 1973 4567 CAP.
2011 4514 2182 4568 CXVI.
2240 4515 2305 4567 Ut
2364 4515 2544 4567 clerici
2590 4480 2866 4584 superﬂua
2903 4516 3245 4585 pauperibus
3298 4516 3533 4582 erogent.

1917 4618 2024 4689 (Ea:
2053 4619 2281 4691 eodem.)
2318 4620 2569 4675 Clericus
2614 4622 2832 4675 habens
2890 4621 3201 4691 superﬂua,
3251 4622 3425 4675 donet
3472 4638 3540 4675 ea

1845 4709 2215 4779 pauperibus.
2250 4709 2349 4764 Sin
2384 4716 2600 4775 autem,
2633 4715 2763 4779 post
2806 4712 3079 4779 poeniteat
3122 4716 3381 4779 tempore
3421 4725 3535 4779 quo

1844 4798 2015 4863 vivat,
2058 4798 2117 4852 in
2156 4798 2521 4865 contritione,
2553 4799 2615 4852 in
2666 4798 3006 4868 poenitentia
3058 4801 3312 4851 remotus
3362 4798 3534 4851 vivat.

1845 4904 1970 4962 CAP.
2005 4905 2206 4959 CXVII.
2230 4933 2295 4944 -—
2335 4908 2406 4957 De
2434 4905 2528 4957 illo
2562 4906 2656 4971 qui
2700 4904 2867 4956 alicui
2893 4904 3068 4969 fratri
3092 4916 3250 4957 suum
3303 4905 3539 4971 imputat

2016 4982 2313 5043 peccatum,
2348 4977 2460 5027 nisi
2481 4977 2642 5042 prius
2681 4988 2917 5027 seorsum
2938 4990 3055 5027 eum
3084 4975 3348 5040 arguerit.

1919 5065 2026 5135 (Ea:
2055 5064 2274 5131 eodem.)
2307 5063 2414 5126 Qui
2444 5066 2740 5132 peccatum
2771 5060 3112 5132 imputando
3152 5060 3311 5114 fratri
3353 5060 3537 5131 impo-

1847 5152 1946 5215 nit,
1987 5152 2323 5222 priusquam
2358 5166 2616 5204 seorsum
2648 5155 2852 5219 arguat
2873 5165 3025 5217 eum,
3060 5148 3409 5203 satisfaciens
3465 5149 3537 5215 ei,

1847 5248 1963 5295 tres
1991 5240 2112 5295 dies
2141 5240 2432 5310 paeniteat.

1849 5347 1979 5400 Car.
2012 5345 2240 5399 CXVIII.
2288 5345 2370 5397 De
2417 5342 2530 5398 illis
2582 5345 2676 5412 qui
2714 5343 2813 5397 diu
2868 5346 3091 5397 reticent
3145 5346 3368 5412 peccata
3419 5358 3539 5398 sua.

1924 5453 2031 5521 (Ea:
2061 5451 2425 5506 Paenitentiali
2454 5450 2609 5504 Beda.v
2659 5448 3006 5520 presbyteri.)
3058 5449 3362 5504 Sciendum
3405 5465 3541 5504 vero

1853 5547 1957 5608 est,
1991 5546 2202 5611 quanto
2235 5539 2363 5610 quis
2393 5545 2650 5608 tempore
2682 5544 2936 5592 moratur
2963 5538 3023 5591 in
3065 5539 3332 5610 peccatis,
3387 5542 3543 5592 tanto

1853 5630 1904 5683 ei
1930 5629 2191 5699 augenda
2222 5632 2305 5682 est
2335 5626 2691 5697 poenitentia.
