4010 6194
503 343 636 396 1007

1572 339 1985 398 BURCHABDI
2024 337 2573 399 WORMACIENSIS'
2597 340 2928 398 EPISCOPI.

3947 343 4003 392 ΗΞ

501 465 632 521 CAP.
681 463 854 521 CXIX.
885 493 956 506 —
1006 466 1078 520 De
1131 464 1243 519 illis
1287 465 1386 533 qui
1439 463 1679 532 aliquem
1729 466 1790 518 in
1830 466 1920 519 ira
1969 480 2192 535 percus-
2223 468 2264 521 Α
2306 464 2462 536 ipsos
2492 463 2833 534 decipimus,
2862 470 2916 518 et
2964 464 3174 519 veritas
3219 464 3279 519 in
3319 464 3488 519 nobis
3537 479 3664 519 non
3727 469 3848 518 est
3887 479 3903 516 :
3946 479 4004 516 sa

1262 537 1448 588 serint.

575 625 698 694 (Ea.-
722 626 945 680 concilio
967 625 1309 690 Rothomag.,
1335 625 1514 691 capite
1544 624 1625 690 9.)
1657 622 1713 677 Si
1737 623 1866 694 quis
1893 623 2071 678 alium
2102 639 2206 694 per

505 713 650 768 iram
683 713 1052 783 percusserit,
1098 719 1154 766 et
1202 713 1542 782 sanguinem
1595 713 1882 779 effuderit,
1941 714 1987 768 si
2026 714 2205 768 laicus

507 807 613 868 est,
673 803 756 856 XX
811 802 932 856 dies
981 801 1294 870 poeniteat:
1346 801 1606 868 clericus,
1667 802 1811 855 XXX.
1868 801 1956 856 Illi
2013 806 2206 856 autem
2287 827 2292 830 -

510 890 609 961 qui
641 891 886 960 gradum
913 889 1144 952 habent,
1181 889 1429 959 amplius
1471 889 1608 960 pelli
1653 889 1881 956 debent,
1931 890 2208 944 diaconus

509 995 603 1032 sex
663 994 908 1044 menses,
981 979 1278 1048 presbyter
1352 993 1534 1032 unum
1595 994 1833 1046 annum,
1904 980 2208 1050 episcopus

515 1067 658 1120 duos
685 1081 867 1119 annos
899 1071 956 1120 et
985 1082 1077 1119 sex
1107 1082 1352 1120 menses.

511 1174 638 1227 CAP.
677 1172 821 1227 CXX.
854 1201 923 1211 —
955 1173 1032 1226 De
1058 1173 1172 1226 illis
1203 1175 1300 1240 qui
1329 1171 1405 1225 ad
1432 1172 1749 1238 feriendum
1778 1172 2050 1228 hominem
2087 1189 2210 1229 sur-

579 1249 844 1368 rcmqrint,
908 1245 1140 1297 volentes
1205 1259 1324 1296 eum
1385 1244 1638 1309 occidere,
1701 1244 1795 1298 sed
1854 1261 1961 1300 non
2024 1253 2212 1314 potue-

584 1329 734 1367 run.

584 1329 734 1367 runt.

584 1401 696 1470 (E.c
734 1402 1101 1455 Panitentiali
1132 1401 1412 1468 Romano.)
1464 1401 1574 1466 Qui
1624 1401 1694 1456 ad
1745 1401 2068 1457 feriendum
2117 1403 2217 1458 ho-

515 1490 732 1544 minem
765 1490 1096 1554 surrexerit,
1131 1491 1326 1543 volens
1357 1505 1487 1543 eum
1529 1489 1806 1558 occidere,
1842 1497 1956 1544 tres
2001 1491 2212 1546 hebdo-

518 1580 714 1632 madas
761 1580 1055 1649 paeniteat.
1113 1578 1169 1632 Si
1238 1579 1477 1631 clericus
1529 1579 1721 1642 fuerit,
1785 1595 1881 1633 sex
1936 1595 2211 1635 menses:

516 1667 670 1737 quod
729 1666 834 1719 etsi
863 1665 1268 1731 vulneraverit,
1297 1665 1382 1719 XL
1405 1666 1542 1720 dies.
1578 1666 1632 1720 Si
1657 1667 1896 1720 clericus
1919 1668 2212 1739 clericum,

2315 553 2563 607 ostendit
2591 568 2727 607 eum
2759 555 2856 624 qui
2903 552 3114 608 dixerit
3161 569 3222 607 se
3270 569 3387 607 non
3418 553 3639 608 habere
3712 560 4003 623 peccatu.

2313 656 2427 694 non
2458 655 2658 693 verum
2697 639 2874 710 loqui,
2904 641 3002 694 sed
3036 640 3265 694 falsum.

2316 729 2442 783 CAP.
2479 728 2696 784 CXXVI.
2731 757 2804 769 —
2834 731 2902 781 De
2928 730 3039 782 illis
3069 731 3167 796 qui
3200 728 3392 781 dicunt
3418 733 3642 782 sanctos
3721 729 3794 780 in
3830 731 4003 780 oratis

2390 803 2696 864 Dominica,
2740 799 2968 852 Dimitte
3006 802 3160 854 nobis
3197 800 3382 852 debita
3421 807 3636 863 nostra,
3698 814 3835 851 non
3891 814 3998 869 pro

2386 869 2482 925 sed
2503 885 2606 940 pro
2636 870 2769 924 aliis
2791 871 2983 923 dicere.

2390 959 2512 1028 (Ea:
2541 958 2745 1024 eodem,
2785 963 2958 1028 capite
2983 960 3101 1027 Ἠ.)
3130 959 3269 1011 Item
3320 958 3537 1028 placuit
3579 964 3656 1010 ut
3717 957 4004 1028 quierian

2319 1047 2527 1100 dixerit
2556 1049 2614 1100 in
2647 1048 2903 1101 oratione
2960 1047 3275 1112 Dominica,
3331 1047 3458 1101 ideo
3511 1045 3732 1099 dicere
3795 1055 4001 1099 sandes

2325 1135 2557 1190 Dimitte
2584 1135 2752 1189 nobis
2785 1136 2974 1189 debita
3005 1141 3221 1199 nostra,
3257 1140 3321 1188 ut
3366 1151 3472 1205 pro
3505 1135 3740 1205 seipsis
3794 1136 3907 1188 hoc
3945 1152 4003 1188 eo

2320 1223 2511 1276 dicant
2543 1239 2556 1276 :
2589 1225 2725 1293 quia
2759 1240 2870 1277 non
2907 1229 2992 1277 est
3021 1223 3103 1277 eis
3129 1224 3444 1278 necessaria
3491 1224 3606 1276 ista
3675 1225 3920 1294 petitio,
3966 1241 4003 1275 s4

2311 1327 2428 1388 pro
2461 1311 2584 1365 aliis
2606 1313 2708 1382 qui
2738 1318 2868 1366 sunt
2898 1313 2955 1365 in
2987 1329 3088 1366 suo
3121 1314 3335 1383 populo
3383 1319 3766 1382 peccatores,
3827 1320 3888 1366 et
3935 1313 4004 1365 ἰὰ

2322 1416 2441 1454 non
2471 1399 2658 1454 dicere
2691 1417 3163 1472 unumquemque
3205 1407 3556 1468 sanctorum,
3603 1401 3873 1455 Dimitte
3931 1418 4002 1470 pe

2323 1494 2448 1542 cata
2478 1505 2624 1555 mea,
2659 1490 2758 1544 sed
2816 1489 3046 1544 Dimitte
3089 1489 3257 1543 nobis
3303 1488 3494 1542 debita
3542 1497 3788 1554 nostra,
3849 1496 3912 1541 ut
3959 1490 3996 1542 h

2326 1593 2430 1648 pro
2457 1578 2582 1631 aliis
2605 1578 2817 1647 potius,
2848 1593 3020 1649 quam
3061 1594 3166 1648 pro
3218 1593 3277 1630 se
3326 1579 3516 1646 justus
3567 1584 3792 1647 petere
3848 1578 4003 1631 inteil

2327 1673 2516 1737 gatur,
2577 1667 2902 1729 anathema,
2946 1667 3036 1720 sit.
3101 1667 3346 1722 Sanctus
3387 1667 3546 1720 enim
3578 1674 3640 1720 et
3685 1670 3902 1737 justus
3950 1682 4004 1719 ei

519 1771 735 1808 annum
768 1761 972 1820 totum,
1007 1755 1104 1808 sed
1141 1759 1197 1808 ct
1251 1753 1555 1824 pecuniam
1587 1771 1690 1824 pro
1743 1756 1910 1809 modo
1967 1758 2220 1811 vulneris
2253 1751 2290 1804 Β
2331 1757 2620 1827 apostolus
2675 1756 2939 1823 Jacobus,
2987 1771 3116 1810 cum
3189 1756 3460 1809 dicebat:
3512 1756 3578 1808 In
3627 1757 3851 1809 multis
3909 1757 4004 1808 eni

522 1844 613 1898 cui
638 1843 865 1906 inflixit,
899 1843 1132 1897 tribuat.

521 1932 648 1986 CAP.
684 1932 852 1985 CXXI.
879 1959 951 1972 —
978 1934 1054 1986 De
1080 1932 1189 1986 illis
1221 1934 1318 1999 qui
1341 1935 1659 1986 reticuerint
1697 1938 1974 2001 peccatum
2019 1936 2220 2000 fratris

1065 2002 1209 2071 quod
1237 2010 1313 2056 est
1344 2003 1418 2056 ad
1446 2010 1687 2057 mortem.

592 2091 704 2160 (Ea:
750 2091 1116 2144 Panitentiali
1169 2089 1393 2159 Theod.)
1445 2089 1552 2154 Qui
1603 2091 1899 2145 reticuerit
1951 2091 2220 2146 delictum

523 2177 716 2230 fratris
747 2177 900 2248 quod
928 2182 1012 2230 est
1037 2193 1218 2247 usque
1245 2178 1316 2231 ad
1346 2185 1614 2245 mortem,
1672 2195 1858 2250 neque
1921 2197 2054 2234 eum
2099 2196 2214 2234 cor-

523 2266 783 2336 ripuerit,
811 2267 976 2336 juxta
1003 2267 1262 2336 regulam
1294 2267 1707 2337 evangelicam,
1738 2267 1927 2338 primo
1957 2269 2108 2322 inter
2139 2285 2219 2336 se,

521 2360 576 2408 et
603 2355 791 2425 ipsum
822 2355 1027 2414 solum.
1061 2355 1267 2408 deinde
1299 2354 1453 2408 inter
1479 2356 1645 2423 alios,
1677 2356 1888 2410 deinde
1939 2357 2006 2410 ad
2040 2357 2222 2411 Eccle-

522 2443 666 2496 siam
697 2444 927 2513 culpam
959 2443 1233 2508 referens,
1277 2443 1322 2496 si
1367 2458 1598 2497 necesse
1646 2443 1841 2508 fuerit,
1899 2450 1957 2499 et
2004 2451 2221 2516 quanto

521 2536 779 2602 tempore
801 2531 930 2597 fuit,
959 2537 1113 2607 tanto
1145 2532 1438 2602 paniteat.

520 2620 647 2675 CAP.
709 2620 907 2674 CXXII.
967 2619 1117 2686 Quod
1172 2635 1278 2674 non
1349 2621 1508 2673 liceat
1562 2619 1810 2686 diacono,
1871 2622 2041 2676 alicui
2087 2622 2222 2677 dare

1172 2693 1576 2758 paenitentiam.

591 2779 698 2850 (Ea:
727 2779 1094 2833 Pamitentiali
1120 2779 1402 2849 Romano.)
1446 2779 1571 2832 Non
1621 2779 1752 2834 licet
1775 2780 2015 2836 diacono
2048 2782 2219 2836 alicui

519 2865 653 2920 dare
700 2865 1146 2936 pcenitentiam:
1219 2867 1316 2921 sed
1376 2868 1700 2938 episcopus,
1767 2875 1867 2922 aut
1922 2869 2222 2942 presbyter

519 2953 654 3008 dare
688 2954 874 3016 debet.

521 3058 648 3114 CAP.
673 3061 894 3115 CXXIII.
928 3091 996 3099 —
1021 3062 1087 3115 Ut
1103 3063 1420 3130 paenitentia
1449 3078 1568 3132 qua
1589 3061 1767 3118 dilata
1785 3069 1883 3129 est,
1907 3079 2023 3119 cum
2046 3067 2222 3134 petita

1089 3136 1260 3197 fuerit
1280 3148 1385 3186 non
1404 3139 1647 3200 negetur.

593 3218 702 3287 (Ea:
729 3217 874 3272 decr.
904 3219 1093 3272 Leonis
1120 3235 1297 3288 papa,
1333 3223 1509 3289 capite
1529 3224 1597 3275 22
1626 3220 1642 3290 )
1675 3222 2066 3277 Dissimulatio
2099 3225 2220 3278 hac

520 3311 709 3376 potest
737 3323 852 3360 non
885 3307 954 3360 de
984 3314 1317 3378 contemptu
1347 3325 1467 3362 esse
1499 3311 1758 3377 remedii,
1791 3311 1888 3365 sed
1947 3312 2017 3366 de
2063 3317 2220 3368 metu

522 3393 748 3463 gravius
809 3394 1200 3466 delinquendi,
1259 3397 1406 3449 unde
1473 3399 1811 3468 poenitentia
1867 3415 1997 3470 qua
2045 3402 2220 3455 dilata

523 3488 623 3550 est,
671 3499 800 3537 cum
866 3484 1175 3538 studiosius
1225 3487 1405 3555 petita
1455 3486 1626 3540 fuerit
1673 3503 1789 3541 non
1841 3494 2102 3559 negetur,
2155 3495 2221 3544 ut

521 3572 932 3643 quoquomodo
965 3572 1032 3627 ad
1084 3574 1459 3644 indulgentia
1491 3575 1833 3630 medicinam
1882 3578 2077 3631 anima
2107 3579 2222 3632 vul-

520 3667 721 3716 nerata
750 3661 1067 3731 perveniat.

521 3751 648 3806 CAP.
684 3749 898 3805 CXXIV.
929 3780 998 3789 —
1027 3751 1107 3804 De
1132 3751 1245 3804 illis
1274 3754 1373 3819 qui
1402 3752 1709 3821 despiciunt
1733 3768 1817 3807 eos
1847 3756 1945 3823 qui
1984 3753 2220 3823 ﬁdeliter

1125 3837 1335 3891 agapas
1364 3824 1611 3890 fecerint.

590 3910 712 3980 (Ea:
739 3910 962 3964 concilio
997 3911 1299 3979 Gangren.,
1331 3913 1508 3980 capite
1542 3912 1648 3981 tt.)
1684 3911 1741 3966 Si
1795 3912 1924 3984 quis
1973 3913 2217 3983 despicit

517 4015 616 4052 eos
648 3999 748 4069 qui
780 3998 1029 4052 fideliter
1057 4015 1286 4069 agapas,
1325 3999 1383 4054 id
1409 4006 1512 4066 est,
1564 4000 1821 4054 convivia
1863 4001 2215 4072 pauperibus

515 4087 810 4151 exhibent,
843 4091 898 4140 et
927 4093 1161 4156 propter
1191 4087 1470 4140 honorem
1505 4087 1601 4141 Dei
1631 4093 1946 4142 convocant
1987 4089 2210 4157 fratres,

519 4182 577 4229 et
606 4175 859 4228 noluerit
885 4175 1314 4228 communicare
1349 4176 1748 4246 hujuscemodi
1797 4177 2210 4246 vocationibus,

513 4263 936 4333 parvipendens
967 4263 1116 4333 quod
1151 4263 1392 4333 geritur,
1425 4265 1732 4318 anathema
1761 4265 1851 4318 sit.

516 4352 643 4407 CAP.
673 4350 869 4406 CXXV.
892 4378 964 4391 —
982 4353 1056 4404 De
1077 4352 1186 4405 illis
1209 4354 1304 4420 qui
1323 4353 1511 4407 dicunt
1531 4367 1585 4407 se
1613 4370 1718 4408 non
1749 4354 1944 4408 habere
1963 4360 2205 4424 peccata.

2250 3029 2291 3085 C

584 4442 694 4507 (Ea:
724 4439 944 4492 concilio
973 4442 1261 4506 Africano,
1323 4443 1499 4510 capite
1525 4444 1636 4510 70.)
1687 4443 1829 4496 Item
1879 4444 2112 4512 placuit,
2143 4449 2208 4497 ut
2271 4477 2278 4481 η

512 4528 665 4598 quod
694 4528 776 4581 ait
833 4533 1060 4582 sanctus
1119 4530 1408 4599 apostolus
1453 4531 1748 4584 Joannes:
1794 4530 1853 4594 Si
1891 4531 2207 4586 dixerimus

511 4617 646 4688 quia
695 4621 994 4687 peccatum
1041 4633 1158 4670 non
1197 4617 1496 4684 habemus,
1558 4619 1818 4688 nosipsos
1863 4619 2201 4690 decipimus,

511 4710 568 4760 et
593 4705 802 4759 veritas
830 4704 888 4757 in
920 4705 1084 4759 nobis
1115 4721 1227 4758 non
1258 4711 1362 4762 est.
1395 4706 1663 4776 Quisquis
1690 4706 1770 4760 sic
1807 4708 2202 4779 accipiendum

509 4795 816 4864 putaverit,
850 4797 914 4846 ut
944 4793 1093 4848 dicat
1149 4799 1384 4865 propter
1426 4794 1813 4849 humilitatem
1868 4812 1986 4851 non
2031 4814 2204 4868 opor-

506 4887 627 4936 tere
669 4881 780 4936 dici
817 4897 921 4934 nos
971 4898 1090 4934 non
1129 4881 1340 4936 habere
1398 4887 1714 4953 peccatum,
1748 4899 1864 4937 non
1898 4885 2033 4955 quia
2072 4901 2202 4940 vere

506 4970 585 5023 ita
635 4974 738 5033 est,
789 4968 1095 5022 anathema
1125 4967 1218 5022 sit.
1267 4970 1536 5040 Sequitur
1600 4972 1775 5038 enim,
1827 4975 1885 5024 et
1939 4973 2204 5045 adjungit

506 5059 801 5128 apostolus
835 5072 848 5110 :
883 5056 940 5111 Si
970 5062 1162 5110 autem
1194 5057 1438 5111 confessi
1494 5058 1774 5112 fuerimus
1825 5066 2053 5130 peccata
2095 5078 2199 5116 no-

507 5152 641 5214 stra,
685 5145 870 5200 ﬁdelis
914 5149 999 5198 est
1050 5150 1108 5198 et
1149 5145 1359 5215 justus,
1399 5147 1500 5216 qui
1557 5147 1814 5202 remittat
1859 5150 2023 5204 nobis
2067 5166 2200 5220 pec-

504 5241 648 5301 cata,
682 5239 738 5288 et
768 5232 1006 5287 mundet
1035 5249 1140 5287 nos
1194 5233 1266 5287 ab
1323 5234 1481 5288 omni
1529 5234 1851 5306 iniquitate.
1904 5237 2004 5292 Ubi
2066 5239 2200 5294 satis

505 5327 763 5392 apparet,
799 5323 906 5376 hoc
940 5338 1052 5376 non
1085 5326 1312 5376 tantum
1357 5323 1672 5391 humiliter,
1707 5325 1803 5379 sed
1837 5324 2010 5380 etiam
2038 5342 2195 5381 vera-

504 5411 647 5464 citer
678 5411 834 5465 dici:
879 5416 1105 5482 poterat
1135 5413 1290 5465 enim
1335 5417 1516 5481 apOst.
1566 5413 1754 5468 dicere
1797 5429 1811 5468 :
1863 5413 1922 5468 Si
1984 5415 2196 5470 dixeri-

504 5515 652 5565 mus,
707 5515 826 5553 non
873 5499 1146 5554 habemus
1198 5505 1513 5570 peccatum,
1546 5502 1805 5572 nosipsos
1853 5503 2196 5574 extollimus,

504 5593 560 5642 et
588 5588 883 5643 humilitas
922 5587 981 5642 in
1030 5589 1200 5644 nobis
1235 5605 1350 5644 non
1401 5595 1504 5645 est.
1559 5591 1666 5645 Sed
1717 5606 1852 5646 cum
1899 5591 2014 5646 ait:
2052 5593 2196 5647 Nos-

2329 1844 2675 1898 offendimus
2705 1861 2924 1898 omnes.
2953 1845 3090 1898 Nam
3129 1861 3309 1916 quare
3349 1844 3614 1898 additum
3652 1849 3750 1898 est
3811 1861 4003 1898 omne

2327 1932 2440 1986 nisi
2467 1937 2529 1986 ut
2557 1933 2664 1986 ista
2716 1933 2997 1987 sententia
3041 1933 3411 1987 conveniret?
3451 1934 3513 1987 Et
3555 1934 3617 1986 in
3673 1934 3918 1987 Psalmo
3973 1952 4004 1985 u

2328 2021 2577 2092 legitur:
2617 2021 2696 2075 Ne
2728 2021 2908 2075 intres
2956 2021 3012 2075 in
3059 2021 3342 2092 judicium
3385 2037 3517 2075 cum
3553 2037 3731 2075 servo
3761 2027 3892 2086 tuo,
3927 2038 4004 2092 qn

2329 2125 2447 2164 non
2488 2110 2899 2180 justiticabitur
2953 2110 3013 2164 iu
3079 2116 3383 2182 conspectu
3433 2115 3536 2163 tuo
3585 2112 3791 2164 omnis
3842 2112 4003 2163 viret

2330 2200 2396 2254 Et.
2445 2198 2507 2252 in
2564 2200 2822 2253 oratione
2867 2199 3270 2269 sapientissimi
3326 2198 3702 2252 Salomonis:
3791 2199 3927 2253 Non
3981 2214 4003 2250 ε

2328 2288 2504 2342 homo
2536 2289 2635 2359 qui
2665 2304 2779 2342 non
2814 2288 3079 2358 peccavit.
3123 2287 3190 2341 Et
3239 2287 3301 2340 in
3357 2287 3506 2341 libro
3543 2289 3736 2341 sancti
3771 2289 3890 2342 Job
3949 2305 3964 2340 :

2329 2391 2503 2430 manu
2526 2377 2715 2430 omnis
2742 2377 2992 2431 hominis
3033 2375 3284 2446 signum,
3339 2382 3401 2429 ut
3449 2377 3597 2430 sciat
3638 2378 3844 2430 omnis
3883 2378 4004 2430 bon

2327 2464 2724 2519 infirmitatem
2782 2481 2964 2519 suam.
3016 2465 3172 2518 Unde
3221 2465 3393 2518 etiam
3447 2465 3652 2518 Daniel
3699 2472 3950 2519 sanctus

2321 2553 2532 2622 justus,
2567 2570 2698 2607 cum
2747 2554 2807 2606 in
2858 2553 3114 2607 oratione
3159 2553 3466 2623 pluraliter
3507 2553 3792 2608 diceret:
3847 2557 4004 2609 Pecc.

2329 2642 2536 2709 vimus,
2569 2642 2933 2713 iniquitatem
2974 2641 3232 2709 fecimus,
3269 2648 3404 2704 etc.,
3440 2657 3574 2712 qua
3631 2643 3721 2696 ibi
3773 2644 3994 2696 veracit

2330 2735 2388 2784 et
2433 2731 2734 2785 humiliter
2777 2732 3100 2795 confitetur,
3155 2746 3226 2784 ne
3281 2736 3612 2801 putaretur,
3658 2733 4004 2802 quemadmt

2330 2819 2468 2874 dum
2525 2819 2758 2892 quidam
2809 2820 3084 2886 sentiunt,
3140 2819 3247 2873 hoc
3303 2836 3419 2873 non
3471 2819 3543 2874 de
3607 2822 3762 2884 suis,
3827 2820 3926 2873 sed
3990 2838 4004 2872 ‹

2329 2909 2530 2979 populi
2581 2908 2668 2962 sui
2719 2908 2913 2979 potius
2976 2908 3187 2962 dixisse
3263 2908 3530 2978 peccatis,
3589 2916 3806 2978 postea
3855 2910 4003 2962 dixit

2331 2998 2472 3052 Cum
2506 3013 2746 3061 orarem,
2785 3003 2844 3050 et
2881 2997 3184 3050 confiterer
3231 3004 3466 3067 peccata
3512 3013 3663 3062 mea,
3719 3004 3779 3051 et
3817 3013 4003 3068 pecca‘

2330 3085 2532 3156 populi
2559 3085 2670 3139 mei
2704 3085 2946 3139 Domino
2991 3085 3103 3138 Deo
3134 3099 3281 3138 meo.
3318 3085 3516 3138 Noluit
3563 3085 3764 3139 dicere
3817 3091 4003 3155 peccat

2331 3181 2548 3240 nostra,
2581 3173 2676 3228 sed
2703 3174 2904 3244 populi
2936 3174 3026 3227 sui
3055 3173 3198 3228 dixit
3226 3179 3279 3227 et
3307 3189 3413 3227 sua
3441 3190 3454 3228 :
3484 3175 3774 3245 quoniam
3823 3175 4001 3228 futuri

2330 3263 2468 3317 istos
2496 3262 2596 3333 qui
2623 3267 2739 3316 tam
2781 3264 2928 3318 male
2959 3263 3368 3334 intelligerent,
3420 3269 3710 3334 tanquam
3763 3265 3999 3335 prophei

2329 3351 2611 3420 pravidit.

2329 3438 2459 3494 CAP.
2484 3440 2726 3496 CXXVII.
2756 3469 2817 3480 —
2840 3442 2914 3496 De
2942 3441 3052 3495 illis
3075 3442 3171 3509 qui
3195 3441 3462 3510 episcopis
3482 3443 3599 3494 suis
3627 3442 3780 3495 clam
3796 3457 3900 3496 sua
3919 3455 3998 3493 co!

2529 3514 2752 3580 ﬁtentur
2766 3518 3013 3582 peccata,
3047 3518 3098 3565 et
3123 3519 3308 3580 postea
3327 3528 3528 3579 negare
3550 3514 3856 3566 uoluerint.

2403 3599 2519 3665 (Ea:
2547 3598 2746 3665 eodem,
2783 3597 2960 3668 capite
2981 3599 3095 3669 77.)
3139 3599 3279 3652 Item
3311 3598 3550 3668 placuit,
3612 3607 3681 3652 ut
3733 3601 3785 3652 si
3815 3601 3996 3670 quani:

2328 3685 2637 3756 episcopus
2681 3686 2817 3740 dicit
2850 3687 3098 3757 aliquem
3151 3685 3259 3740 sibi
3313 3687 3418 3739 soli
3469 3687 3784 3757 proprium
3823 3689 3994 3742 crime

2330 3774 2506 3828 fuisse
2535 3775 2879 3842 confessum,
2911 3781 3082 3846 atque
3143 3775 3240 3828 ille
3289 3780 3488 3845 postea
3513 3783 3712 3845 negat,
3750 3783 3810 3830 et
3857 3792 3994 3847 paene

2329 3867 2449 3917 tere
2480 3862 2745 3929 noluerit,
2779 3879 2895 3917 non
2927 3869 3092 3933 putet
3114 3863 3181 3917 ad
3215 3863 3492 3933 injurium
3526 3880 3695 3918 suam
3732 3867 3992 3936 episcopl

2329 3951 2644 4022 pertinere,
2671 3951 2821 4022 quod
2866 3952 2950 4005 illi
2981 3952 3081 4005 soli
3115 3968 3231 4005 non
3271 3951 3547 4016 creditur,
3589 3958 3648 4005 et
3682 3970 3730 4006 SI
3764 3952 3992 4022 scrupea

2327 4040 2576 4110 propria
2601 4039 2964 4094 conscientia
2985 4057 3042 4094 se
3073 4040 3210 4094 dicit
3259 4041 3495 4110 neganti
3524 4041 3681 4094 nolle
3711 4039 3990 4108 communi-1

2327 4142 2476 4187 care,
2529 4132 2743 4181 secrete
2811 4132 3007 4181 tamen
3065 4127 3368 4181 interdicat
3423 4127 3478 4180 ei
3529 4128 3988 4192 communionem.

2327 4215 2508 4270 donec
2538 4216 2917 4286 obtemperet.

2238 4309 2281 4363 D
2322 4304 2448 4360 CAP.
2483 4305 2752 4360 CXXVIII.
2785 4335 2853 4344 —
2879 4307 2952 4358 De
2978 4305 3089 4358 illis
3119 4304 3504 4374 paenitentibus
3533 4307 3633 4372 qui
3660 4310 3870 4358 attente
3894 4305 3986 4360 le}!

2797 4379 3126 4445 paenitentia
3144 4383 3538 4444 exsequuntur.

2390 4463 2498 4534 (Ea:
2536 4465 2756 4519 concilio
2795 4464 3079 4532 Carthag.,
3125 4467 3304 4533 capite
3352 4464 3467 4534 79.)
3521 4464 3874 4518 Poenitentes
3927 4477 3984 4532 qu

2316 4557 2531 4607 attente
2581 4553 2736 4623 leges
2785 4553 3140 4623 panitentia
3198 4565 3622 4624 exsequuntur,
3675 4553 3725 4605 si
3783 4568 3911 4605 casu
3961 4549 3981 4602 i

2315 4641 2541 4707 itinere,
2574 4643 2659 4694 vel
2691 4641 2749 4695 in
2781 4641 2925 4695 mari
2963 4641 3175 4695 mortui
3218 4641 3458 4708 fuerint,
3514 4641 3617 4694 ubi
3663 4641 3749 4695 eis
3806 4641 3982 4693 subve

2314 4729 2426 4783 niri
2457 4746 2572 4783 non
2607 4730 2810 4800 potuit,
2849 4730 3126 4784 memoria
3171 4744 3395 4796 eorum,
3431 4736 3488 4783 et
3537 4729 3912 4790 orationibus,

2313 4817 2698 4872 oblationibus
2727 4818 3185 4872 commendetur.

2311 4904 2438 4961 CAP.
2491 4906 2711 4962 CXXIX.
2769 4935 2841 4947 —
2898 4909 2969 4961 De
3016 4908 3128 4960 illis
3173 4908 3271 4974 qui
3315 4921 3375 4960 se
3427 4909 3692 4975 affligunt
3753 4906 3818 4960 de
3873 4905 3932 4959 ob

3001 4977 3308 5031 charorum.

2384 5065 2506 5132 (Ea:
2553 5067 2712 5134 epist.
2764 5065 3025 5120 Anastas.
3068 5067 3298 5134 lpapa,
3354 5065 3570 5133 Nejano
3621 5065 3866 5120 nobiliss.
3901 5065 3938 5115 ri

2309 5152 2535 5218 directa,
2569 5155 2747 5223 capite
2771 5155 2879 5222 tt.)
2917 5153 3026 5207 Nos
3068 5161 3262 5207 autem
3313 5154 3414 5224 qui
3446 5154 3743 5221 novimus,
3784 5153 3910 5225 qui}

2309 5240 2598 5295 credimus
2633 5247 2689 5296 et
2717 5240 3008 5306 docemus,
3042 5240 3372 5294 contristari
3405 5241 3654 5296 nimium
3686 5243 3761 5296 de
3795 5243 3918 5295 obes

2307 5328 2462 5383 tibus
2512 5345 2627 5384 non
2683 5329 2974 5393 debemus,
3031 5345 3101 5383 ne
3166 5330 3319 5400 quod
3377 5330 3534 5400 apud
3597 5331 3744 5384 alios
3795 5323 3956 5401 pietati

2307 5421 2466 5472 tenet
2497 5418 2768 5488 speciem,
2803 5418 2911 5471 hoc
2969 5418 3149 5488 magis
3191 5417 3355 5472 nobis
3411 5418 3471 5471 in
3521 5419 3696 5490 culpa
3745 5421 3829 5473 sit.
3864 5420 3920 5471 Na

2309 5505 2646 5560 diffidentia
2673 5507 3100 5576 quodammodo
3130 5522 3310 5576 genus
3347 5513 3432 5560 est
3461 5514 3669 5562 contra
3696 5507 3824 5573 hoc,
3855 5522 3916 5576 qu

2308 5595 2550 5666 quisque
2580 5594 2922 5666 pradicator
2951 5595 3159 5668 quarit
3178 5595 3461 5666 justitiam
3513 5612 3739 5658 amans,
3789 5597 3968 5735 dicenﬁ

3910 4741 3980 5207 ᾖ

3919 5261 3974 5589 ᾖ
