4014 6200
44 274 153 326 1009

844 265 1318 321 DECRETORUM
1362 265 1547 319 LIBRI
1583 265 1690 319 XX.
1730 293 1804 303 —
1842 262 2051 317 LIBER
2090 260 2393 316 DECIMUS
2432 258 2677 315 NONUS.

3398 260 3531 313 1010

44 396 305 466 Apostolo
336 410 349 448 :
385 394 664 449 Nolumus
695 393 883 443 autem
927 404 1023 442 vos
1065 388 1354 457 ignorare,
1387 387 1609 452 fratres,
1642 386 1710 440 de
1740 392 1786 443 Α
1830 386 1960 440 CAP.
1996 384 2262 440 CXXXVI.
2326 386 2399 438 De
2452 382 2566 435 illis
2602 382 2709 466 ‘qui
2734 395 2918 466 aream
2943 381 3193 450 promimi
3230 382 3321 435 sui
3348 382 3530 435 incen-

44 483 441 538 dormientibus
482 486 546 534 ut
590 495 707 534 non
752 475 1222 542 constristemini,
1255 476 1402 529 sicut
1433 479 1489 528 et
1533 473 1722 528 caeteri

44 575 117 645 qui
151 590 319 644 spem
351 588 467 626 non
496 570 727 624 habent.
771 569 883 621 Hac
914 566 1128 636 itaque,
1164 566 1336 618 frater
1366 562 1721 627 charissime,

43 665 251 718 ratione
300 664 605 733 prospecta
664 657 1012 711 studendum
1066 654 1229 708 nobis
1288 656 1393 719 est,
1452 657 1516 705 ut
1576 651 1723 703 sicut

44 752 297 819 diximus,
340 767 454 805 non
498 748 567 802 de
619 744 864 800 mortuis
926 744 1274 814 afﬂigamur,
1326 741 1422 795 sed
1456 740 1722 795 affectum

44 841 345 896 viventibus
374 837 798 908 impendamus,
848 833 1056 903 quibus
1098 837 1155 885 et
1183 830 1365 902 pietas
1407 830 1477 883 ad
1510 827 1722 882 utilita-

43 940 154 989 tem.
190 935 249 984 et
272 929 340 983 sit
370 928 440 982 ad
470 927 720 980 fructum
760 922 1011 977 dilectio.
1073 920 1277 974 Desine
1330 918 1527 987 igitur,
1585 916 1724 970 cha-

44 1020 273 1085 rissima,
330 1030 660 1081 maerorem,
721 1017 778 1065 et
825 1026 1050 1065 assume
1105 1009 1420 1079 spiritalem
1474 1005 1723 1059 fructum

48 1108 262 1174 aatitim,
315 1107 381 1160 ad
437 1103 741 1158 utilitatem
799 1104 1006 1153 sanctae
1066 1097 1166 1152 Dei
1198 1095 1481 1158 Ecclesiae,
1532 1108 1721 1147 servo-

43 1212 275 1267 rumque
305 1194 428 1265 ejus
485 1191 827 1263 profectum,
872 1194 928 1240 et
956 1186 1084 1240 vitae
1141 1186 1312 1254 hujus
1362 1196 1721 1253 quaecunque

44 1291 155 1341 sunt
212 1284 416 1355 spatia,
478 1279 709 1335 aeternis
790 1276 1115 1345 divinisque
1178 1273 1379 1327 ofﬁciis
1432 1271 1722 1325 illustrare

44 1374 333 1438 contende,
369 1375 431 1424 ut
482 1369 580 1440 qui
620 1366 907 1436 insignem
947 1370 1001 1418 te
1036 1361 1323 1434 praestitit,
1374 1359 1575 1414 reddat
1613 1357 1722 1411 sibi

44 1478 127 1531 per
146 1460 358 1514 saecula
388 1457 711 1511 clariorem.

46 1569 148 1622 CAP.
182 1568 377 1623 CXXX.
417 1594 489 1606 —
519 1567 593 1619 De
612 1563 725 1616 illis
759 1563 856 1628 qui
879 1559 1125 1628 sibiipsis
1150 1555 1456 1611 voluntarie
1498 1557 1721 1607 mortem

740 1633 989 1697 inferunt
998 1670 1009 1682 .

94 1728 202 1792 (Em
226 1727 456 1780 concilio
482 1726 774 1792 Braggar.,
806 1721 983 1788 capite
1028 1716 1132 1787 10.)
1177 1713 1397 1770 Placuit
1438 1716 1503 1767 ut
1528 1711 1589 1767 hi
1619 1709 1722 1782 qui

46 1811 275 1880 sibiipsis
305 1808 648 1873 voluntarie,
703 1809 804 1858 aut
842 1818 945 1873 per
982 1802 1222 1860 ferrum,
1282 1802 1379 1852 aut
1409 1812 1513 1866 per
1545 1811 1723 1849 vene-

46 1915 174 1960 num,
211 1906 320 1952 aut
349 1913 452 1969 per
481 1892 885 1965 praecipitium,
916 1894 1013 1942 aut
1042 1903 1146 1959 per
1192 1885 1586 1955 suspendium,
1633 1883 1722 1936 vel

48 1987 280 2057 quolibet
310 1985 478 2038 modo
524 1983 778 2036 inferunt
827 1982 1097 2044 mortem,
1140 1975 1293 2028 nulla
1347 1988 1453 2043 pro
1511 1971 1626 2025 illis
1660 1971 1721 2024 in

50 2075 315 2129 oblatione
342 2068 813 2127 commemoratio
841 2067 961 2132 ﬁat,
996 2079 1186 2135 neque
1220 2078 1351 2116 cum
1377 2059 1619 2116 Psalmis
1651 2059 1721 2113 ad

48 2164 378 2231 sepulturam
413 2174 615 2213 eorum
646 2156 922 2211 cadavera
949 2153 1328 2208 deducantur.
1364 2148 1524 2204 Multi
1564 2147 1720 2203 enim

50 2250 125 2303 sibi
152 2250 278 2304 hoc
330 2264 430 2318 per
485 2244 873 2317 ignorantiam
931 2243 1308 2311 usurparunt.
1368 2236 1643 2294 Similiter
1667 2240 1724 2289 et

51 2340 94 2392 de
140 2338 231 2392 his
299 2336 516 2407 placuit
572 2332 716 2399 ﬁeri,
759 2330 859 2403 qui
910 2346 1015 2401 pro
1080 2327 1196 2383 suis
1258 2326 1568 2381 sceleribus
1615 2341 1720 2395 pu-

50 2429 287 2481 niuntur.

412 2511 537 2566 CAP.
576 2509 798 2564 CXXXI.
839 2536 909 2547 —
940 2507 1021 2561 De
1049 2504 1234 2559 eadem
1262 2516 1340 2558 re.

98 2606 197 2671 (Ea:
243 2601 515 2661 concilio,
577 2597 875 2660 Cabillon.,
944 2591 1215 2662 capites.)
1270 2590 1608 2661 Quicunque
1666 2604 1723 2642 se

48 2691 263 2762 propria
324 2690 636 2748 voluntate,
700 2689 801 2739 aut
867 2683 927 2737 in
976 2698 1186 2754 aquam
1250 2679 1571 2751 jactaverit,
1628 2682 1729 2732 aut

50 2782 235 2834 collum
280 2775 689 2849 ligaveritg-aut
734 2773 805 2827 de
867 2771 1070 2825 arbore
1118 2767 1581 2840 pracipitaverit,
1628 2770 1728 2819 aut

54 2870 170 2923 [erro
214 2865 570 2937 percusserit
624 2868 721 2917 aut
776 2860 1013 2915 cuilibet
1064 2856 1384 2911 voluntarie
1440 2871 1500 2910 se
1553 2854 1726 2909 morti

56 2956 333 3015 tradilerit.
364 2953 525 3007 istius
547 2950 761 3005 oblatio
793 2964 910 3002 non
940 2945 1272 3017 recipiatur.

57 3062 157 3116 CAP.
187 3060 434 3116 CXXXII.
450 3090 517 3098 —
534 3060 609 3113 De
622 3057 734 3110 illis
747 3056 846 3123 qui
857 3069 975 3108 cum
994 3050 1304 3121 inﬁdelibus
1317 3050 1495 3104 cibum
1522 3063 1728 3102 sumere

540 3148 543 3149 ν
649 3126 1117 3197 praesumpserint.

110 3224 212 3289 (Ea:
242 3220 467 3273 concilio
515 3213 842 3283 Elibertan.)
875 3212 934 3267 Si
987 3226 1123 3265 vero
1181 3208 1310 3279 quis
1370 3205 1609 3259 clericus
1640 3205 1729 3258 vel

59 3308 215 3362 ﬁdelis
249 3322 380 3360 cum
410 3304 619 3360 Iudaeis
645 3302 839 3356 cibum
878 3297 1206 3368 sumpserit,
1264 3295 1479 3366 placuit
1524 3308 1658 3347 eum
1696 3308 1729 3344 a

58 3397 442 3452 communione
475 3390 765 3457 abstineri,
797 3395 862 3444 ut
889 3389 1092 3443 debeat
1128 3385 1443 3440 emendari.

60 3502 426 3560 CAP.CXXXIII
436 3530 520 3554 .-—
532 3502 607 3555 De
626 3499 737 3553 illis
757 3499 852 3567 qui
862 3497 1195 3565 apostatant,
1211 3497 1260 3545 et
1275 3492 1349 3545 ad
1361 3489 1730 3544 idololatriam

676 3584 731 3624 se
756 3570 1089 3623 convertunt.

116 3664 219 3733 (Ea:
253 3660 475 3732 eodem.)
505 3659 806 3730 Adjectum
858 3660 943 3710 est
995 3653 1167 3707 etiam
1227 3648 1507 3721 quosdam
1565 3644 1732 3701 Chri-

59 3752 259 3806 stianos
289 3751 357 3805 ad
398 3748 786 3821 apostastiam,
837 3743 989 3816 quod
1019 3741 1132 3797 dici
1180 3738 1339 3793 nefas
1379 3742 1484 3803 est,
1544 3740 1732 3789 trans-

61 3848 267 3905 euntes,
295 3844 351 3893 et
377 3838 661 3893 idolorum
691 3836 869 3901 cultu,
900 3848 964 3885 ac
1009 3828 1419 3884 sacriﬁciorum
1450 3822 1728 3879 contami-

64 3928 278 3982 uatione
300 3927 647 3997 profanatos,
664 3939 809 3994 quos
835 3919 1090 3976 aChristi
1113 3932 1350 3987 corpore
1382 3919 1439 3968 et
1456 3911 1736 3981 sanguine

61 4034 160 4089 quo
192 4018 414 4072 dudum
456 4013 735 4085 redempti
791 4012 1020 4066 fuerant
1064 4004 1436 4071 renascendo,
1465 4002 1736 4073 jubemus

61 4105 299 4160 absciudi
332 4122 346 4159 :
381 4110 439 4158 et
468 4103 514 4157 si
543 4100 938 4172 resipiscentes
980 4097 1129 4150 forte
1181 4091 1489 4164 aliquando
1522 4089 1739 4144 fuerint

68 4459 387 4528 peccatoris,
420 4458 517 4511 sed
557 4460 621 4511 ut
649 4458 1012 4508 convertatur
1041 4454 1099 4504 et
1126 4448 1295 4501 vivat.

423 4547 552 4602 CAP.
586 4544 843 4600 CXXXIV.
872 4571 939 4580 —
971 4541 1050 4594 De
1077 4536 1261 4592 eadem
1284 4551 1360 4589 re.

127 4640 239 4708 (Ea:
258 4636 485 4705 eodem.)
522 4636 598 4689 De
626 4634 715 4688 his
767 4631 867 4702 qui
921 4631 1266 4699 apostatant,
1325 4628 1382 4677 et
1405 4636 1537 4675 raro
1583 4633 1643 4672 se
1672 4617 1744 4671 ad

74 4706 363 4783 Ecclesiam
417 4726 853 4794 repraesentant,
909 4734 1014 4772 nec
1061 4714 1295 4787 quidem
1347 4706 1746 4781 paenitentiam

73 4833 227 4886 agere
267 4818 557 4885 quaerunt,
591 4818 647 4865 et
702 4815 898 4880 postea
928 4807 986 4860 in
1037 4804 1371 4858 inﬁrmitate
1403 4797 1619 4867 arrepti
1646 4810 1747 4866 pe-

71 4910 188 4959 tunt
238 4901 729 4964 communionem,
760 4896 975 4969 placuit
1029 4910 1144 4947 non
1176 4890 1424 4945 dandam
1478 4887 1559 4940 eis
1587 4899 1750 4938 com-

72 4994 416 5057 munionem,
460 4989 569 5043 nisi
609 4985 986 5043 revelaverint
1036 4996 1236 5036 eorum
1283 4983 1499 5032 rectam
1555 4974 1750 5037 ﬁdem,

74 5087 121 5134 et
146 5081 370 5152 egerint
399 5080 615 5133 fructus
644 5077 849 5145 dignos
878 5069 1253 5144 paenitentiae.

74 5191 189 5246 CAP.
223 5189 451 5245 CXXXV.
477 5218 542 5227 —
574 5189 647 5241 De
674 5186 785 5240 illis
828 5184 924 5251 qui
945 5180 1252 5234 christiana
1279 5174 1558 5242 mancipia
1586 5168 1757 5238 capti-

766 5254 1036 5309 vaverint.

138 5353 245 5414 (Ea:
286 5346 658 5404 Prenitentiali
698 5340 919 5411 Theod.)
957 5339 1013 5394 Si
1059 5336 1420 5407 quiscunque
1464 5330 1758 5387 hominem

2579 452 2781 506 derint.

1844 586 1847 587 ν
1904 544 2023 613 (Eo:
2072 542 2444 597 Pamitentiali
2498 541 2779 608 Romano.)
2839 539 2896 593 Si
2954 538 3083 610 quis
3136 539 3373 592 domum
3437 540 3529 593 vel

1835 645 2025 683 aream
2080 630 2471 697 cujuscunque
2558 625 2876 678 voluntarie
2950 625 3084 694 igne
3163 625 3526 691 cremaverit,

1833 718 2055 771 sublata
2086 718 2171 770 vel
2194 716 2421 770 incensa
2465 713 2663 768 omnia
2692 713 2973 779 restituat,
3024 718 3081 766 et
3134 713 3317 767 tribus
3363 713 3528 767 annis

1830 805 2228 877 paenitentiam
2262 810 2413 874 agat.

1834 896 1961 950 CAP.
1996 893 2280 949 CXXXVII.
2313 923 2381 932 —
2418 893 2498 945 De
2530 891 2643 944 illis
2668 892 2765 958 qui
2793 889 3080 943 libidinose
3109 889 3529 944 obtrectaverint

2326 963 2563 1033 puellam
2602 966 2698 1014 aut
2727 962 3025 1014 mulierem.

1903 1057 2012 1120 (Ea:
2039 1053 2261 1121 eodem.)
2292 1052 2348 1106 Si
2376 1051 2505 1122 quis
2561 1047 2961 1103 obtrectaverit
3001 1049 3207 1118 puellae
3241 1052 3341 1101 aut
3392 1064 3527 1101 mu-

1831 1140 1987 1194 lieris
2017 1146 2235 1211 pectus,
2291 1141 2377 1193 vel
2424 1138 2845 1205 turpitudinem
2907 1152 3146 1190 earum:
3187 1136 3233 1189 si
3290 1137 3527 1189 clericus

1832 1233 1935 1295 est,
1997 1230 2254 1300 quinque
2311 1228 2478 1281 dies:
2522 1228 2568 1280 si
2628 1226 2822 1285 laicus,
2884 1229 2997 1277 tres
3048 1225 3169 1278 dies
3226 1224 3519 1294 poeniteat.

1832 1316 2135 1370 Monachus
2165 1318 2251 1369 vel
2284 1315 2563 1379 sacerdos,
2596 1330 2628 1367 a
2658 1313 2978 1367 ministerio
3014 1311 3208 1365 divino
3242 1310 3523 1380 suspensi,

1833 1403 1880 1457 si
1909 1404 2123 1473 aliquid
2157 1405 2268 1457 tale
2294 1403 2553 1468 fecerint,
2598 1402 2801 1472 viginti
2831 1401 2950 1455 dies
2994 1399 3330 1470 paeniteant.
3375 1399 3522 1452 Scri-

1831 1497 1994 1563 ptum
2027 1499 2112 1547 est
2142 1493 2342 1547 enim:
2392 1493 2587 1563 Neque
2640 1491 2941 1561 tetigeritis
2989 1505 3176 1561 neque
3232 1489 3516 1543 obtrecta-

1832 1582 2025 1635 veritis
2053 1581 2473 1650 turpitudinem
2503 1581 2869 1635 feminarum.

1753 1678 1793 1732 Β
1831 1672 1960 1727 CAP.
1994 1670 2310 1726 CXXXVIII.
2341 1699 2409 1709 -—
2442 1673 2516 1724 De
2551 1670 2663 1723 illis
2714 1670 2811 1736 qui
2841 1668 3027 1722 balneo
3057 1683 3177 1722 cum
3206 1665 3523 1720 mulieribus

2501 1755 2557 1794 se
2589 1740 2841 1793 laverint.

1902 1830 2016 1899 (Ea:
2044 1828 2410 1884 Pa'nitentiali
2464 1826 2687 1894 Theod.)
2747 1826 2804 1881 Si
2861 1825 2988 1896 quis
3046 1824 3106 1878 in
3162 1823 3365 1878 balneo
3394 1839 3524 1877 cum

1828 1917 2168 1971 mulieribus
2199 1932 2258 1969 se
2287 1917 2473 1969 lavare
2527 1913 2977 1984 praesumpserit,
3026 1918 3145 1967 tres
3187 1912 3309 1966 dies
3338 1911 3523 1981 poeni-

1830 2011 1965 2073 teat,
1998 2011 2055 2059 et
2079 2004 2319 2059 ulterius
2340 2020 2455 2057 non
2488 2007 2818 2073 praesumat.

1830 2095 1961 2149 CAP.
1994 2093 2251 2149 CXXXIX.
2316 2122 2382 2132 —
2422 2094 2495 2145 De
2546 2091 3021 2214 (administratione
3072 2089 3437 2156 menodochiz,
3476 2093 3527 2143 et

2597 2176 2792 2214 θοιηιω.

2597 2176 2792 2215 θοιηιω.

1902 2253 2011 2322 (Ea:
2040 2250 2265 2321 eodem.)
2314 2250 2373 2305 Si
2402 2249 2531 2320 quis
2560 2247 2947 2302 xeuodochias
2976 2261 3297 2317 pauperum
3346 2245 3531 2300 admi-

1830 2340 2057 2405 nistrat,
2111 2340 2200 2393 vel
2264 2339 2512 2393 decimas
2568 2335 2774 2407 populi
2830 2333 3160 2403 susceperit,
3209 2333 3345 2387 etsi
3397 2333 3527 2404 quis

1830 2430 2035 2485 exinde
2068 2429 2155 2481 vel
2183 2428 2300 2481 suis
2331 2426 2699 2481 saecularibus
2729 2424 2902 2478 lucris
2934 2423 3266 2477 sectandum
3312 2422 3527 2492 aliquid

1831 2516 2196 2583 subtraxerit,
2257 2514 2421 2586 quasi
2478 2530 2673 2567 rerum
2723 2512 3041 2566 alienarum
3081 2510 3353 2564 invasor:
3397 2525 3530 2563 reus

1832 2607 2110 2662 damnum
2138 2606 2415 2659 restituat.
2452 2608 2509 2657 et
2554 2603 2659 2656 sub
2689 2600 2963 2655 canonico
3011 2598 3231 2668 judicio
3264 2597 3530 2652 reforme-

1832 2699 1948 2762 tur,
1980 2698 2035 2748 et
2066 2698 2199 2764 agat
2223 2690 2624 2763 pmnitentiam
2658 2690 2842 2744 tribus
2890 2688 3075 2741 annis.
3128 2686 3416 2757 Scriptum
3447 2691 3531 2739 est

1834 2784 1988 2837 enim
2028 2798 2040 2836 :
2074 2783 2269 2836 Talem
2323 2780 2779 2850 dispensatorem
2832 2776 3111 2831 Dominus
3168 2774 3396 2845 qumrit,
3430 2773 3530 2845 qui

1835 2872 1942 2925 sibi
1972 2871 2040 2925 de
2065 2870 2181 2924 suis
2198 2869 2343 2923 nihil
2372 2871 2629 2937 usurpet.

1760 2956 1802 3011 C
1840 2960 1966 3014 CAP.
2001 2958 2147 3014 CXL.
2200 2988 2267 2997 —-
2312 2959 2377 3011 Ut
2431 2958 2649 3022 femina
2707 2958 3059 3008 menstruales
3113 2968 3220 3006 non
3275 2952 3527 3019 offerant.

1909 3048 2028 3117 (Ea:
2057 3047 2279 3101 concilio
2310 3047 2574 3111 Mogunt.,
2606 3046 2783 3112 capite
2814 3042 2890 3111 6.)
2934 3041 3195 3096 Mulieres
3239 3044 3532 3093 menstruo

1838 3142 2095 3205 tempore
2160 3150 2279 3188 non
2380 3133 2644 3197 offerant,
2708 3147 2813 3184 nec
2886 3127 3369 3193 sanctimoniales,
3429 3142 3533 3180 nec

1838 3224 2019 3278 laicus.
2080 3222 2137 3278 Si
2192 3220 2680 3292 praesumpserint,
2732 3223 2847 3271 tres
2900 3214 3291 3271 hebdomadas
3348 3213 3531 3283 paeni-

1836 3316 2013 3366 teant.

1839 3402 1969 3456 CAP.
2013 3399 2183 3454 CXLI.
2223 3426 2295 3439 —
2326 3400 2396 3452 De
2424 3395 2538 3450 illis
2570 3396 2792 3461 feminis
2815 3408 2933 3462 quae
2963 3397 3089 3446 ante
3116 3390 3376 3445 mundum
3399 3403 3533 3462 sane

1909 3473 2128 3595 guinem
2191 3470 2495 3523 Ecclesium
2539 3460 2776 3534 intrant,
2824 3460 2881 3518 et
2932 3479 3052 3532 quae
3121 3463 3404 3532 nupserant
3452 3460 3533 3513 his

1952 3557 1997 3595 ie
2034 3555 2118 3594 us.

1913 3630 2032 3700 (Ea:
2080 3626 2446 3682 Pcenitentiali
2498 3624 2723 3686 Theod.)
2772 3622 2973 3676 Mulier
3025 3636 3156 3691 qum
3211 3618 3389 3672 intrat
3440 3618 3535 3671 Ec-

1842 3718 2069 3773 clesiam
2102 3722 2232 3770 ante
2276 3714 2560 3768 mundum
2618 3710 2959 3782 sanguinem
3008 3712 3137 3779 post
3191 3711 3443 3777 partum,
3488 3705 3535 3757 si

1844 3807 2159 3862 masculum
2194 3806 2447 3873 generat,
2490 3800 2696 3855 XXXIII
2746 3799 2884 3861 dies,
2942 3797 2987 3850 si
3045 3795 3342 3851 fceminam
3403 3793 3531 3847 LVI.

1842 3897 1900 3953 Si
1922 3911 2037 3966 qua
2066 3898 2256 3947 autem
2297 3889 2731 3962 praesumpserit
2756 3893 2887 3940 ante
2928 3891 3153 3956 tempus
3184 3880 3536 3954 praeﬁnitum

1848 3983 2151 4040 Ecclesium
2197 3981 2437 4047 intrare,
2486 3984 2571 4032 tot
2599 3976 2720 4031 dies
2750 3976 2809 4030 in
2876 3990 3025 4045 pane
3074 3978 3131 4027 et
3185 3988 3336 4042 aqua
3365 3969 3539 4041 paeni-

1844 4077 1981 4141 teat,
2013 4077 2154 4143 quot
2182 4069 2425 4125 Ecclesia
2454 4083 2647 4121 carere
2694 4065 2986 4120 debuerat.
3018 4061 3125 4127 Qui
3170 4065 3363 4113 autem
3408 4073 3540 4111 con-

1846 4159 2111 4217 cubuerit
2140 4173 2271 4213 cum
2303 4172 2370 4211 ea
2422 4154 2511 4210 his
2563 4153 2783 4218 diebus,
2834 4151 3032 4206 decem
3091 4147 3212 4203 dies
3265 4146 3541 4218 pceniteat

1658 4265 1735 4319 ίο..
1768 4235 1812 4289 Ῑ)
1850 4251 1908 4305 in
1932 4264 2082 4320 pane
2113 4252 2169 4301 et
2200 4262 2367 4316 aqua.

1851 4338 1980 4393 CAP.
2014 4335 2213 4391 CXLII.
2239 4363 2306 4373 —
2350 4330 2503 4398 Quod
2532 4328 2782 4384 monachi
2805 4324 3141 4382 secularibus
3170 4322 3543 4393 paenitentiam

2411 4401 2542 4455 dare
2581 4416 2687 4454 non
2739 4398 2983 4453 debeant.

1924 4496 2043 4566 (Ea:
2073 4494 2298 4549 concilio
2319 4493 2585 4559 Mogunt.,
2609 4490 2786 4558 capite
2805 4485 2880 4556 2.)
2921 4483 3108 4541 Liberi
3140 4482 3254 4536 sint
3284 4478 3547 4535 monachi

1853 4585 1925 4639 ad
1954 4583 2200 4638 dandam
2231 4579 2630 4652 paenitentiam
2663 4575 3049 4631 saecularibus.

1855 4674 1984 4729 CAP.
2009 4671 2233 4727 CXLIII.
2251 4700 2316 4710 —
2339 4671 2407 4725 Ut
2416 4671 2732 4738 pavnitentes
2745 4670 2868 4738 ante
2881 4666 3160 4733 peractam
3173 4658 3549 4729 paenitentiam

2425 4755 2531 4793 non
2553 4737 2981 4791 reconcilientur.

1929 4834 2039 4900 (Ea:
2059 4830 2259 4899 eodem,
2287 4831 2464 4898 capite
2490 4827 2606 4895 23.)
2638 4826 2763 4880 Non
2793 4819 3236 4876 reconcilientur
3274 4814 3553 4887 poeniten-

1860 4924 1942 4973 tes
1974 4918 2019 4971 si
2051 4916 2354 4972 necessitas
2404 4931 2519 4969 non
2576 4909 2850 4982 coegerit,
2910 4909 3020 4963 nisi
3079 4911 3208 4978 post
3262 4906 3551 4975 peractam

1858 5006 2284 5078 penitentiam.

1864 5097 1993 5152 CAP.
2028 5093 2249 5149 CXLIV.
2286 5121 2343 5132 —
2378 5094 2449 5145 De
2495 5090 2608 5143 illis
2667 5091 2763 5157 qui
2791 5087 2865 5141 ad
2902 5085 3283 5157 confessionem
3312 5078 3554 5157 veniunt,

1933 5179 2141 5220 necesse
2191 5169 2268 5217 est
2316 5166 2377 5216 ut
2423 5153 2772 5230 primum'de
2810 5160 2977 5213 livore
3028 5153 3273 5219 invidiae,
3327 5155 3377 5203 et
3422 5162 3556 5200 ava-

1934 5239 2092 5299 ritia,
2114 5237 2531 5302 interrogentur.

1940 5324 2059 5394 (Ea:
2090 5322 2453 5378 Paenitentiali
2506 5318 2732 5388 Theod.)
2765 5316 2910 5372 Sane
2941 5313 3079 5386 quia
3131 5311 3200 5367 de
3256 5309 3431 5363 livore
3479 5306 3562 5359 in-

140 5394 241 5414 \-"
286 5394 305 5404 -
338 5394 653 5402 ‘-'--"-"v---
700 5394 869 5399 --ηνν
903 5394 916 5411 1
1077 5394 1093 5407 .
1324 5394 1342 5404 -

78 5438 327 5507 quolibet
378 5437 613 5508 ingenio
666 5428 1036 5503 captivaverit
1063 5430 1164 5481 aut
1213 5421 1618 5489 transmiserit,
1646 5424 1761 5472 tres
1869 5413 2059 5477 vidiaa,
2091 5416 2149 5464 et
2172 5411 2241 5465 de
2264 5409 2370 5474 ira,
2394 5423 2618 5463 necnon
2662 5410 2717 5459 et
2754 5405 2823 5459 de
2870 5401 3130 5464 avaritia,
3178 5402 3243 5452 ut
3300 5394 3563 5465 superius

1892 5501 1931 5508 -.
2260 5503 2269 5508 .
2395 5497 2405 5507 ι
2502 5500 2511 5508 .
2622 5495 2637 5508 ι
2768 5493 2777 5503 -
2820 5492 2892 5508 ιι·
2997 5493 3138 5508 ,---L_
3199 5490 3260 5508 ..Α
3314 5483 3563 5508 -..ι-ει..--

82 5540 252 5578 annos
265 5523 551 5595 pcenitcat.

1877 5501 2165 5571 digestum
2193 5503 2297 5564 est,
2325 5497 2591 5551 oriuntur
2622 5492 2953 5557 homicidia,
2993 5493 3165 5551 recte,
3199 5490 3264 5541 ut
3312 5483 3564 5539 arbitror
