4010 6194
415 185 540 236 1011

1497 178 1905 235 ΒΠΒΟΗΑΒΙΠ
1944 177 2477 235 WORMACIENSIS
2521 173 2856 232 EPISCOPI.

3820 177 3963 227 IOl’Z

410 304 736 360 censuimus
771 304 840 360 de
888 302 1012 373 ipso
1041 301 1179 357 vitio
1233 302 1485 372 primum
1543 302 1789 373 qualiter
1827 302 2096 356 sacerdo-
2124 303 2170 356 Α
2208 300 2370 366 ﬁant,
2405 300 2550 354 sicut
2582 299 2643 352 in
2676 297 2884 353 divinis
2915 299 3142 369 legibus
3179 300 3462 355 censitum
3494 304 3605 365 est,
3658 305 3722 353 et
3757 299 3829 352 in
3869 317 3965 352 ca-

411 395 514 449 tali
539 393 757 464 judicio
792 391 1060 446 canonice
1094 391 1324 461 penitus
1352 391 1424 444 sit
1470 391 1870 461 corrigendum
1919 396 2107 444 osten-

413 483 592 538 dere:
655 497 720 535 ac
774 481 982 536 deinde
1038 480 1352 533 secundum
1408 479 1670 533 ordinem
1725 479 1994 533 vitiorum
2034 479 2112 532 ita

416 569 741 626 remedium
797 569 1200 640 subsequatur,
1279 584 1392 637 quo
1446 567 1670 621 facilius
1726 568 2111 638 undecunque

415 659 703 730 paenitens
735 657 972 729 purgari
1000 656 1267 722 voluerit,
1300 655 1422 708 sine
1454 656 1729 710 dilatione
1771 656 1832 710 in
1869 656 2112 726 singulis

417 748 682 819 capitulis
714 746 1058 801 inveniatur.

418 855 545 910 CAP.
580 853 771 910 CXLV.
800 881 874 893 —
902 854 977 906 De
1003 852 1116 905 illis
1140 853 1237 920 qui
1273 852 1377 906 soli
1400 853 1505 905 Deo
1533 857 1754 920 peccata
1801 865 1902 906 sua
1945 855 2111 920 confi-

946 922 1108 976 tenda
1138 937 1249 976 esse
1279 925 1587 991 afﬁrmant.

487 1013 597 1082 (Ea:
648 1011 872 1076 eodem.)
929 1011 1172 1074 Quidam
1245 1011 1360 1064 Deo
1421 1011 1785 1066 solummodo
1851 1011 2114 1066 conﬁteri

418 1101 627 1156 debere
701 1099 896 1154 dicunt
948 1103 1197 1169 peccata,
1243 1105 1309 1152 ut
1373 1100 1594 1154 Graeci:
1657 1101 1895 1170 quidam
1977 1117 2112 1154 vero

415 1187 805 1242 sacerdotibus
871 1185 1197 1240 confitenda
1281 1201 1411 1240 esse
1467 1193 1825 1258 percensent,
1897 1193 1956 1243 ut
1997 1193 2114 1242 tota

416 1282 611 1330 sancta
664 1274 928 1330 Ecclesia.
993 1274 1155 1338 Quod
1196 1278 1509 1346 utrumque
1562 1291 1676 1329 non
1731 1277 1854 1330 sine
1901 1292 2112 1347 magno

413 1365 603 1420 fructu
661 1365 814 1418 intra
867 1368 1118 1416 sanctam
1171 1362 1233 1416 fit
1291 1364 1610 1431 Ecclesism,
1664 1365 1762 1426 lita
1815 1365 2110 1432 duntaxat,

416 1460 479 1508 ut
545 1464 603 1507 et
668 1455 783 1507 Deo
851 1452 952 1523 qui
1009 1451 1284 1505 remissor
1358 1457 1441 1505 est
1505 1459 1870 1522 peccatorum
1944 1453 2116 1508 conﬁ-

415 1547 646 1596 teamur
708 1545 940 1611 peccata
995 1544 1212 1606 nostra,
1307 1544 1363 1593 et
1407 1540 1517 1595 hoc
1561 1541 1946 1610 perfectorum
2008 1545 2108 1605 est,
2146 1581 2186 1634 Β

418 1637 475 1684 et
512 1646 642 1684 cum
708 1628 886 1683 David
947 1628 1257 1682 dicamus:
1323 1627 1602 1682 Delictum
1660 1645 1854 1683 meum
1921 1629 2117 1698 cogni-

420 1725 544 1772 tum
577 1718 678 1772 tibi
737 1718 864 1784 feci,
902 1721 958 1770 et
1014 1716 1352 1786 injustitiam
1408 1732 1595 1770 meam
1652 1733 1763 1770 non
1820 1716 2112 1772 abscondi.

422 1806 572 1872 Dixi,
603 1805 939 1871 confitebor,
991 1804 1288 1857 adversum
1344 1821 1432 1858 me
1465 1804 1775 1875 injustitias
1824 1821 1980 1859 meas
2009 1806 2114 1860 do-

421 1895 612 1961 mino,
655 1898 793 1947 ettu
843 1891 1112 1946 remisisti
1161 1891 1517 1962 impietatem
1577 1892 1791 1962 peccati
1839 1893 1974 1947 mei.
2007 1893 2116 1948 Sed

422 1985 616 2036 tamen
674 1979 918 2050 apostoli
970 1979 1256 2034 institutio
1317 1979 1483 2032 nobis
1531 1981 1824 2050 sequenda
1884 1986 1989 2042 est,
2051 1985 2117 2034 ut

421 2070 802 2123 confiteamur
853 2070 1190 2122 alterutrum
1222 2075 1456 2139 peccata
1513 2075 1726 2135 nostra,
1782 2075 1836 2124 et
1885 2086 2116 2123 oremus

421 2174 526 2229 pro
558 2151 798 2212 invicem
831 2163 895 2211 ut
932 2159 1234 2212 salvemur.
1279 2157 1568 2212 Confessio
1613 2158 1807 2228 itaque
1845 2174 1974 2228 quae
2004 2160 2116 2212 Deo

424 2247 529 2301 soli
555 2248 636 2311 tit,
663 2247 816 2318 quod
842 2246 1132 2316 justorum
1169 2252 1272 2314 est,
1319 2252 1550 2317 peccata
1588 2253 1798 2318 purgat
1827 2264 1841 2302 :
1887 2263 1953 2301 ea
1985 2264 2116 2302 vero

423 2351 553 2407 quae
610 2335 889 2389 sacerdoti
947 2335 1030 2401 lit,
1083 2336 1248 2390 docet
1312 2336 1558 2406 qualiter
1621 2337 1740 2406 ipsa
1799 2342 2118 2406 purgentur

423 2429 671 2496 peccata.
711 2425 858 2478 Deus
891 2440 1140 2495 namque
1173 2425 1370 2478 salutis
1401 2431 1458 2478 et
1502 2425 1758 2478 sanitatis
1803 2431 2020 2486 auctor,
2063 2429 2119 2478 et

424 2513 683 2582 largitor,
717 2513 1058 2582 plerumque
1080 2511 1226 2566 hanc
1254 2512 1472 2582 praebet
1501 2529 1618 2565 suae
1651 2512 1924 2582 potentiae
1968 2513 2116 2566 invi-

425 2599 578 2653 sibili
611 2601 1124 2666 administratione,
1153 2602 1492 2672 plerumque
1521 2601 1874 2655 medicorum
1915 2617 2117 2673 Opera-

425 2686 600 2742 tione:

425 2775 553 2830 CAP.
581 2775 794 2830 CXLVI.
825 2804 898 2816 —
926 2777 1001 2830 De
1043 2777 1154 2830 illis
1185 2781 1282 2847 qui
1331 2779 1607 2845 accipiunt
1648 2779 2038 2846 paenitentiam,
2071 2784 2122 2832 et

491 2848 617 2916 plus
693 2847 1012 2902 desiderant
1074 2851 1327 2917 temporis
1400 2851 1682 2903 constituti
1739 2850 2115 2917 explationem,
2151 2865 2190 2920 ο

497 2933 661 2986 quam
678 2920 889 2986 peccati
915 2920 1302 2972 remissionem.

499 3006 610 3072 (Ea:
669 3007 1034 3060 Paenitentiali
1086 3007 1242 3062 Beda
1287 3007 1636 3077 presbyteri.)
1695 3008 1870 3070 Multi,
1963 3008 2120 3079 quod

426 3110 542 3148 non
563 3093 686 3147 sine
724 3094 919 3148 dolore
971 3093 1279 3149 dicendum
1311 3101 1414 3160 est,
1473 3095 1534 3149 in
1591 3095 1949 3165 paenitentia,
2004 3112 2121 3150 non

427 3185 543 3233 tam
577 3180 796 3249 peccati
827 3179 1248 3247 remissionem,
1293 3198 1466 3252 quam
1515 3183 1787 3252 temporis
1831 3183 2122 3237 constituti

428 3273 730 3338 expectant
787 3268 1197 3338 expletionem,
1239 3276 1293 3323 et
1344 3271 1389 3323 si
1445 3271 1704 3324 carnium
1737 3276 1790 3324 et
1820 3271 1936 3324 vini
1988 3288 2123 3326 usus

429 3355 510 3409 eis
533 3357 869 3416 interdictus
899 3362 1004 3425 est,
1061 3364 1281 3412 mutata
1315 3374 1430 3412 non
1491 3360 1799 3427 voluntate,
1831 3360 1926 3414 sed
1971 3361 2121 3430 ejus-

429 3444 560 3498 dem
594 3444 706 3499 cibi
746 3449 850 3498 aut
899 3450 1072 3514 potus
1127 3447 1514 3518 perceptione,
1561 3447 1619 3501 in
1651 3453 1873 3502 tantum
1905 3448 2122 3503 deliciis

428 3534 546 3587 suis
576 3534 898 3604 indulgent,
930 3540 991 3589 ut
1023 3534 1346 3589 deliciosius
1377 3536 1468 3590 bis
1497 3536 1832 3600 interdictis,
1879 3537 2122 3592 aliorum

426 3622 684 3676 ciborum
715 3623 800 3677 vel
828 3623 1128 3692 potionum
1163 3625 1421 3694 appetitu
1454 3625 1642 3680 vivere
1682 3632 2118 3696 cognoscantur.

428 3710 712 3780 Spiritalis
762 3717 954 3766 autem
1009 3712 1380 3780 abstinentia,
1411 3730 1540 3784 quae
1597 3713 1656 3767 in
1709 3715 2122 3785 paenitentibus

425 3799 788 3868 potissimum
833 3799 1025 3869 vigere
1081 3799 1271 3867 debet,
1304 3800 1682 3870 quorumdam
1745 3801 2007 3855 ciborum
2061 3819 2123 3856 ac

426 3887 728 3958 potionum
761 3887 1154 3957 perceptiones
1199 3893 1256 3942 et
1285 3888 1628 3942 desiderium
1677 3889 1876 3959 fugere
1931 3890 2118 3944 debet.

429 3977 528 4029 llle
547 3977 804 4048 inquam,
847 3977 942 4030 ille
975 3977 1158 4047 magis
1205 3977 1574 4046 parcimonia:
1619 3977 1832 4031 servire
1878 3994 2121 4031 censen-

427 4065 534 4118 dus
565 4070 668 4128 est,
703 4064 802 4134 qui
828 4064 935 4118 sibi
966 4081 1081 4118 non
1110 4065 1297 4118 solum
1328 4066 1708 4137 quarumdam
1749 4082 1942 4120 rerum
1983 4082 2118 4136 per-

425 4153 735 4222 ceptiones,
769 4151 864 4206 sed
919 4153 1323 4207 delectationes
1367 4154 1624 4223 corporis
1654 4153 1882 4224 penitus
1940 4154 2120 4208 inter-
2151 4149 2192 4202 D

428 4240 586 4294 dicit.
1683 4305 1690 4310 .

429 4329 555 4382 CAP.
589 4327 834 4400 CXLVII.
867 4357 934 4367 -—
959 4329 1114 4392 Quod
1133 4329 1424 4384 secundum
1437 4346 1699 4384 canonum
1719 4337 1769 4386 et
1783 4332 2125 4400 paenitentia-

711 4399 843 4452 lium
869 4403 1078 4453 statuta
1112 4402 1449 4469 paenitentiae
1479 4402 1675 4456 dandae
1704 4399 1833 4456 sint.

501 4487 618 4556 (Ea:
647 4487 836 4540 concil.
891 4489 1155 4557 Mogunt.,
1189 4505 1308 4558 cap.
1345 4491 1454 4559 20.)
1497 4491 1639 4544 Cum
1690 4490 1870 4562 igitur
1927 4490 2122 4544 omnia

428 4573 661 4630 consilia
700 4591 984 4630 canonum
1035 4594 1163 4648 qua:
1213 4577 1589 4648 recipiuntur,
1637 4578 1748 4632 sint
1780 4598 1810 4632 a
1857 4579 2120 4633 sacerdo-

427 4663 579 4718 tibus
602 4664 839 4735 legenda
869 4670 926 4719 et
946 4666 1341 4736 intelligenda,
1375 4671 1430 4720 et
1459 4683 1563 4736 per
1596 4683 1662 4720 ea
1692 4667 1764 4720 sit
1817 4667 1898 4720 eis
1930 4667 2119 4721 viven-

429 4752 566 4807 dum
597 4758 654 4808 et
677 4754 1128 4824 praedicandum,
1159 4755 1543 4810 necessarium
1600 4755 1886 4822 duximus,
1938 4762 2000 4810 ut
2055 4772 2120 4810 ea

428 4859 557 4913 quae
588 4843 653 4896 ad
684 4841 853 4896 ﬁdem
885 4846 1194 4914 pertinent,
1231 4849 1287 4896 et
1311 4844 1407 4897 ubi
1438 4843 1506 4898 de
1547 4844 1897 4914 extirpandis
1946 4845 2116 4910 vitiis,

428 4934 485 4985 et
513 4931 839 5001 plantandis
868 4931 1176 4986 virtutibus
1204 4931 1488 4999 scribitur,
1520 4933 1628 4986 hoc
1677 4933 1747 4988 ab
1797 4933 1878 4987 eis
1921 4933 2119 4988 crebro

427 5019 671 5089 legatur,
700 5023 756 5072 et
781 5019 926 5074 bene
974 5020 1354 5091 intelligatur,
1412 5027 1468 5075 et
1520 5022 1580 5075 in
1631 5023 1848 5094 populo
1906 5023 2115 5093 prmdi-

426 5112 606 5161 cetur.

426 5195 556 5269 Cie.
599 5197 867 5252 CXLVIIl.
901 5229 967 5237 —
1005 5199 1071 5252 Ut
1095 5198 1277 5269 nullus
1317 5199 1552 5268 injustas
1582 5215 1883 5266 mensuras,
1911 5206 1960 5254 et
1989 5217 2118 5269 pon-

497 5267 630 5322 dera
683 5270 911 5336 injusta,
969 5273 1020 5322 et
1077 5285 1111 5322 a
1146 5267 1381 5336 {civibus
1413 5285 1521 5324 non
1584 5271 1914 5337 collaudata,
1979 5267 2118 5326 lucri

498 5353 662 5393 causa
691 5339 824 5392 dare
849 5345 1166 5409 praesumat.

497 5429 607 5496 (Ea:
637 5427 837 5494 eodem,
868 5445 990 5498 cap.
1013 5429 1123 5496 2t.)
1156 5430 1222 5494 Ut
1261 5445 1543 5484 mensurte
1572 5436 1629 5484 et
1673 5430 1930 5500 pondera
1963 5431 2118 5500 justa

2216 389 2454 460 pitulari
2488 387 2775 444 dominico
2797 389 3141 464 continetur,
3179 395 3230 443 et
3256 387 3368 442 iste
3394 404 3564 442 sacer
3611 395 3955 442 conventus

2219 477 2440 532 statuit.
2473 477 2562 532 Sic
2595 477 2863 530 omnibus
2892 477 3055 530 nobis
3113 477 3420 531 observare
3469 478 3697 548 placet.
3781 477 3860 530 [ι
3917 478 3960 529 si

2220 566 2350 636 quis
2374 566 2553 636 justas
2586 581 2905 631 mensuras,
2946 571 3004 619 et
3039 566 3198 636 justa
3251 565 3514 637 pondera
3576 566 3736 619 lucri
3787 582 3960 618 causa

2221 661 2446 708 mutare
2479 654 2932 725 praesumpserit,
2965 654 3024 708 in
3073 670 3224 724 pane
3277 659 3334 708 et
3361 671 3515 726 aqua
3571 653 3804 725 viginti
3843 655 3960 708 dies

2218 743 2512 814 poeniteat.

2220 833 2351 886 CAP.
2389 831 2602 886 CXLIX.
2639 860 2711 869 —
2745 833 2815 885 De
2865 836 3036 885 matre
3077 847 3198 901 quae
3246 832 3520 900 infantem
3558 847 3735 886 suum
3793 833 3958 900 juxta

2289 905 2470 968 ignem
2494 907 2773 970 posuerat,
2801 907 2849 955 et
2871 917 2970 956 sua
2998 905 3333 970 negligentia
3362 909 3618 957 mortuus
3653 908 3761 956 est.

2291 991 2401 1061 (Ea:
2426 991 2613 1045 concil.
2656 991 2921 1055 Triburi.,
2981 993 3066 1044 cui
3123 994 3386 1057 interfuit
3430 1008 3537 1046 rea:
3592 992 3933 1060 Arnolphas.

2217 1095 2339 1148 cap.
2379 1079 2487 1150 14.)
2532 1080 2708 1133 Mater
2764 1080 2810 1133 si
2854 1081 3017 1149 juxta
3061 1081 3250 1134 focum
3309 1080 3605 1133 infantem
3658 1089 3934 1149 posuer:t,

2219 1171 2274 1220 et
2303 1167 2450 1220 alius
2482 1167 2656 1221 homo
2687 1184 2894 1238 aquam
2927 1168 2986 1222 in
3016 1169 3325 1222 caldariam
3360 1170 3610 1235 miserit,
3676 1174 3733 1222 et
3792 1169 3940 1221 etiulo

2220 1255 2320 1309 lita
2373 1272 2522 1327 aqua
2575 1256 2766 1310 infans
2821 1257 3156 1326 superfusus
3229 1265 3502 1312 mortuus
3568 1258 3773 1320 fuerit,
3843 1275 3941 1327 pro

2217 1344 2572 1415 negligentia
2629 1350 2810 1399 mater
2867 1347 3160 1416 paeniteat,
3236 1353 3295 1400 et
3348 1347 3449 1400 ille
3515 1347 3706 1401 homo
3778 1363 3938 1399 secu-

2223 1449 2320 1487 rus
2359 1433 2451 1486 sit.

2226 1521 2356 1575 Car.
2411 1521 2513 1574 CL.
2565 1550 2635 1560 —
2695 1524 2768 1575 De
2821 1521 3093 1576 ordinatis
3139 1524 3190 1575 si
3245 1527 3376 1576 ante
3453 1523 3543 1576 vel
3599 1527 3733 1589 post
3802 1523 3952 1575 ordi-

2297 1595 2566 1675 nationem
2589 1593 2647 1645 in
2706 1592 3086 1646 criminalibus
3135 1596 3380 1662 peccatis
3438 1593 3792 1662 deprehendi
3829 1597 3954 1658 fue-

2294 1668 2676 1798 l'gléoconcilio
2717 1733 3047 1800 Hilerdensi,
3081 1750 3202 1804 cap.
3256 1735 3371 1804 l0.)
3423 1735 3502 1788 De
3551 1734 3644 1788 his
3696 1750 3839 1803 ergo
3873 1734 3956 1786 vi-

2226 1837 2354 1875 sum
2386 1827 2473 1875 est
2508 1821 2670 1875 nobis
2708 1822 2987 1876 conscribi
3037 1822 3138 1892 qui
3180 1838 3372 1875 sacros
3423 1822 3664 1876 ordines
3707 1824 3950 1888 habent,

2225 1915 2282 1964 et
2310 1915 2442 1963 ante
2499 1911 2585 1963 vel
2637 1914 2760 1979 post
2803 1911 3224 1964 ordinationem
3274 1911 3714 1965 contaminatos
3753 1915 3815 1965 in
3865 1929 3953 1963 ca-

2225 1998 2499 2069 pitalibus
2543 1998 2882 2052 criminibus
2917 2015 2975 2051 se
3031 2015 3152 2052 esse
3213 1999 3590 2068 proﬁtentur,
3641 2000 3705 2053 in
3732 1999 3947 2070 quibus

2227 2093 2292 2140 ut
2322 2086 2468 2140 mihi
2493 2086 2718 2140 videtur
2760 2088 2884 2140 haec
2911 2087 3182 2141 distantia
3212 2104 3337 2140 esse
3380 2088 3577 2154 debet,
3625 2092 3693 2140 ut
3738 2087 3802 2140 hi
3845 2087 3946 2155 qui

2225 2176 2574 2245 deprehensi
2631 2176 2716 2229 vel
2777 2176 2928 2245 capti
2986 2175 3197 2228 fuerint
3255 2176 3487 2246 publice
3540 2176 3602 2228 in
3655 2176 3943 2244 perjurio,

2225 2263 2400 2330 furto,
2429 2270 2601 2336 atque
2644 2264 3042 2329 fornicatione,
3093 2273 3148 2317 et
3180 2263 3408 2318 cwteris
3456 2264 3801 2333 hujusrnodi
3843 2264 3950 2316 cri-

2227 2353 2502 2419 minibus,
2562 2353 2875 2406 secundum
2934 2369 3223 2406 sacrorum
3274 2369 3568 2406 canonum
3617 2353 3952 2406 institutaa

2229 2441 2410 2512 gradu
2435 2441 2672 2511 proprio
2704 2441 3106 2511 deponantur:
3140 2441 3278 2511 quia
3328 2442 3670 2495 scandalum
3714 2447 3802 2493 est
3837 2458 3948 2510 p0-

2233 2530 2366 2600 pulo
2402 2530 2524 2594 Dei,
2587 2530 2728 2582 tales
2777 2546 3048 2600 personas
3103 2545 3276 2599 super
3323 2545 3380 2583 se
3438 2529 3664 2598 positas
3703 2529 3946 2593 habere.

2230 2635 2372 2690 quas
2423 2619 2576 2671 ultra
2635 2617 2870 2672 modum
2930 2617 3152 2672 vitiosas
3221 2623 3445 2670 constat
3495 2633 3645 2671 esse.
3729 2618 3950 2687 Nempe

2230 2706 2365 2760 inde
2423 2707 2806 2761 detrahuntur
2863 2706 3124 2760 homines
3191 2722 3226 2760 a
3279 2705 3565 2777 sacriﬁcio
3615 2706 3749 2767 Dei,
3807 2708 3954 2760 sicut

2231 2794 2523 2864 quondam
2556 2794 2690 2848 filiis
2730 2794 2856 2850 Heli
2902 2793 3268 2864 peccantibus
3299 2793 3498 2848 fecisse
3554 2795 3863 2864 leguntur,
3897 2803 3956 2847 et

2229 2883 2467 2936 rebelles
2543 2882 2678 2936 hinc
2747 2888 2920 2952 atque
2994 2883 3263 2936 contrarii
3345 2884 3684 2946 existentes,
3745 2901 3955 2936 eorum

2227 2971 2416 3042 pravis
2446 2971 2693 3041 exempli
2743 2971 3004 3041 quotidie
3061 2972 3286 3041 pejores
3334 2972 3529 3024 tiunt:
3588 2972 3698 3041 qui
3750 2979 3954 3026 autem

2229 3060 2298 3113 de
2330 3059 2619 3129 praedictis
2642 3059 2774 3113 viris
2830 3076 2931 3130 per
2980 3061 3257 3114 occultam
3308 3060 3742 3113 confessionem
3797 3064 3958 3114 mala

2229 3165 2262 3202 a
2319 3165 2378 3201 se
2436 3148 2706 3202 absconse
2751 3148 3058 3202 commissa
3113 3165 3304 3202 coram
3363 3150 3547 3202 oculis
3601 3151 3730 3215 Dei,
3793 3167 3954 3220 pra-

2229 3242 2389 3290 sente
2437 3237 2611 3290 etiam
2658 3236 2972 3302 sacerdote,
3031 3237 3130 3307 qui
3161 3236 3243 3290 eis
3299 3237 3627 3290 indicturus
3688 3247 3780 3291 est
3839 3256 3956 3308 po:-

2230 3326 2552 3394 nitentiam,
2586 3323 2954 3395 confitentur,
3009 3331 3066 3380 et
3105 3327 3441 3397 semetipsos
3492 3327 3758 3396 graviter
3805 3329 3952 3381 deli-

2230 3415 2420 3484 quisse
2450 3419 2738 3480 accusant,
2772 3415 2818 3466 si
2866 3414 3145 3468 veraciter
3198 3415 3603 3484 pcenituerint,
3637 3421 3699 3468 et
3748 3433 3811 3469 se
3848 3433 3953 3484 per

2222 3502 2468 3573 jejunia,
2537 3505 2596 3558 et
2661 3503 3040 3558 eleemosinas
3107 3503 3447 3574 vigiliasque
3509 3509 3691 3574 atque
3754 3522 3950 3558 sacras

2231 3591 2522 3646 orationes
2579 3607 2709 3645 cum
2763 3591 3034 3662 lacrymis
3116 3609 3364 3663 purgare
3415 3594 3799 3659 certaverint,
3863 3595 3951 3646 his

2229 3681 2402 3734 etiam
2435 3680 2618 3751 gradu
2645 3685 2863 3733 servato
2911 3697 3039 3751 spes
3070 3681 3251 3735 veniae
3298 3681 3367 3735 de
3398 3681 3808 3735 misericordia
3852 3684 3947 3736 Dei

2231 3768 2618 3840 promittenda
2685 3772 2788 3836 est,
2849 3768 2950 3840 qui
2997 3785 3197 3823 omnes
3254 3769 3518 3823 homines
3577 3771 3706 3822 vult
3757 3772 3945 3824 salvos

2145 3883 2148 3885 λ
2230 3857 2378 3924 tieri,
2406 3861 2463 3910 et
2519 3857 2591 3911 ad
2647 3857 3006 3928 agnitionem
3072 3858 3328 3913 veritatis
3368 3859 3716 3928 pervenire:
3750 3876 3940 3930 neque

2230 3948 2347 4000 vult
2412 3949 2657 3999 mortem
2730 3947 3062 4016 peccatoris,
3147 3948 3245 4000 sed
3306 3953 3369 4001 ut
3423 3952 3821 4014 convertatur,
3893 3955 3944 3999 et

2231 4045 2526 4162 CiziitOCLI.
2559 4133 2627 4144 --
2657 4107 2729 4159 De
2755 4107 2894 4160 viris
2930 4105 3220 4171 ordinatis,
3277 4122 3508 4176 quorum
3550 4108 3766 4161 occulta
3820 4125 3936 4176 pec-

2303 4246 2416 4317 (Ea:
2443 4248 2631 4302 concil.
2665 4181 3053 4316 Toletan.)cal;:
3247 4247 3529 4301 ordinatis
3561 4265 3820 4319 quorum
3855 4267 3935 4301 oc-

2231 4335 2381 4388 culta
2413 4340 2645 4404 peccata
2673 4340 2826 4402 sunt,
2859 4351 2964 4390 nec
2996 4335 3293 4389 manifeste
3314 4335 3386 4390 ab
3407 4336 3606 4406 aliquo
3625 4339 3794 4406 argui
3809 4354 3934 4407 pos-

2229 4427 2381 4488 sunt,
2415 4428 2473 4476 et
2502 4422 2807 4476 salubriter
2821 4423 3148 4494 compuncti
3169 4440 3276 4495 pro
3299 4426 3550 4494 peccatis
3570 4427 3692 4479 suis
3723 4427 3930 4480 confes—

2230 4510 2450 4564 sionem
2467 4511 2734 4581 episcopo
2764 4512 2878 4566 sive
2908 4513 3240 4583 presbytero
3297 4514 3519 4567 occulte
3567 4515 3810 4578 faciunt,
3844 4517 3934 4567 bo-

2231 4615 2370 4652 num
2397 4598 2536 4652 mihi
2566 4599 2810 4666 videtur,
2832 4605 2897 4654 ut
2913 4601 3226 4656 secundum
3256 4600 3310 4655 id
3326 4603 3484 4672 quod
3507 4604 3618 4657 sibi
3639 4603 3933 4657 decretum

2230 4687 2405 4740 fuerit
2465 4685 2535 4740 ab
2593 4688 2886 4758 episcopo,
2935 4689 3052 4743 sive
3108 4690 3470 4760 presbytero,
3528 4693 3933 4762 paenitentiam

2229 4779 2424 4846 agant,
2457 4791 2575 4829 non
2608 4776 2847 4846 trepide,
2890 4793 2993 4831 nec
3047 4779 3226 4846 tarde,
3276 4779 3373 4832 sed
3425 4780 3718 4834 ferventer
3753 4787 3807 4833 et
3855 4798 3933 4833 so-

2230 4864 2399 4932 licite,
2427 4881 2490 4918 ac
2511 4864 2590 4919 sic
2620 4881 2676 4918 se
2709 4865 2935 4920 veniam
2977 4872 3340 4936 peccatorum
3391 4884 3426 4920 a
3470 4868 3710 4922 domino
3743 4885 3935 4939 perce-

2231 4958 2446 5025 pturos,
2480 4959 2537 5007 et
2567 4953 2809 5024 gradum
2842 4971 2900 5008 se
2932 4961 3254 5008 retenturos
3283 4955 3604 5010 confidant.

2229 5044 2357 5098 CAP.
2389 5042 2543 5096 CLII.
2574 5073 2641 5081 —
2697 5046 2769 5097 De
2808 5044 2905 5097 illa
2934 5046 3141 5109 femina
3170 5059 3288 5113 quae
3330 5051 3742 5100 menstruosum
3774 5062 3932 5100 suum

2296 5116 2636 5178 sanguinem,
2694 5119 2744 5167 et
2797 5130 2972 5168 semen
3026 5117 3139 5169 viri
3173 5115 3286 5182 sui,
3341 5122 3392 5169 et
3444 5122 3642 5170 testam
3695 5119 3933 5171 hominis

2297 5185 2663 5307 gorgbusserit,
2699 5187 2751 5238 et
2809 5186 2915 5239 hac
2966 5189 3148 5240 omnia
3179 5189 3296 5240 uiro
3347 5202 3444 5240 suo
3498 5188 3577 5241 ad
3624 5189 3928 5257 potandum

2339 5272 2366 5307 θ
2408 5257 2530 5307 erit.

2339 5257 2530 5308 ederit.

2301 5342 2410 5408 (Ex
2442 5343 2638 5410 eodem,
2669 5344 2844 5412 capite
2871 5344 2976 5414 17.)
3008 5345 3086 5398 De
3135 5345 3221 5397 liis
3254 5345 3424 5398 etiam
3479 5363 3660 5417 super
3717 5348 3923 5419 quibus

2229 5433 2610 5502 interrogasti,
2640 5434 2745 5487 hoc
2771 5437 2873 5500 est,
2905 5434 2974 5487 de
3006 5436 3101 5488 illa
3125 5434 3356 5500 femina,
3384 5451 3517 5505 quae
3558 5443 3925 5490 menstruum
