4010 6194
152 220 306 273 1013

1100 218 1573 273 DECRETORUM
1619 220 1807 277 LIBRI
1846 225 1960 281 XX.
1993 260 2062 270 -—
2106 232 2315 286 LIBER
2353 232 2736 289 VICESIMUS.

3544 240 3682 292 1014

144 359 331 397 suum
368 342 711 413 sanguinem
745 341 1062 395 immiscuit
1093 343 1219 396 cibo
1274 342 1361 396 vel
1389 347 1571 412 potui,
1601 346 1658 396 et
1708 344 1871 401 dedit
1906 354 1953 405 Α
1994 369 2174 407 annos
2207 356 2495 424 pceniteat,
2529 363 2585 411 et
2626 375 2918 430 nunquam
2951 365 3151 425 mutet,
3185 360 3295 415 nisi
3344 362 3435 415 die
3488 362 3681 416 domi-

144 431 284 485 viro
314 448 415 485 suo
448 438 509 484 ut
548 430 893 496 comederet,
930 436 985 483 et
1004 432 1072 483 de
1102 432 1197 483 illa
1232 448 1361 501 quas
1415 446 1610 484 semen
1643 433 1749 486 viri
1781 436 1873 490 sui

146 519 213 573 in
252 527 394 589 potu
427 520 593 584 bibit,
624 525 679 572 et
707 520 777 571 de
803 535 869 571 ea
900 535 1030 588 quia
1050 524 1249 573 testam
1275 520 1522 573 hominis
1554 522 1873 576 combussit

148 608 307 675 igni,
343 615 399 661 et
430 609 552 661 viro
586 624 688 660 suo
719 608 875 660 dedit
903 624 1007 676 pro
1048 609 1381 661 inﬁrmitate
1414 609 1657 673 vitanda,
1712 612 1872 679 quali

147 697 504 767 paenitentia
538 698 649 749 sint
679 697 1015 765 plectendie,
1054 705 1114 749 ut
1143 698 1306 750 nobis
1340 697 1587 761 videtur,
1609 698 1707 750 tali
1741 716 1870 753 sen-

149 785 336 838 tentia
370 790 504 838 sunt
534 784 827 848 ferienda,
859 785 1005 837 sicut
1037 786 1190 853 magi
1222 791 1277 839 et
1309 785 1469 838 arioli
1503 802 1514 839 :
1568 786 1703 855 quia
1747 802 1871 840 ma-

153 874 347 943 gicam
382 880 564 927 artem
594 879 914 927 exercuisse
958 880 1287 927 noscuntur.
1345 876 1484 929 Nam
1536 875 1604 927 de
1638 874 1725 927 his
1770 877 1872 946 qui

154 964 447 1033 magicam
479 969 661 1017 artem
703 962 1023 1017 exercuisse
1054 968 1390 1032 noscuntur,
1414 967 1469 1016 et
1499 963 1598 1033 qui
1629 965 1872 1032 auguria

154 1052 487 1117 attendunt,
531 1057 587 1105 et
644 1051 1025 1105 divinationes
1068 1053 1393 1118 observant,
1444 1052 1725 1106 Theodori
1774 1069 1868 1105 ar-

154 1140 515 1209 chiepiscopi
576 1141 763 1207 gentis
818 1141 1139 1208 Anglorum
1202 1141 1638 1195 constitutiones
1702 1141 1868 1194 habe-

156 1244 312 1295 mus,
354 1228 413 1280 in
440 1228 651 1297 quibus
682 1228 957 1297 scriptum
989 1234 1073 1281 est
1105 1245 1116 1281 :
1151 1230 1255 1291 Qui
1280 1230 1541 1283 immolat
1565 1228 1872 1283 daemoniis

156 1318 220 1371 in
257 1318 529 1381 minimis,
566 1334 678 1370 uno
710 1334 861 1371 anno
892 1318 1192 1388 paeniteat,
1226 1320 1326 1389 qui
1357 1336 1489 1372 vero
1520 1320 1578 1372 in
1621 1320 1868 1388 magnis,

158 1408 359 1460 decem
387 1424 569 1461 annos
601 1409 898 1479 poeniteat.

158 1496 293 1549 CAP.
332 1496 509 1549 CLIII.
540 1527 606 1535 —
644 1498 708 1550 Ut
734 1497 916 1547 nullus
973 1496 1117 1547 alius
1162 1500 1457 1561 praesumat
1494 1497 1869 1563 paenitentiam

236 1566 389 1689 darei)
446 1568 530 1620 vel
587 1570 971 1633 confessionem
1028 1566 1239 1630 audire,
1292 1568 1401 1619 nisi
1451 1569 1734 1635 episcopus
1774 1571 1869 1619 aut

234 1653 354 1705 pres
393 1641 531 1703 yter.

238 1728 343 1789 (Ea:
373 1727 742 1780 Paenitentiali
790 1723 1072 1790 Romano)
1118 1724 1275 1778 Sicut
1324 1724 1479 1776 enim
1525 1723 1868 1778 sacriﬁcium

162 1813 369 1867 offerre
401 1830 515 1865 non
550 1814 759 1867 debent
790 1813 899 1865 nisi
923 1812 1174 1881 episcopi
1207 1818 1259 1863 et
1292 1811 1629 1881 presbyteri,
1660 1812 1870 1881 quibus

163 1904 348 1956 claves
401 1903 566 1973 regni
601 1903 841 1957 cmlestis
890 1902 1115 1955 traditm
1140 1907 1272 1954 sunt
1304 1916 1316 1955 :
1345 1902 1426 1954 sic
1458 1917 1562 1954 nec
1584 1901 1868 1971 paeniten-

163 1990 311 2045 tium
338 1992 557 2061 judicia
589 1992 685 2043 alii
719 2007 991 2059 usurpare
1027 1990 1256 2042 debent.

567 2080 697 2134 CAP.
736 2080 910 2133 CLIV.
946 2108 1011 2117 —
1046 2080 1126 2131 De
1158 2078 1343 2131 eadem
1372 2092 1448 2130 re.

241 2168 346 2237 (Ex
378 2168 601 2237 eodem.)
630 2168 681 2221 Si
702 2171 893 2219 autem
926 2166 1228 2218 necessitas
1249 2165 1525 2232 evenerit,
1545 2168 1602 2218 et
1631 2164 1868 2236 presby-

164 2262 255 2309 ter
287 2272 393 2309 noa
427 2256 598 2309 fuerit
625 2271 894 2324 praesens,
938 2255 1213 2307 diaconus
1262 2254 1537 2324 suscipiat
1582 2254 1869 2324 paenitea-

167 2351 284 2398 tem
314 2345 379 2397 ad
414 2351 664 2397 sanctam
697 2344 1188 2396 communionem.

166 2435 293 2487 CAP.
327 2434 474 2487 CLV.
515 2462 587 2472 —
636 2433 716 2485 De
762 2432 1088 2496 temporibus
1119 2432 1315 2499 quibus
1369 2446 1425 2485 se
1462 2432 1735 2485 continere
1782 2431 1870 2484 de-

572 2504 728 2555 beant
760 2504 1043 2570 conjuguti
1069 2502 1135 2555 ab
1167 2503 1450 2555 umoribus.

234 2592 351 2662 (Ea:
405 2594 627 2645 concilio
686 2592 983 2659 Eliberla.)
1056 2592 1115 2644 In
1175 2591 1356 2644 tribus
1406 2590 1870 2661 quadragesimis

165 2681 319 2746 anni,
355 2681 501 2733 etin
532 2682 623 2734 die
679 2681 992 2743 dominico,
1035 2684 1091 2733 et
1142 2680 1203 2733 in
1252 2684 1460 2750 quarta
1508 2679 1670 2745 feria,
1725 2680 1869 2733 etin

164 2774 317 2822 sexta
350 2770 511 2837 feria,
546 2770 875 2839 conjugales
906 2769 1198 2821 continere
1229 2785 1287 2821 se
1317 2768 1545 2832 debent,
1601 2783 1704 2820 nec
1755 2767 1870 2822 illis

164 2859 366 2911 diebus
396 2859 677 2927 copulari,
710 2856 965 2928 quandiu
1000 2861 1232 2926 gravata
1263 2856 1436 2909 fuerit
1466 2871 1630 2919 uxor,
1673 2853 1730 2908 id
1758 2860 1865 2920 est,

1988 443 2133 495 nica.
2174 444 2373 498 Mulier
2393 451 2580 498 autem
2605 450 2950 517 paupercula
2986 449 3029 501 si
3060 449 3255 502 fecerit
3294 466 3396 519 pro
3430 450 3679 504 difﬁcul-

1987 536 2101 585 tate
2132 534 2441 595 uutriendi,
2476 541 2691 604 septem
2724 553 2899 588 annos
2933 537 3220 605 pceuiteat.

1989 622 2114 675 CAP.
2150 623 2353 677 CLVII.
2379 653 2451 664 —
2484 628 2550 677 De
2578 625 2687 677 illis
2719 626 2813 693 qui
2852 628 2909 677 in
2941 625 3201 679 dominico
3250 626 3339 679 die
3392 632 3680 696 nupserint

2059 711 2166 780 (Em
2192 714 2414 765 concilio
2446 715 2804 779 Triburiensi,
2834 717 3008 781 capite
3046 714 3157 781 51.)
3192 714 3248 767 Si
3289 715 3417 785 quis
3461 733 3675 786 nupse-

1985 800 2061 853 rit
2087 801 2181 853 die
2203 801 2512 867 dominico,
2544 807 2697 871 petat
2730 818 2760 854 a
2792 804 2904 854 Deo
2944 801 3389 871 indulgentiam,
3434 810 3487 858 et
3547 823 3678 876 qua-

1985 892 2118 942 tuor
2149 888 2270 942 dies
2299 888 2589 958 pmniteat.

2161 1014 2290 1067 CAP.
2323 1014 2547 1067 CLVIII.
2576 1044 2645 1053 ——
2666 1017 2736 1067 De
2760 1015 2870 1068 illis
2893 1016 2989 1083 qui
3014 1016 3255 1080 confessa
3279 1019 3494 1071 iterant.

2056 1124 2161 1187 (Ea:
2211 1123 2429 1174 concilio
2488 1122 2677 1187 Tolet.)
2722 1122 2795 1173 Ea
2842 1137 2969 1190 quas
3004 1121 3292 1191 frequenti
3340 1126 3675 1192 praevarica-

1984 1210 2141 1262 tione
2208 1209 2508 1274 iterantur,
2572 1208 2860 1277 frequenti
2943 1214 2999 1262 et
3074 1210 3353 1263 sententia
3402 1212 3674 1265 condem-

1984 1302 2213 1350 nantur.

1983 1422 2111 1476 CAP.
2175 1420 2343 1473 CLIX.
2396 1449 2463 1461 —
2517 1421 2593 1473 De
2626 1422 2945 1487 paenitentia
2999 1422 3257 1487 ﬁdelium,
3310 1430 3365 1475 ut
3416 1426 3676 1489 confessio

2264 1500 2445 1543 eorum
2466 1507 2569 1544 non
2600 1492 2809 1558 publice
2835 1494 2951 1557 ﬁat,
2987 1494 3079 1545 sed
3107 1497 3388 1560 privatim.

2052 1597 2160 1667 (Em
2185 1599 2343 1665 epist.
2370 1596 2560 1648 Leonis
2590 1611 2768 1664 papa,
2796 1599 2970 1664 capite
2990 1598 3065 1662 2.)
3094 1599 3250 1651 Illam
3284 1600 3451 1651 etiam
3477 1606 3679 1653 contra

1978 1685 2355 1756 apostolicam
2385 1685 2647 1754 regulam
2701 1686 3211 1754 praesumptionem
3263 1703 3433 1757 quam
3491 1703 3679 1756 nuper

1978 1774 2188 1844 agnovi
2228 1791 2259 1826 a
2318 1774 2658 1842 quibusdam
2719 1774 2916 1827 illicita
2948 1774 3316 1843 usurpatione
3371 1777 3673 1841 committi,

1978 1863 2166 1916 modis
2189 1862 2457 1916 omnibus
2487 1863 2767 1915 constituo
2818 1864 3157 1929 submoveri,
3218 1864 3287 1916 de
3339 1865 3679 1931 poenitentia

1978 1952 2213 2017 scilicet,
2238 1968 2367 2021 quin
2417 1968 2448 2003 a
2487 1950 2748 2004 ﬁdelibus
2788 1954 3110 2021 postulatur
3145 1969 3155 2006 :
3211 1969 3281 2005 ne
3313 1952 3381 2005 de
3415 1953 3675 2023 singulo-

1978 2056 2107 2094 rum
2171 2045 2532 2111 peccatorum
2586 2056 2813 2110 genere,
2876 2040 3079 2093 libellis
3139 2042 3342 2111 scripta
3403 2042 3677 2111 professio

1978 2129 2209 2199 publice
2297 2129 2581 2182 recitetur.
2667 2129 3153 2183 Conscientiarum
3243 2130 3486 2183 sufﬁciat
3542 2132 3676 2183 solis

1980 2214 2371 2269 sacerdotibus
2427 2213 2661 2266 indicari
2714 2215 3069 2267 confessione
3119 2220 3347 2267 secreta.
3405 2216 3677 2279 Quamvis

1980 2304 2136 2358 enim
2170 2302 2465 2372 plenitudo
2512 2302 2646 2356 ﬁdei
2694 2304 2953 2357 videatur
2992 2320 3111 2356 esse
3167 2304 3485 2369 laudabilis,
3544 2321 3675 2374 quae

1978 2396 2219 2463 propter
2251 2392 2349 2445 Dei
2380 2393 2643 2444 timorem
2692 2394 2839 2461 apud
2881 2393 3143 2447 homines
3196 2394 3526 2446 erubescere
3560 2410 3676 2447 non

1981 2486 2246 2534 vereatur
2282 2497 2295 2534 :
2331 2486 2523 2534 tamen
2556 2482 2691 2550 quia
2721 2498 2833 2535 non
2866 2482 3125 2535 omnium
3162 2482 3489 2550 hujusmodi
3540 2488 3677 2535 sunt

1980 2574 2230 2641 peccata,
2282 2576 2346 2623 ut
2393 2588 2456 2623 ea
2506 2570 2604 2640 qui
2666 2571 3063 2640 paenitentiam
3133 2576 3391 2640 poscunt,
3441 2587 3557 2623 non
3603 2570 3673 2624 ti-

1982 2666 2179 2713 meant
2223 2660 2537 2728 publicare,
2589 2665 2917 2712 amoveatur
2977 2659 3371 2729 improbabilis
3428 2676 3670 2712 consue-

1980 2749 2136 2813 tudo,
2189 2764 2259 2800 ne
2314 2748 2477 2801 multi
2528 2765 2558 2801 a
2619 2749 2966 2817 poenitentiae
3022 2748 3289 2802 remediis
3349 2754 3670 2813 arceantur,

1982 2838 2119 2891 dum
2175 2842 2271 2889 aut
2328 2838 2689 2902 erubescunt,
2771 2843 2870 2891 aut
2928 2842 3193 2901 metuunt
3244 2836 3488 2889 inimicis
3556 2836 3673 2890 suis

162 2965 191 2998 a
221 2963 335 3016 quo
368 2914 480 2999 die.
505 2948 656 3001 ﬁlius
705 2914 763 3000 in
823 2914 1252 3000 uterovmotum
1303 2945 1517 3009 fecerit,
1564 2959 1745 3014 usque
1795 2944 1868 2997 ad
1904 2914 1944 2969 Ο
1982 2926 2128 2980 faeta
2181 2926 2474 3016 Γθδθ-Γνδνίν
2508 2926 2714 3016 (ἶηίῘξυδ
2758 2927 2975 2996 Pomm
3035 2927 3221 2994 legum
3268 2926 3673 3016 con-“illumne

161 3040 418 3103 partum,
451 3045 671 3102 apartu
735 3040 878 3104 post,
928 3034 1137 3089 XXXIII
1194 3033 1314 3088 dies
1366 3032 1412 3085 si
1460 3032 1612 3086 ﬁlius
1661 3036 1765 3099 est,
1819 3032 1865 3085 si

164 3126 359 3174 autem
393 3122 529 3182 ﬁlia,
567 3128 691 3191 post
722 3124 850 3176 LVI.

1976 3013 2230 3083 percelli.
2286 3013 2501 3067 Sufﬁcit
2559 3013 2710 3067 enim
2762 3014 2858 3067 illa
2914 3014 3191 3067 confessio
3250 3030 3377 3083 quae
3419 3013 3673 3083 primum

1979 3101 2219 3156 Domino
2252 3100 2451 3166 fertur,
2489 3106 2624 3154 tunc
2665 3101 2837 3154 etiam
2889 3101 3163 3155 sacerdoti
3196 3102 3293 3171 qui
3324 3118 3427 3171 pro
3454 3102 3671 3157 delictis

166 3210 295 3264 CAP.
332 3210 511 3264 CLVI,
563 3190 631 3250 ζ..
687 3213 761 3264 De
812 3212 1021 3276 femina
1070 3225 1189 3278 qua;
1245 3214 1433 3279 sponte
1474 3209 1649 3277 ﬁlium
1708 3222 1867 3262 suum
1975 3190 2379 3279 pmnitentium
2425 3197 2690 3261 peccator
2747 3191 3004 3244 accedit:
3067 3195 3201 3243 tunc
3258 3191 3412 3244 enim
3478 3192 3672 3261 plures

876 3281 1107 3335 occideri
1112 3286 1129 3334 l
1140 3322 1150 3332 .

1975 3280 2045 3335 ad
2076 3278 2478 3351 paenitentiam
2516 3286 2787 3350 poterunt
2846 3279 3165 3350 provocari,
3199 3280 3246 3333 si
3278 3280 3473 3351 populi
3519 3281 3669 3335 auri-

238 3368 296 3423 Si
324 3372 506 3422 mater
533 3368 716 3424 ﬁlium
745 3386 912 3424 suum
942 3377 1142 3439 sponte
1194 3368 1480 3434 occiderit,
1538 3366 1866 3438 quindecim
1975 3368 2082 3421 bus
2112 3382 2229 3420 non
2252 3367 2578 3436 publicetur
2607 3367 2953 3421 conscientia
2985 3368 3327 3421 conﬁtentis.

1475 3494 1650 3535 FINIS
1696 3494 1873 3535 LIBRI

1922 3494 2075 3535 NONI
2124 3493 2369 3533 DECIMI.

988 3749 1283 3822 INDEX
1341 3747 2032 3822 CAPITULORUM
2092 3747 2345 3820 LIBRI
2406 3745 2855 3820 VICESIMI.

162 3905 300 3958 CAP.
348 3906 393 3957 1.
430 3902 589 3968 Quod
626 3904 831 3959 anima:
869 3905 1137 3959 humanae
1179 3905 1329 3958 inter
1376 3908 1607 3957 caeteras
1636 3907 1861 3958 creatu-

240 4005 333 4042 ras
365 3989 432 4042 ab
464 3990 629 4043 initio
663 4006 779 4043 non
813 3990 927 4043 sint
955 3996 1177 4043 creatae.

161 4082 217 4132 2.
263 4077 421 4142 Quod
455 4078 583 4131 duae
613 4078 821 4131 animai
847 4094 959 4131 non
987 4078 1097 4131 sint
1127 4079 1183 4131 in
1208 4094 1324 4131 uno
1357 4078 1614 4145 homine,
1645 4080 1709 4130 ut
1739 4079 1864 4148 qui-

242 4166 373 4219 dam
405 4166 623 4229 dicunt,
657 4167 757 4219 sed
788 4182 904 4219 una
934 4171 1176 4219 tantum.

166 4259 222 4309 3.
268 4255 425 4319 Quod
460 4257 614 4308 solus
654 4255 829 4308 homo
879 4254 1079 4307 habeat
1117 4254 1369 4306 animam
1425 4252 1861 4307 substantivam.

163 4346 221 4397 4.
268 4344 338 4398 Ut
384 4344 670 4411 pecudum
718 4342 924 4396 anima:
960 4357 1088 4393 cum
1138 4343 1323 4395 carnis
1354 4346 1536 4394 morte
1570 4340 1863 4393 ﬁniantur.

163 4436 221 4485 5.
267 4432 426 4495 Quod
462 4432 655 4484 anima
694 4432 945 4484 humana
995 4446 1112 4483 non
1167 4446 1294 4484 cum
1343 4446 1513 4483 carne
1568 4429 1864 4482 moriatur.

161 4526 217 4575 6.
265 4521 426 4585 Quod
459 4520 633 4573 homo
665 4524 886 4572 constet
920 4518 1140 4572 duabus
1172 4518 1522 4573 substantiis.

158 4616 217 4665 7.
264 4610 425 4674 Quod
459 4607 691 4676 spiritus
723 4624 834 4660 non
888 4607 1093 4660 tertius
1133 4608 1205 4661 sit
1233 4607 1291 4660 in
1322 4606 1639 4661 substantia
1682 4605 1864 4659 homi-

240 4699 349 4763 nis,
384 4701 449 4749 ut
470 4696 707 4766 quidam
736 4696 1043 4750 afﬁrmant.

163 4793 219 4844 8.
266 4786 424 4851 Quod
458 4786 604 4839 Deus
634 4785 780 4839 sicut
808 4801 874 4838 ex
907 4785 1086 4839 nihilo
1117 4786 1266 4839 bona
1298 4785 1481 4838 facere
1529 4783 1732 4852 potuit,
1789 4782 1867 4836 ita

241 4892 369 4929 cum
390 4873 1115 4943 voluitperincarnationis
1149 4889 1265 4927 sua).
1296 4872 1656 4943 mysterium,
1693 4871 1864 4925 etiam

243 4964 464 5034 perdita
494 4962 647 5016 bona
676 4962 976 5030 reparavit.

168 5058 224 5108 9.
266 5052 422 5115 Quod
449 5052 596 5105 Deus
626 5057 741 5103 tres
768 5050 968 5103 vitales
998 5050 1231 5118 spiritus
1258 5053 1491 5110 crearet,
1539 5064 1715 5100 unum
1767 5049 1867 5119 qui

244 5157 410 5194 carne
438 5156 551 5193 non
591 5145 904 5210 tegeretur,
954 5140 1133 5192 alium
1182 5138 1280 5208 qui
1334 5154 1501 5190 carne.
1553 5143 1865 5206 tegeretur,

247 5230 342 5284 sed
378 5246 493 5283 non
524 5245 653 5282 cum
685 5245 853 5282 carne
903 5232 1225 5281 moreretur
1260 5243 1271 5280 :
1308 5227 1540 5279 tertium
1573 5226 1670 5297 qui
1701 5242 1868 5279 carne

246 5323 551 5388 tegeretur,
586 5323 642 5371 et
672 5334 802 5370 cum
826 5333 995 5370 carne
1027 5322 1368 5371 moreretur.

182 5411 264 5463 10.
308 5408 467 5471 Quod
509 5406 681 5459 homo
729 5407 788 5459 in
829 5407 1017 5476 prima
1055 5405 1381 5459 conditione
1415 5420 1516 5456 sua
1559 5404 1733 5456 libero
1779 5421 1867 5455 ar-

248 5498 416 5551 bitrio
450 5500 691 5550 donatus
714 5496 803 5549 sit.

1978 3907 2063 3957 11.
2107 3902 2265 3966 Quod
2298 3919 2495 3956 omnes
2526 3901 2788 3955 homines
2820 3901 2875 3953 in
2911 3900 3377 3969 praevaricatione
3406 3902 3539 3956 Adm
3573 3917 3671 3954 na-

2043 3992 2289 4046 turalem
2315 3992 2748 4062 possibilitatem
2774 3990 3170 4061 perdidissent.

1980 4084 2061 4134 12.
2109 4082 2184 4134 De
2215 4082 2412 4135 eadem
2445 4098 2523 4134 re.

1896 4204 1938 4257 Β
1982 4172 2064 4222 13.
2101 4169 2261 4231 Quod
2292 4170 2462 4223 homo
2516 4168 2595 4222 sic
2626 4167 2844 4238 positus
2890 4166 2962 4220 sit
3011 4166 3067 4219 in
3116 4166 3399 4235 paradiso,
3453 4166 3495 4219 si
3531 4166 3669 4219 obe-

2051 4256 2213 4309 diens
2258 4264 2643 4327 permaneret,
2715 4256 3061 4328 quandoque
3114 4254 3186 4307 ad
3234 4254 3517 4308 ccelestem
3568 4271 3668 4324 pa-

2045 4344 2234 4408 triam,
2269 4346 2389 4398 sine
2421 4346 2605 4399 carnis
2636 4358 2819 4400 morte
2844 4345 3133 4398 transiret.

1982 4432 2061 4484 14.
2105 4431 2266 4493 Quod
2298 4448 2399 4483 nos
2431 4436 2685 4486 carnales
2715 4436 2773 4487 in
2824 4435 2994 4505 hujus
3043 4432 3196 4486 exilii
3245 4433 3497 4486 caecitate
3527 4432 3664 4496 nati,

2046 4533 2225 4587 puero
2260 4518 2318 4570 in
2349 4534 2571 4571 carcere
2606 4527 2758 4583 nato,
2793 4527 2849 4575 et
2880 4522 3093 4576 nutrito
3123 4536 3544 4591 comparemur.

1982 4609 2063 4660 15.
2107 4606 2270 4670 Quod
2301 4607 2493 4660 nullus
2523 4624 2627 4677 per
2656 4611 3028 4680 semetipsum
3078 4612 3262 4665 bonus
3309 4609 3433 4663 ﬁeri
3471 4610 3665 4681 possit.

1981 4699 2063 4752 16.
2107 4697 2183 4749 De
2211 4696 2408 4750 eadem
2438 4713 2517 4750 re.

1982 4790 2064 4840 I7.
2113 4787 2186 4839 De
2216 4787 2415 4840 eadem
2450 4803 2529 4839 re.

1982 4878 2045 4930 I8
2101 4876 2257 4940 Quod
2292 4876 2470 4945 gratia
2500 4874 2693 4928 divina
2722 4891 2841 4927 non
2895 4876 3081 4929 solum
3112 4882 3344 4944 peccata
3397 4876 3665 4940 dimittat,

2048 4965 2144 5018 sed
2175 4965 2346 5017 etiam
2378 4963 2604 5032 adjuvet
2632 4978 2704 5015 ne
2732 4963 3185 5015 committantur.

1983 5057 2064 5108 19.
2109 5053 2267 5116 Quod
2300 5050 2725 5121 praedestinatio
2779 5052 2878 5105 Dei
2931 5051 3009 5103 ita
3064 5050 3135 5102 sit
3174 5051 3457 5118 ordinata,
3502 5058 3567 5106 ut
3604 5068 3669 5105 ea

2049 5141 2247 5194 nociva
2278 5156 2405 5210 quae
2438 5139 2836 5209 praedestinata
2869 5144 3001 5192 sunt
3055 5139 3366 5191 electorum
3406 5140 3669 5209 precibus

2049 5230 2190 5283 solvi
2217 5234 2450 5299 queant.

1979 5320 2061 5371 20.
2108 5318 2247 5371 Item
2274 5317 2344 5370 de
2377 5316 2894 5387 praedestinatione.

1978 5410 2065 5460 2t.
2114 5406 2187 5457 De
2220 5407 2316 5459 Dei
2351 5404 2739 5474 praevidentia,
2774 5404 2938 5457 simul
2968 5407 3025 5456 et
3053 5399 3432 5472 providentia.
3467 5423 3471 5427 υ
