4010 6194
284 318 419 371 1015

1349 315 1749 371 BURCHARDI
1791 315 2324 373 WORMACIENSIS
2364 311 2700 370 EPISCOPI.

3652 315 3792 365 1016

280 442 369 494 22.
412 436 573 503 Quod
604 436 795 492 divina
825 436 1141 503 aeternitas,
1170 452 1277 490 nec
1307 435 1499 502 fuisse,
1552 452 1656 490 nec
1712 436 1970 491 futurum
1999 439 2046 490 A
2156 436 2550 490 miserorum:
2598 434 2785 504 justus
2839 436 3052 497 autem,
3106 437 3161 487 et
3209 433 3337 488 ideo
3380 449 3502 487 non
3560 434 3799 487 sedetur

353 544 474 581 esse
507 527 730 581 habeat.

280 620 371 672 23.
414 615 571 681 Quod
603 619 808 669 cuncta
828 631 957 686 quin
986 612 1316 667 hominibus
1342 612 1507 677 ﬁunt,
1543 613 1756 684 absque
1789 614 1979 668 omni-

352 704 606 775 potentis
636 703 860 757 occulto
892 702 1153 767 concilio,
1187 717 1303 753 non
1333 700 1585 755 veniant.

280 794 375 848 24.
417 795 494 847 De
528 792 725 846 eadem
754 807 836 845 re.

281 886 372 937 25.
415 880 580 945 Quod
615 881 760 933 Deus
791 878 1031 949 singulis
1059 879 1187 933 dies
1216 894 1350 933 suos
1378 879 1660 951 praeﬁgat,
1689 882 1752 933 ut
1771 878 1978 946 minui,

358 985 462 1023 nec
492 967 691 1039 augeri
721 970 966 1038 possint.

282 1062 375 1114 26.
417 1056 578 1122 Quod
613 1057 760 1110 Deus
790 1060 987 1109 nostra
1017 1060 1247 1125 peccata
1279 1055 1619 1110 dissimulet.

284 1150 380 1202 27.
428 1146 583 1210 Quod
621 1146 768 1198 Deus
800 1149 1004 1198 cuncta
1040 1142 1326 1213 disponat,
1376 1148 1433 1197 et
1479 1143 1802 1198 consideret
1846 1143 1983 1196 uni-

357 1250 651 1288 versorum
677 1233 876 1287 ﬁnem.

286 1326 376 1389 28,
412 1325 500 1387 29,
537 1324 625 1387 30,
671 1324 758 1388 31,
809 1324 895 1388 32,
940 1323 1028 1384 33,
1066 1322 1154 1387 34,
1199 1323 1287 1388 35,
1332 1323 1422 1388 36,
1463 1323 1549 1385 37,
1590 1321 1678 1386 38,
1712 1322 1796 1375 39.
1840 1319 1983 1374 Item

359 1410 428 1464 de
461 1408 985 1481 praedestinatione.

287 1500 373 1552 40.
414 1499 490 1552 De
523 1498 812 1551 creatione
835 1498 1195 1567 angelorum.

284 1588 374 1642 41.
415 1587 574 1651 Quod
609 1585 750 1639 nihil
780 1585 856 1640 sit
882 1585 1289 1656 incorporeum
1333 1589 1391 1639 et
1420 1584 1722 1647 invisibile,
1776 1588 1987 1655 printer

360 1677 545 1729 solum
577 1676 776 1728 Deum.

288 1766 373 1818 42.
412 1764 577 1828 Quod
607 1762 796 1816 omnis
833 1766 1094 1816 creatura
1120 1761 1193 1815 sit
1218 1777 1510 1832 corporea.

289 1855 377 1909 43.
411 1852 570 1916 Quod
617 1867 817 1905 omnes
863 1850 1275 1905 intellectuales
1330 1853 1550 1903 natura;
1630 1849 1988 1905 immortales

361 1940 495 1993 sint.

291 2029 379 2084 44.
422 2028 583 2092 Quod
618 2031 891 2097 apostatte
922 2027 1113 2097 angeli
1155 2030 1286 2080 ante
1313 2026 1538 2080 ruinam
1568 2026 1810 2080 liberum
1835 2027 1986 2081 arbi-

364 2117 539 2171 trium
566 2116 833 2170 habeant.

292 2206 380 2261 45.
423 2206 535 2260 Cur
574 2205 912 2275 angelorum
964 2203 1200 2273 spiritus
1258 2202 1732 2258 irremissibiliter
1782 2220 1987 2275 pecca-

362 2299 508 2361 rent,
542 2309 676 2347 eum
706 2292 892 2346 carnis
921 2292 1324 2346 commixtione
1354 2308 1473 2346 non
1509 2296 1858 2346 tenerentur.

289 2384 378 2439 46.
404 2382 563 2447 Quod
594 2381 784 2451 angeli
805 2382 1066 2436 custodes
1088 2382 1421 2435 hominibus
1447 2386 1876 2452 prmponantur.

292 2474 377 2526 47.
421 2472 582 2536 Quod
628 2471 868 2541 singulis
916 2471 1247 2525 hominibus
1297 2470 1508 2541 singuli
1539 2470 1731 2540 angeli
1780 2470 1989 2525 dentur

364 2559 646 2614 custodes.

292 2650 380 2704 48.
417 2648 578 2713 Quod
624 2647 858 2702 dextera
909 2646 1009 2700 Dei
1066 2645 1140 2699 sit
1218 2646 1553 2716 angelorum
1602 2662 1735 2716 pars
1787 2647 1984 2713 electa,

363 2737 593 2791 sinistra
619 2740 812 2790 autem
842 2735 984 2805 ejus,
1022 2751 1152 2804 pars
1181 2736 1519 2805 angelorum
1550 2736 1814 2805 reproba.

291 2828 381 2882 49.
425 2826 587 2890 Quod
641 2823 929 2879 immundi
977 2823 1211 2894 spiritus
1255 2823 1316 2877 in
1354 2824 1462 2878 hoc
1506 2823 1653 2890 cmli,
1704 2828 1988 2895 terrasque

361 2914 554 2969 medio
583 2918 880 2983 vagentur.

294 3006 380 3059 50.
427 3004 503 3058 De
532 3003 639 3056 hoc
671 3000 715 3056 si
745 3018 854 3071 pax
879 3002 939 3054 in
968 3000 1311 3054 sublimibus
1343 3001 1673 3055 retineatur.

294 3094 381 3146 51.
421 3089 584 3155 Quod
616 3089 831 3143 diaboli
860 3088 1124 3144 voluntas
1167 3105 1393 3159 semper
1432 3089 1507 3143 sit
1554 3089 1771 3161 iniqua,
1825 3096 1987 3161 pote-

363 3184 476 3232 stas
496 3183 690 3232 autem
716 3177 841 3247 ejus
868 3193 1166 3243 nunquam
1194 3177 1425 3246 injuste.

294 3270 380 3321 52.
424 3266 586 3331 Quod
616 3271 866 3336 quatuor
896 3264 1077 3318 modis
1107 3266 1372 3336 loquatur
1397 3267 1545 3320 Deus
1575 3266 1647 3320 ad
1677 3267 1987 3334 diabolum,

364 3359 421 3409 et
452 3355 632 3409 tribus
664 3352 849 3407 modis
879 3352 1138 3406 diabolus
1168 3353 1237 3406 ad
1273 3354 1473 3407 Deum.

293 3447 380 3498 53.
424 3443 584 3507 Quod
616 3457 732 3496 non
754 3441 829 3495 sit
859 3441 1049 3510 palma
1088 3441 1361 3504 victorias,
1395 3441 1519 3496 sine
1560 3442 1748 3496 labore
1806 3448 1990 3497 certa-

365 3532 557 3585 minis.

293 3622 378 3675 54.
427 3621 499 3674 De
532 3624 811 3685 creatura,
843 3623 899 3671 et
930 3624 1155 3687 natura,
1191 3623 1248 3672 et
1278 3619 1594 3674 ministerio
1624 3621 1987 3691 angelorum,

364 3714 420 3763 et
447 3710 516 3763 de
550 3724 683 3762 casu
716 3711 1105 3777 apostatarum
1130 3708 1491 3778 angelorum.

293 3802 384 3852 55.
428 3797 592 3862 Quod
635 3812 1018 3868 supernorum
1071 3796 1280 3850 civium
1330 3812 1628 3865 numerus,
1686 3801 1743 3851 et
1786 3797 1985 3851 ﬁnitus

364 3887 455 3951 sit,
487 3890 545 3940 et
570 3885 852 3939 inﬁnitus.

293 3978 380 4029 56.
422 3975 582 4039 Quod
612 3973 797 4028 omnis
823 3974 990 4043 culpa
1013 3978 1144 4027 ante
1190 3972 1501 4027 discessum
1534 3973 1839 4027 oblationis
1870 3990 1991 4028 mu-

364 4078 500 4118 nere
531 4064 803 4117 solvatur.

293 4155 381 4207 57.
423 4152 580 4215 Quod
611 4167 763 4204 sacra
799 4149 1012 4204 oblatio
1057 4153 1185 4219 post
1236 4152 1478 4202 mortem
1526 4148 1825 4203 animabus
1854 4167 1988 4221 pro-

366 4240 525 4295 desse
556 4239 797 4309 possint,
831 4238 876 4291 si
908 4253 1023 4291 non
1054 4242 1188 4291 sunt
1220 4236 1403 4305 culpa:
1437 4237 1879 4292 indissolubiles.

293 4332 381 4383 58.
423 4328 583 4392 Quod
614 4326 838 4382 beatius
867 4326 939 4379 sit
986 4341 1336 4396 quemquam
1367 4325 1613 4380 liberum
1651 4326 1782 4380 hinc
1813 4326 1986 4392 exire,

365 4433 540 4488 quam
570 4421 701 4486 post
733 4420 979 4469 mortem
1016 4415 1334 4469 libertatem
1370 4431 1647 4486 quaarere.

293 4509 380 4561 59.
424 4505 585 4569 Quod
617 4504 809 4558 nullus
836 4503 1041 4557 debeat
1072 4519 1271 4575 rogare
1297 4520 1400 4575 pro
1432 4509 1683 4573 peccato,
1720 4506 1873 4575 quod
1906 4508 1991 4558 est

366 4594 432 4648 ad
469 4598 731 4648 mortem.

292 4685 378 4737 60.
426 4682 492 4737 Ut
517 4698 715 4736 omnes
747 4680 952 4735 animae
1009 4682 1322 4735 electorum
1380 4681 1682 4735 credenda
1724 4680 1839 4735 sint
1868 4697 1989 4734 esse

361 4770 424 4825 in
453 4772 616 4833 coelo,
647 4774 705 4824 et
732 4768 1067 4839 iniquorum
1098 4768 1307 4822 animas
1338 4768 1396 4822 in
1424 4768 1666 4822 inferno.

293 4863 380 4915 61.
424 4858 582 4923 Quod
613 4858 760 4912 sicut
806 4856 939 4910 ﬁnis
991 4873 1108 4910 non
1160 4861 1244 4909 est
1294 4856 1505 4925 gaudio
1552 4856 1860 4921 bonorum,
1911 4856 1990 4911 sic

363 4947 495 5002 ﬁnis
524 4962 645 5001 non
674 4950 757 4999 est
783 4945 1083 4999 tormentis
1116 4944 1420 4998 malorum.

293 5040 377 5091 62.
424 5036 585 5101 Quod
627 5035 706 5087 ita
752 5050 867 5087 non
908 5034 1001 5098 sit,
1070 5038 1135 5085 ut
1183 5032 1416 5101 quidam
1474 5034 1785 5099 afﬁrmant,
1835 5035 1985 5104 quod

364 5126 515 5180 Deus
543 5124 616 5178 ob
646 5123 752 5177 hoc
781 5123 1032 5176 minatus
1064 5121 1133 5175 sit
1162 5126 1436 5177 mternam
1465 5139 1694 5193 pennam
1742 5138 1987 5192 peccan-

364 5213 536 5275 tibus,
569 5216 635 5265 ut
655 5211 964 5282 corrigeret
991 5225 1024 5263 a
1054 5208 1238 5263 malis.

294 5304 380 5356 63.
424 5301 537 5355 Cur
606 5304 837 5369 peccata
910 5314 1040 5369 quas
1100 5314 1229 5352 cum
1278 5297 1392 5352 ﬁne
1448 5302 1778 5368 perpetrata
1832 5303 1986 5366 sunt,

365 5388 486 5441 sine
510 5388 624 5441 tine
655 5387 990 5457 puniantur.

298 5478 383 5530 64.
426 5475 584 5539 Quod
634 5477 781 5530 Dens
826 5476 957 5546 pius
1007 5474 1096 5541 sit,
1148 5479 1203 5528 et
1252 5490 1368 5528 non
1422 5479 1687 5545 pascatur
1730 5475 1987 5530 cruciatu

2158 526 2219 579 in
2250 528 2600 595 perpetuum
2631 524 2702 577 ab
2732 521 3069 593 iniquorum
3101 522 3334 576 ultione.

2089 618 2176 669 65.
2222 616 2300 668 De
2325 614 2435 667 hoc
2487 612 2533 664 si
2567 616 2699 665 ante
2745 610 3165 665 restitutionem
3215 627 3525 681 corporum
3579 610 3795 665 anima

2155 704 2444 773 jnstorum
2478 701 2537 754 in
2571 701 2776 754 ccelum
2808 699 3126 769 rapiantur.

2090 793 2179 845 66.
2221 790 2383 854 Quod
2417 789 2559 859 justi
2612 790 2667 842 in
2698 789 2790 842 die
2835 788 3041 858 judicii
3100 789 3419 843 animarum
3482 787 3683 852 simul,
3744 794 3805 843 et

2162 895 2466 949 corporum
2494 879 2673 947 gloria
2719 878 3085 931 laetabuntur.

2088 964 2178 1018 '67.
2222 964 2301 1017 De
2353 964 2457 1016 hoc
2507 962 2553 1015 si
2600 962 2736 1015 boni
2781 962 2964 1015 bonos
3021 960 3082 1015 in
3139 975 3335 1030 regno,
3408 959 3503 1013 vel
3557 960 3607 1012 si
3664 960 3809 1013 mali

2163 1052 2343 1105 malos
2367 1050 2429 1104 in
2449 1049 2729 1121 supplicio
2759 1053 3095 1121 agnoscant.

2091 1143 2178 1195 68.
2225 1141 2301 1193 De
2332 1140 2440 1193 hoc
2492 1139 2538 1192 si
2564 1138 2729 1209 .ignis
2768 1137 3138 1209 purgatorius
3185 1137 3508 1191 credendus
3554 1136 3652 1203 sit,
3699 1137 3800 1206 qui

2162 1233 2291 1299 post
2321 1232 2562 1281 mortem
2593 1227 2811 1281 animas
2842 1243 2874 1279 a
2905 1226 3149 1296 peccatis
3176 1232 3475 1296 expurget.

2092 1319 2179 1372 69.
2223 1316 2385 1381 Quod
2417 1332 2563 1369 unus
2596 1315 2669 1369 sit
2699 1316 2978 1385 gehennae
3002 1315 3172 1386 ignis,
3204 1314 3299 1368 sed
3334 1330 3454 1367 non
3483 1329 3601 1367 uno
3633 1314 3801 1367 modo

2162 1421 2362 1459 omnes
2394 1404 2626 1458 cruciet.

2094 1499 2188 1551 70.
2238 1494 2389 1557 Quot
2434 1509 2646 1565 genera
2701 1491 2814 1546 sint
2878 1490 3185 1545 oblationis
3227 1506 3332 1560 pro
3379 1489 3668 1543 defunctis
3719 1490 3799 1542 fa-

2165 1582 2407 1637 cienda?

2091 1676 2182 1725 7t.
2226 1673 2338 1726 Cur
2390 1675 2719 1725 sanctorum
2780 1668 2989 1722 animm
3068 1684 3170 1738 pro
3219 1667 3623 1738 peccatoribus
3680 1683 3797 1720 non

2167 1764 2349 1827 orent,
2408 1759 2638 1831 quando
2688 1774 2787 1813 eos
2832 1757 2894 1811 in
2958 1757 3093 1826 igne
3150 1762 3366 1811 esterno
3418 1756 3621 1810 ardere
3664 1772 3798 1827 pro-

2168 1848 2476 1920 spexerint.

2097 1940 2184 1991 72.
2230 1937 2389 2001 Quod
2421 1936 2645 1991 duobus
2674 1936 2858 1990 modis
2885 1934 3001 1989 vita
3051 1934 3294 2001 dicatur,
3355 1933 3582 1988 duobus
3623 1933 3796 1986 etiam

2165 2040 2324 2080 mors
2348 2025 2725 2095 intelligatur.

2097 2116 2183 2169 73.
2226 2114 2386 2178 Quod
2444 2115 2631 2181 electi,
2685 2129 2785 2167 seu
2846 2112 3076 2182 reprobi
3142 2112 3212 2166 ad
3272 2112 3400 2166 loca
3466 2110 3798 2164 communia

2170 2203 2532 2257 deducantur
2561 2202 2619 2256 in
2645 2202 2965 2255 tormentis.

2096 2291 2184 2345 74.
2232 2292 2308 2345 De
2354 2293 2462 2345 hoc
2513 2291 2666 2361 quod
2712 2290 2773 2343 in
2832 2289 3004 2343 domo
3054 2288 3152 2343 Dei
3220 2289 3417 2343 multas
3475 2285 3797 2341 mansiones

2170 2379 2301 2433 sint.

2095 2471 2185 2521 75.
2230 2467 2391 2531 Quod
2419 2467 2582 2520 illum
2614 2482 2785 2537 quem
2817 2467 2991 2520 semel
3022 2466 3189 2535 culpa
3225 2466 3293 2519 ad
3320 2480 3552 2535 poenam
3572 2468 3801 2534 pertra-

2166 2555 2273 2623 hit,
2310 2555 2699 2609 misericordia
2728 2555 2965 2608 ulterius
2993 2555 3066 2608 ad
3115 2555 3336 2607 veniam
3383 2570 3502 2607 non
3542 2553 3801 2606 reducat.

2096 2647 2187 2699 76.
2229 2644 2391 2709 Quod
2426 2645 2573 2698 Deus
2602 2644 2824 2698 dicatur
2853 2644 3060 2707 zelans,
3096 2643 3316 2697 dicatur
3344 2644 3545 2707 iratus,
3577 2643 3809 2695 dicatur

2170 2733 2471 2803 paenitens,
2512 2733 2734 2786 dicatur
2752 2732 3096 2793 misericors,
3131 2731 3352 2785 dicatur
3380 2730 3674 2800 praescius.

2098 2825 2185 2875 77.
2231 2822 2342 2876 Cur
2371 2822 2515 2874 Deus
2544 2837 2677 2874 suos
2700 2821 2910 2874 electos
2947 2821 3025 2874 sic
3056 2820 3350 2890 permittat
3378 2820 3544 2885 mori,
3591 2822 3656 2871 ut
3681 2834 3807 2872 non

2169 2910 2228 2962 in
2260 2908 2373 2962 vita
2406 2909 2642 2962 illorum
2675 2909 2956 2973 ostendat,
2990 2910 3153 2978 cujus
3186 2907 3504 2961 sanctitatis
3534 2908 3671 2961 sint.

2022 3002 2062 3057 C
2101 3002 2189 3053 78.
2232 2998 2394 3063 Quod
2428 2998 2651 3052 miseris
2686 3015 2840 3052 mors
2870 2998 2970 3052 ﬁat
2999 2998 3121 3052 sine
3148 3002 3350 3053 morte.

2101 3090 2187 3141 79.
2230 3087 2391 3151 Quod
2423 3087 2481 3139 in
2508 3087 2732 3140 inferno
2782 3088 3177 3156 peccatoribus
3220 3087 3290 3141 ad
3338 3086 3802 3141 consolationem

2172 3176 2321 3246 ignis
2354 3192 2467 3229 non
2494 3176 2699 3244 luceat,
2732 3177 2826 3230 sed
2857 3184 2917 3231 ut
2947 3176 3127 3246 magis
3153 3180 3432 3246 torqueat.

2102 3265 2189 3317 80.
2237 3264 2311 3316 De
2342 3263 2543 3316 eadem
2576 3278 2655 3317 re.

2101 3354 2187 3406 81.
2233 3351 2389 3415 Quod
2443 3351 2699 3405 humana
2751 3350 2944 3405 anima
2992 3351 3073 3405 ita
3117 3350 3458 3405 immortalis
3506 3349 3599 3411 sit,
3658 3354 3727 3403 ut
3753 3355 3811 3403 et

2172 3440 2319 3493 mori
2345 3439 2546 3509 possit,
2578 3445 2633 3493 et
2665 3456 2777 3493 non
2812 3440 3011 3509 possit.

2102 3530 2186 3581 82.
2226 3528 2389 3591 Quod
2418 3542 2725 3598 corporeus
2756 3528 2831 3581 sit
2856 3527 3006 3597 ignis
3035 3528 3336 3596 gehennae,
3370 3531 3425 3580 et
3480 3543 3597 3579 non
3640 3526 3814 3580 indi-

2173 3622 2304 3686 geat
2332 3616 2443 3669 alia
2468 3617 2728 3682 materia,
2760 3616 2873 3669 nisi
2904 3616 3276 3686 reproborum
3306 3615 3579 3669 cruciatu.

2102 3708 2189 3760 83.
2249 3706 2362 3760 Cur
2409 3703 2601 3758 anima
2647 3705 2707 3758 in
2765 3720 3005 3773 corpore
3066 3720 3323 3768 manens,
3382 3709 3438 3757 et
3494 3704 3815 3773 egrediens

2172 3793 2355 3847 videri
2387 3809 2505 3846 non
2540 3793 2734 3862 possit.

2101 3884 2187 3936 84.
2234 3882 2302 3935 Ut
2350 3881 2546 3934 nullus
2595 3881 2857 3935 dubitare
2902 3881 3108 3935 debeat
3160 3896 3227 3935 ea
3282 3897 3405 3934 esse
3461 3880 3806 3945 invisibilia,

2171 3986 2299 4039 quae
2330 3971 2443 4024 Deo
2477 3969 2750 4022 invisibili
2778 3969 3236 4023 subministrant.

2100 4062 2186 4115 85.
2228 4059 2387 4124 Quod
2445 4059 2603 4113 nulla
2657 4058 2906 4112 visibilia
2963 4058 3164 4123 videri,
3219 4060 3305 4112 vel
3351 4058 3623 4128 cognosci
3674 4075 3810 4128 pos-

2170 4147 2305 4213 sint,
2338 4147 2447 4201 nisi
2477 4163 2577 4218 per
2608 4146 2939 4202 invisibilia.

2099 4239 2186 4291 86.
2244 4236 2407 4301 Quod
2453 4236 2823 4304 incorporeus
2896 4235 3130 4305 spiritus
3196 4235 3251 4288 in
3301 4235 3526 4290 inferno
3584 4252 3617 4287 a
3673 4252 3806 4289 cor-

2170 4340 2349 4394 poreo
2383 4324 2515 4394 igne
2542 4324 2849 4394 afﬂigatur.

2098 4416 2184 4467 87.
2228 4413 2384 4477 Quod
2432 4413 2805 4482 incorporeus
2857 4412 3092 4483 spiritus
3139 4412 3423 4466 viviﬁcare
3477 4413 3685 4482 possit,
3750 4419 3806 4467 et

2169 4501 2251 4555 ibi
2282 4501 2484 4569 teneri,
2518 4502 2619 4555 ubi
2650 4518 2683 4556 a
2712 4517 2989 4572 corporeo
3021 4501 3150 4573 igne
3183 4501 3490 4555 cruciatur.

2099 4594 2185 4646 88.
2247 4592 2324 4645 De
2385 4590 2657 4660 apostatis
2702 4590 3000 4660 spiritibus
3058 4590 3211 4660 quod
3258 4588 3596 4659 incorporei
3682 4607 3801 4643 cre-

2170 4677 2345 4732 dendi
2379 4678 2514 4731 sint.

2099 4769 2186 4821 89.
2256 4766 2416 4830 Quod
2464 4766 2743 4836 gehennae
2794 4766 2945 4837 ignis
3001 4782 3307 4837 corporeus
3376 4781 3501 4821 esse
3560 4767 3803 4823 creden-

2172 4854 2277 4909 dus
2308 4854 2396 4907 sit.

2100 4945 2187 4998 90.
2235 4944 2312 4997 De
2342 4943 2447 4997 hoc
2466 4943 2620 5013 quod
2640 4942 2924 5005 scribitur.
2953 4944 3130 4998 Deum
3154 4960 3325 4999 nemo
3359 4945 3503 5000 vidit
3520 4962 3805 5016 unquam,

2169 5035 2223 5084 et
2243 5030 2488 5101 qualiter
2518 5029 2662 5085 illud
2692 5030 3130 5101 intelligendum
3162 5031 3253 5087 sit.

2099 5121 2186 5172 91.
2228 5120 2306 5173 De
2330 5118 2542 5189 duplici
2567 5135 2734 5188 paena
2762 5120 3184 5175 damnatorum.

2098 5210 2185 5262 92.
2231 5208 2305 5260 De
2335 5208 2518 5277 pinnis
2536 5207 2870 5278 impiorum.

2097 5298 2183 5352 93.
2218 5298 2293 5350 De
2325 5297 2689 5351 Antichristo.

2097 5386 2182 5439 94.
2225 5385 2379 5449 Quod
2413 5391 2542 5440 ante
2570 5386 2721 5441 diem
2745 5386 2968 5457 judicii,
3002 5386 3172 5441 etiam
3221 5388 3386 5441 electi
3435 5390 3631 5443 casuri
3691 5390 3809 5444 sint

2169 5473 2227 5526 in
2257 5473 2503 5527 adventu
2534 5474 2883 5529 Antichristi.

2094 5565 2181 5616 95.
2225 5563 2302 5616 De
2327 5563 2692 5617 Antichristo.
