4010 6194
174 326 319 377 1017

170 448 273 501 96.
312 446 453 500 Item
485 443 555 498 de
586 442 959 498 Antichristo.

174 536 273 587 97.
302 532 468 598 Quod
509 531 837 585 novissimis
887 546 1089 585 omnes
1145 532 1412 588 Israelita;
1470 551 1572 605 per
1619 536 1897 606 praedica-

252 622 476 675 tionem
507 620 688 674 Heliae
716 620 975 674 converti
1005 620 1271 674 debeant.

168 713 268 765 98.
300 713 378 765 De
408 713 512 765 hoc
568 726 669 763 cur
720 710 781 763 in
815 710 919 763 hac
972 710 1088 763 vita
1121 711 1332 781 saepius
1388 711 1554 766 bonis
1609 714 1758 767 male
1802 714 1893 780 sit,

251 806 315 854 et
349 800 513 853 malis
542 800 707 854 bene.

172 890 270 942 99.
308 888 471 952 Quod
502 889 901 954 etiamomnes
930 886 1193 941 inﬁdeles
1224 904 1531 959 resurgere
1560 889 1805 944 debeant
1824 891 1895 945 ad

252 981 565 1045 tormenta,
599 993 714 1030 non
739 977 807 1030 ad
833 975 1139 1046 judicium.

178 1068 313 1119 100.
350 1066 507 1129 Quod
540 1080 738 1118 omnes
763 1065 1021 1118 homines
1052 1080 1355 1135 resurgere
1388 1065 1654 1119 debeant.

180 1157 313 1209 101.
358 1156 429 1209 De
461 1158 658 1209 eadem
688 1171 767 1207 re.

179 1246 314 1297 102.
352 1244 508 1307 Quod
541 1243 731 1314 angeli
792 1246 1087 1313 apostataa,
1137 1249 1195 1297 et
1252 1243 1419 1313 impii
1449 1244 1715 1297 homines
1763 1248 1892 1313 post

255 1338 548 1386 tormenta
577 1331 1053 1403 quasisuppliciis
1085 1332 1409 1402 expurgati,
1444 1348 1563 1385 non
1598 1333 1886 1402 justorum

253 1421 516 1475 societati
548 1422 810 1475 donetur.

176 1513 316 1565 103.
369 1512 527 1575 Quod
586 1510 922 1564 resurrectio
979 1509 1105 1563 ﬁeri
1157 1509 1363 1563 debeat
1411 1510 1474 1562 in
1531 1514 1698 1564 aetate
1754 1527 1883 1581 per-

252 1599 420 1652 fecta:
442 1599 777 1668 juventutis,
809 1615 937 1669 qua:
967 1598 1229 1668 profectu
1256 1616 1371 1652 non
1393 1599 1667 1668 indigeat.

178 1686 315 1740 104.
345 1687 503 1750 Quod
530 1687 813 1741 districtus
861 1688 1040 1757 judex
1073 1689 1140 1742 ad
1175 1688 1465 1758 judicium
1499 1688 1732 1743 veniens
1758 1705 1886 1759 pec-

255 1780 513 1829 catorem
543 1776 751 1843 videat,
785 1780 845 1829 ut
873 1774 1058 1842 feriat,
1093 1792 1210 1829 non
1236 1786 1299 1831 ut
1331 1778 1526 1831 salvet.

1126 322 1603 380 DECRETOBUM
1648 326 1830 382 LIBRI
1872 328 1972 381 XX.
2016 358 2084 367 —
2125 329 2334 383 LIBER
2376 328 2761 383 VICESIMUS.

1922 454 1968 505 Α
2014 454 2129 506 105.
2158 450 2314 515 Quod
2347 452 2493 504 Deus
2547 451 2618 504 ad
2665 450 2946 520 judicium
2995 451 3188 505 veniat
3242 453 3311 506 ad
3371 452 3699 509 feriendum

3565 334 3695 386 1018

2079 539 2292 603 videns,
2328 544 2385 591 et
2413 538 2485 591 ad
2515 539 2850 593 salvandum
2883 556 3000 593 non
3031 540 3248 594 videns.

2012 628 2129 680 106.
2163 626 2324 689 Quod
2358 625 2416 678 in
2446 626 2538 680 die
2564 627 2765 696 judicii
2803 628 2915 681 duo
2942 616 3169 682 ordines
3222 629 3281 680 in
3335 632 3579 698 quatuor
3608 630 3698 683 di-

2075 715 2360 769 videntur.

2010 806 2127 858 107.
2161 802 2319 866 Quod
2350 802 2490 855 liber
2522 802 2651 856 vitm
2684 804 2758 857 sit
2798 804 2917 874 ipsa
2963 804 3102 857 visio
3135 803 3490 857 advenientis
3536 804 3697 874 judi-

2073 892 2151 945 cis
2180 907 2193 944 :
2228 891 2365 961 quia
2392 892 2665 961 quicquid
2697 893 2825 963 quis
2858 892 3084 955 fecerat,
3132 892 3254 962 ipso
3311 892 3427 944 viso
3496 893 3696 947 statim

2075 980 2379 1049 intelliget.

2007 1069 2126 1121 108.
2162 1068 2239 1120 De
2270 1066 2454 1135 gloria
2484 1072 2812 1121 sanctorum
2846 1073 2971 1136 post
2999 1066 3300 1137 judicium.

2006 1158 2124 1209 109.
2159 1155 2325 1217 Quod
2358 1155 2519 1208 ﬁnito
2546 1156 2763 1225 judicio
2818 1155 3055 1225 incipiat
3084 1172 3205 1209 esse
3264 1156 3535 1209 saeculum
3594 1173 3698 1209 no-

2072 1259 2229 1307 vum,
2258 1248 2363 1296 etc.

2003 1335 2123 1386 110.
2160 1332 2372 1385 Contra
2402 1348 2499 1385 eos
2522 1334 2622 1402 qui
2651 1332 2869 1397 dicunt,
2908 1333 2951 1385 si
2985 1336 3113 1400 post
3143 1332 3352 1385 factum
3406 1332 3694 1401 judicium

2062 1418 2170 1471 erit
2199 1418 2568 1488 conflagratio
2608 1420 2832 1484 mundi,
2879 1419 2971 1472 ubi
3030 1425 3164 1472 tunc
3223 1436 3343 1471 esse
3397 1419 3697 1489 potuerint

2070 1508 2269 1567 sancti,
2305 1508 2404 1578 qui
2438 1526 2548 1561 non
2579 1509 2984 1578 contingantur
3014 1509 3245 1561 ﬂamma
3277 1508 3550 1561 incendii.

2461 1690 2662 1744 Indicis
2713 1690 3079 1760 capitulorum
3102 1688 3258 1757 ﬁnis.

1515 2088 2361 2193 BURCHABDI

1182 2291 1809 2346 WORMACIENSIS
1868 2290 2279 2346 ECCLESIIE
2338 2291 2706 2346 EPISCOPI

352 2475 1702 2622 DECRETORUM
1805 2476 2398 2625 LIBER
2499 2473 3545 2619 VICESIMUS

1484 2730 1584 2793 DE
1634 2727 2399 2795 CONTEMPLATIONE.

674 3027 1163 3084 ARGUMENTUM
1203 3027 1409 3082 LIBRI.

270 3116 436 3170 Liber
467 3116 559 3171 hic
584 3116 918 3186 Speculator
944 3122 1197 3171 vocatur.
1235 3116 1571 3186 Speculatur
1635 3117 1787 3170 enim
1822 3116 1891 3170 de

186 3204 553 3277 providentia
582 3210 638 3259 et
668 3205 1178 3275 praedestinatione
1209 3204 1419 3272 divina,
1448 3210 1504 3259 et
1535 3206 1603 3259 de
1645 3205 1891 3258 adventu

184 3293 545 3360 Antichristi,
576 3294 645 3347 de
690 3294 811 3363 ejus
869 3294 1160 3363 operibus,
1212 3293 1280 3347 de
1336 3293 1777 3359 resurrectione,
1821 3293 1891 3347 de

186 3383 283 3437 die
309 3381 533 3453 judicii,
564 3386 619 3436 et
667 3382 1045 3437 infernalibus
1076 3382 1280 3454 pomis,
1334 3382 1403 3437 de
1434 3382 1703 3437 felicitate
1760 3398 1890 3453 per-

189 3475 384 3542 petuae
424 3470 573 3523 vitae.

191 3560 325 3613 CAP.
358 3559 399 3612 ἰ.
430 3588 500 3597 —
561 3558 717 3623 Quod
764 3561 960 3614 animae
1009 3560 1261 3613 humanae
1306 3561 1448 3612 inter
1493 3564 1710 3613 caeteras
1739 3574 1889 3612 crea-

550 3634 701 3683 iuras
731 3632 799 3684 ab
829 3633 986 3685 initio
1032 3645 1142 3684 non
1180 3632 1294 3684 sint
1322 3633 1531 3683 creatae.

264 3719 525 3784 (August.
559 3717 739 3787 dicit.)
771 3719 1005 3772 Animas
1033 3718 1335 3772 hominum
1362 3733 1474 3770 non
1506 3732 1628 3770 esse
1648 3716 1891 3770 dicimus

185 3807 260 3860 ab
294 3805 458 3859 initio
512 3806 663 3859 inter
718 3810 952 3862 caeteras
992 3806 1409 3860 intellectuales
1467 3811 1722 3870 naturas,
1783 3819 1888 3857 nec

187 3896 366 3948 semel
394 3901 630 3961 creatas,
666 3900 727 3949 ut
752 3895 1026 3965 Origenes
1060 3895 1227 3965 ﬁngit
1259 3910 1273 3947 :
1308 3910 1495 3965 neque
1525 3910 1654 3947 cum
1687 3908 1889 3961 corpo-

190 3983 351 4037 ribus
389 3999 491 4053 per
538 3984 753 4038 coitum
808 3984 1101 4051 seminari,
1137 3984 1285 4037 sicut
1328 3980 1669 4037 Luciferiani
1701 3987 1757 4035 et
1785 3981 1889 4051 Cy-

187 4072 373 4138 rillus,
407 4078 462 4125 et
492 4072 671 4148 aliqui
720 4073 1048 4126 Latinorum
1104 4077 1521 4144 praesumentes
1570 4070 1886 4135 afﬁrmant,

188 4160 355 4231 quasi
388 4166 607 4214 naturae
662 4162 1072 4232 consequentia
1103 4160 1430 4215 serviente:
1491 4160 1585 4213 sed
1645 4159 1888 4212 dicimus

187 4264 399 4318 corpus
428 4254 654 4303 tantum
687 4265 789 4319 per
816 4248 1070 4320 conjugii
1120 4249 1384 4318 copulam
1437 4247 1728 4311 seminari,
1764 4244 1884 4312 Dei,

1922 3024 1962 3076 Β
2002 3025 2286 3096 disponat,
2322 3025 2537 3079 habens
2570 3024 2628 3077 in
2671 3040 2728 3077 se
2757 3023 3083 3078 libertatem
3120 3024 3367 3092 arbitrii,
3401 3030 3466 3079 ut
3495 3024 3555 3079 in
3602 3041 3703 3079 sua

2006 3114 2321 3168 substantia
2352 3115 2524 3185 eligat
2553 3113 2961 3184 cogitationem
2996 3130 3169 3184 quam
3200 3114 3340 3167 vult.

2006 3203 2133 3257 CAP.
2208 3205 2299 3257 III.
2381 3234 2449 3244 —
2523 3203 2679 3270 Quod
2751 3204 2895 3256 solus
2965 3205 3115 3257 homo
3182 3202 3376 3257 habeat
3460 3206 3699 3258 animam

2643 3274 3063 3328 substantivam.

2076 3363 2283 3430 (Idem)
2314 3363 2511 3418 Solum
2564 3363 2862 3417 hominem
2891 3362 3174 3416 credimus
3207 3362 3416 3415 habere
3447 3364 3699 3418 animam

2005 3451 2437 3517 substantivam,
2468 3469 2533 3506 ex
2575 3467 2687 3522 qua
2719 3467 2925 3520 corpus
2951 3451 3105 3517 vivit,
3128 3458 3184 3504 et
3205 3450 3482 3504 rationem
3515 3468 3697 3517 suam,

2005 3544 2060 3592 et
2086 3540 2316 3607 ingenia
2347 3541 2622 3593 vivaciter
2646 3543 2821 3592 tenet.
2862 3541 3053 3609 Neque
3104 3554 3235 3591 cum
3280 3554 3521 3609 corpore
3574 3558 3694 3595 mo-

2001 3626 2169 3694 ritur,
2202 3627 2347 3679 sicut
2375 3628 2554 3681 Arabs
2586 3626 2805 3688 asserit,
2861 3642 3047 3696 neque
3102 3629 3231 3695 post
3290 3627 3580 3682 modicum
3611 3628 3702 3681 in-

2001 3716 2323 3779 tervallum,
2359 3716 2503 3768 sicut
2528 3717 2720 3768 Zenon
2756 3729 2768 3765 :
2800 3714 2937 3785 quia
2962 3712 3412 3767 substantialiter
3433 3715 3588 3769 vivit.

2004 3802 2130 3855 CAP.
2174 3802 2259 3856 IV.
2318 3831 2387 3843 --
2448 3806 2514 3857 Ut
2549 3800 2820 3940 pecudem}
2875 3804 3072 3927 quinia:
3123 3817 3243 3854 cum
3292 3804 3474 3856 carnis
3528 3810 3697 3858 morte

2749 3888 2879 3926 man
2911 3889 2992 3926 ur.

2749 3888 2992 3926 mantur.

2072 3960 2281 4027 (Idem)
2313 3961 2606 4015 Pecudum
2639 3959 2848 4015 anima:
2878 3977 2995 4014 non
3027 3965 3161 4014 sunt
3207 3961 3555 4016 substantive
3601 3963 3697 4016 sed

2001 4064 2129 4103 cum
2162 4049 2283 4118 ipsa
2313 4050 2500 4103 carnis
2526 4048 2821 4103 vivacitate
2865 4055 3197 4111 nascuntur,
3253 4055 3308 4103 et
3337 4067 3464 4104 cum
3511 4051 3697 4104 carnis

2002 4144 2183 4191 morte
2213 4136 2518 4193 ﬁniuntur.
2553 4138 2621 4191 Et
2653 4137 2778 4192 ideo
2810 4155 2913 4193 nec
2947 4138 3165 4192 ratione
3214 4145 3513 4208 reguntur,
3551 4141 3697 4193 sicut

2001 4227 2158 4281 Plato
2190 4232 2245 4279 et
2268 4227 2587 4282 Alexander
2616 4232 2823 4296 putant
2855 4244 2867 4281 :
2899 4228 2992 4282 sed
3018 4228 3085 4281 ad
3121 4227 3314 4282 omnia
3346 4234 3566 4282 naturae
3608 4229 3694 4281 in-

187 4337 562 4406 verojudicio
590 4338 877 4407 coagulari
908 4338 967 4390 in
1000 4338 1187 4401 vulva,
1230 4341 1285 4390 et
1342 4336 1504 4405 ﬁngi,
1546 4342 1718 4407 atque
1774 4335 1887 4388 for-
1922 4306 1962 4361 C
1999 4316 2307 4407 (ξίίδτηξῗηῖθ
2339 4315 2646 4407 (Ψωφίωὲ

187 4426 356 4480 mari.
393 4426 654 4480 Formato
696 4426 815 4495 jam
848 4441 1109 4495 corpore,
1162 4425 1412 4479 animam
1472 4426 1674 4491 creari,
1708 4430 1765 4477 et
1790 4424 1887 4477 in-

183 4514 374 4581 fundi,
405 4518 469 4567 ut
497 4513 647 4566 vivat
678 4512 735 4566 in
767 4518 931 4566 utero
963 4514 1137 4567 homo
1180 4530 1249 4567 ex
1278 4514 1469 4567 anima
1497 4518 1782 4580 constans,
1833 4518 1890 4567 et

181 4618 449 4671 corpore,
484 4601 933 4671 egrediatnrque
971 4602 1131 4656 vivus
1165 4619 1231 4656 ex
1280 4610 1466 4667 utero,
1512 4601 1717 4673 plenus
1747 4602 1885 4655 sub-

181 4689 415 4745 stantia.
456 4690 815 4742 Creationem
868 4706 1002 4744 vero
1035 4692 1267 4757 animm,
1329 4693 1514 4746 solum
1566 4698 1884 4747 creatorem

182 4776 450 4832 omnium
494 4792 680 4830 nosse.

183 4885 315 4939 Car.
353 4884 415 4936 II.
458 4913 527 4921 —
557 4882 712 4954 Quod
742 4882 863 4936 dua
892 4886 1087 4938 anim
1124 4901 1231 4939 non
1268 4888 1381 4940 sint
1410 4888 1467 4939 in
1505 4903 1610 4941 uno
1656 4888 1885 4954 homine,

490 4960 549 5007 ut
580 4953 824 5022 quidam,
859 4954 1048 5009 dicunt
1085 4956 1179 5010 sed
1209 4973 1320 5010 una
1352 4962 1582 5012 tantum.

261 5042 540 5111 (August)
574 5043 696 5095 Non
739 5041 881 5094 duas
934 5043 1156 5097 animas
1208 5060 1329 5098 esse
1379 5046 1622 5099 dicimus
1680 5045 1741 5099 in
1771 5062 1885 5099 uno

185 5129 445 5195 homine,
491 5130 635 5183 sicut
684 5129 919 5199 quidam
970 5132 1163 5197 Jacob,
1196 5136 1253 5185 et
1307 5132 1404 5185 alii
1447 5133 1721 5203 Syrorum
1771 5134 1885 5188 dis-

186 5221 479 5289 putatores
504 5218 784 5284 scribunt,
820 5224 881 5272 ut
902 5235 1017 5273 una
1041 5220 1232 5273 anima
1270 5220 1335 5273 ήῐ
1366 5221 1435 5274 de
1466 5238 1615 5292 aqua
1672 5222 1886 5276 anime-

186 5312 285 5360 tur
312 5321 535 5376 corpus,
569 5311 627 5360 et
680 5306 944 5361 immixta
975 5307 1048 5361 sit
1068 5307 1358 5378 sanguini,
1400 5314 1457 5363 et
1494 5312 1675 5364 altera
1727 5311 1887 5382 spiri-

186 5393 341 5460 talis,
369 5411 496 5465 quae
533 5396 813 5449 rationem
875 5396 1208 5452 ministret:
1259 5398 1355 5451 sed
1407 5398 1650 5452 dicimus
1710 5416 1884 5454 unam

188 5498 313 5536 esse
342 5482 717 5554 eamdemque
744 5484 1001 5539 animam
1051 5485 1111 5540 in
1141 5486 1392 5549 homine,
1429 5504 1555 5558 qua:
1583 5494 1641 5542 et
1679 5505 1886 5560 corpus

189 5586 295 5624 sua
324 5570 595 5625 societate
650 5573 916 5639 viviﬁcet,
985 5580 1039 5629 et
1088 5575 1455 5648 semetipsum
1508 5593 1612 5631 sua
1665 5578 1885 5631 ratione

2003 4406 2129 4459 Car.
2164 4406 2223 4458 V.
2262 4434 2322 4443 —
2358 4404 2515 4470 Quod
2544 4406 2729 4459 anima
2782 4405 3021 4460 humana
3073 4421 3179 4461 non
3224 4422 3344 4461 cum
3375 4422 3535 4461 carne
3582 4422 3694 4459 mo-

2744 4478 2945 4531 riatur.

2074 4566 2288 4638 (Idem.)
2320 4565 2526 4621 Anima
2552 4566 2808 4620 humana
2838 4583 2952 4622 non
2993 4583 3124 4621 cum
3181 4584 3350 4622 carne
3411 4568 3690 4622 moritur:

2001 4656 2135 4728 quia
2169 4671 2280 4709 non
2316 4655 2520 4717 carnis,
2556 4660 2616 4708 ut
2645 4656 2910 4725 superius
2939 4655 3208 4722 diximus,
3241 4672 3437 4711 semen
3469 4662 3574 4724 est,
3597 4642 3695 4711 sed

2000 4746 2242 4800 formato
2271 4743 2583 4797 inventoris
2616 4743 2716 4797 Dei
2755 4744 2973 4814 judicio
3004 4760 3263 4813 corpore,
3298 4744 3541 4798 dicimus
3566 4761 3692 4799 eam

1999 4833 2201 4900 creari,
2231 4837 2287 4886 et
2317 4830 2561 4893 infundi,
2601 4837 2665 4884 ut
2696 4830 2846 4884 vivat
2889 4832 3061 4884 homo
3107 4832 3262 4885 intus
3320 4832 3376 4884 in
3403 4839 3589 4900 utero,
3635 4838 3693 4886 et

1999 4922 2078 4976 sic
2110 4921 2405 4975 nativitate
2439 4920 2712 4989 procedat
2770 4918 2829 4972 in
2862 4919 3098 4972 mundo.

2071 5028 2197 5082 CAP.
2233 5028 2320 5079 Vl.
2344 5054 2413 5066 —
2446 5026 2599 5095 Quod
2629 5026 2780 5079 homo
2808 5030 3007 5079 constet
3033 5025 3249 5079 duabus
3277 5026 3616 5080 substantiis.

2071 5131 2538 5200 (Idem.)Duabus
2592 5131 2926 5199 substantiis
2969 5135 3190 5185 constat
3244 5132 3441 5199 homo,
3498 5130 3691 5185 anima

1998 5226 2219 5274 tantum
2252 5225 2307 5273 et
2336 5235 2523 5272 carne.
2560 5219 2765 5273 Anima
2814 5235 2944 5272 cum
2978 5219 3199 5273 ratione
3253 5236 3374 5285 sua,
3408 5226 3463 5275 et
3518 5238 3689 5274 carne

1997 5325 2127 5363 cum
2162 5308 2418 5362 sensibus
2448 5308 2585 5373 suis,
2619 5308 2673 5361 id
2707 5312 2810 5374 est,
2844 5308 2989 5369 visu,
3040 5308 3259 5375 auditu,
3314 5316 3503 5379 gustu,
3549 5310 3689 5365 odo-

1999 5402 2125 5451 ratu
2186 5402 2241 5450 et
2299 5400 2471 5450 tactu.
2535 5396 2687 5460 Quos
2745 5391 2936 5449 tamen
2964 5412 3162 5449 sensus
3216 5397 3435 5470 absque
3482 5400 3691 5454 animae

1999 5486 2267 5541 societate
2294 5502 2407 5539 non
2439 5490 2632 5539 movet
2660 5501 2789 5538 caro
2821 5501 2835 5538 :
2867 5484 3061 5539 anima
3100 5502 3232 5540 vero
3263 5493 3317 5540 et
3360 5488 3484 5542 sine
3518 5504 3688 5542 carne

1997 5576 2275 5632 rationem
2303 5590 2463 5627 suam
2487 5574 2772 5644 integram
2794 5579 2970 5627 tenet.
