4014 6200
264 193 399 243 1019

1333 191 1738 247 BURCHARDI
1778 190 2308 246 WORMACIENSIS
2346 189 2658 245 EPISCOPI
2673 228 2686 244 .

3628 194 3643 242 ι
3660 191 3772 240 0‘20

265 316 392 370 CAP.
428 317 540 371 VII.
571 346 639 356 —
675 315 829 381 Quod
864 318 1096 386 spiritus
1119 333 1226 370 non
1256 319 1444 370 tertius
1465 319 1538 370 sit
1559 318 1614 370 in
1644 317 1954 372 substantia
1984 320 2030 372 A
2069 320 2124 370 et
2154 317 2338 386 ipsam
2379 314 2782 369 mortalitatem
2831 313 3038 380 carnis,
3095 310 3275 382 gloria
3329 312 3776 367 resurrectionis

659 388 911 453 hominis,
944 394 1004 442 ut
1034 389 1260 458 quidam
1289 391 1594 457 afﬁrmant

336 492 549 563 (Idem.)
585 494 704 546 Non
739 499 824 547 est
862 495 1066 548 tertius
1095 494 1153 547 in
1195 494 1515 548 substantia
1557 493 1805 547 hominis
1846 492 1959 563 spi-

265 579 410 633 ritus
464 587 528 634 ut
585 583 858 652 Dydimus
921 583 1237 649 contendit,
1289 583 1385 636 sed
1429 583 1661 653 spiritus
1714 583 1834 653 ipse
1881 586 1964 634 est

268 670 479 724 anima.
513 671 718 724 Anima
753 688 884 724 vero
927 689 1028 742 pro
1069 672 1313 742 spiritali
1347 679 1571 735 natura,
1608 674 1690 724 vel
1743 689 1845 742 pro
1895 689 1961 726 eo

267 759 418 828 quod
453 759 629 828 spiret
671 761 728 812 in
773 777 1029 831 corpore,
1076 762 1312 830 spiritus
1355 767 1439 815 est
1481 763 1785 832 appellata.
1819 763 1960 815 Ani-

268 863 420 899 mam
454 863 584 900 vero
615 865 680 900 ex
723 865 790 901 eo
838 850 1030 902 vocari
1075 850 1230 920 quod
1280 851 1350 904 ad
1396 851 1798 904 vivificandum
1845 850 1964 904 ani-

266 943 460 988 matur
485 940 542 989 et
570 953 799 1006 corpus.
836 938 1088 991 Tertium
1130 955 1281 1006 vero,
1317 939 1414 1008 qui
1444 940 1511 992 ab
1537 941 1806 1010 Apostolo
1833 956 1960 992 cum

269 1039 508 1093 corpore
543 1030 596 1078 et
622 1025 814 1079 anima
844 1025 1136 1079 inducitur
1179 1027 1432 1096 spiritus,
1487 1029 1728 1097 gratiam
1785 1028 1964 1082 sancti

268 1111 510 1182 Spiritus
543 1114 1003 1184 intelligendum,
1054 1131 1229 1185 quam
1273 1120 1398 1170 orat
1426 1118 1730 1186 Apostolus
1772 1123 1835 1169 ut
1873 1116 1959 1169 in-

269 1204 428 1266 tegra
481 1205 805 1268 perseveret
866 1201 924 1254 in
984 1203 1170 1267 nobis,
1232 1219 1337 1257 nec
1397 1209 1590 1256 nostro
1648 1204 1806 1271 vitio,
1866 1211 1965 1258 aut

265 1286 582 1353 minuatur,
638 1293 734 1341 aut
781 1289 1014 1359 fugetur
1054 1309 1084 1342 a
1123 1292 1290 1345 nobis
1323 1309 1335 1346 :
1371 1293 1504 1363 quia
1537 1293 1778 1364 Spiritus
1826 1310 1962 1346 san-

267 1378 390 1427 ctus
420 1375 737 1444 disciplinae
768 1379 1001 1447 effugiet
1031 1379 1247 1435 fictum.

267 1461 394 1515 CAP.
425 1463 564 1516 VIII.
600 1494 667 1504 —
715 1466 866 1530 Quod
897 1471 1032 1520 Deus
1081 1472 1224 1522 sicut
1272 1486 1338 1522 ea:
1379 1472 1552 1523 nihilo
1602 1472 1738 1524 bona
1783 1474 1963 1537 facere

332 1537 532 1610 potuit,
565 1538 644 1610 ita
671 1552 788 1589 cum
817 1540 986 1610 voluit
1021 1555 1120 1606 per
1167 1543 1560 1596 incarnationis
1606 1558 1716 1596 suae
1764 1549 1958 1610 myste-

337 1607 503 1669 rium,
535 1609 698 1659 etiam
736 1609 956 1676 perdita
995 1610 1131 1665 bona
1163 1617 1462 1678 reparavit.

341 1693 520 1760 (Greg.
556 1695 614 1747 in
652 1697 766 1748 suis
811 1698 1152 1766 litoralibus.)
1203 1699 1577 1769 Omnipotens
1627 1702 1776 1754 Deus
1819 1701 1964 1754 sicut

270 1793 338 1832 ex
379 1780 559 1834 nihilo
603 1781 753 1835 bona
799 1779 982 1838 facere
1027 1786 1232 1854 potuit,
1284 1787 1380 1851 ita,
1433 1805 1559 1841 cum
1611 1789 1812 1855 voluit,
1861 1805 1964 1858 per

268 1865 680 1922 incarnationis
732 1887 848 1924 sua:
911 1874 1244 1943 mysterium
1309 1875 1479 1928 etiam
1542 1876 1763 1946 perdita
1813 1876 1963 1929 bona

269 1957 578 2025 reparavit.
614 1959 762 2012 Duas
794 1977 926 2014 vero
959 1962 1026 2014 ad
1075 1962 1512 2032 intelligendum
1567 1982 1625 2017 se
1675 1970 1963 2018 creaturas

267 2043 498 2110 fecerat,
533 2048 849 2114 angelicam
880 2050 1161 2113 videlicet,
1196 2057 1252 2105 et
1280 2053 1614 2106 humanam.
1651 2054 1962 2123 Utramque

267 2149 400 2186 vero
432 2136 699 2204 superbia
729 2139 994 2207 perculit,
1040 2143 1210 2209 atque
1253 2141 1323 2194 ab
1372 2147 1520 2194 statu
1565 2141 1838 2210 ingenitae
1874 2158 1960 2195 re-

269 2221 560 2276 ctitudinis
589 2225 758 2296 fregit
790 2243 801 2279 :
840 2227 939 2281 sed
970 2244 1086 2281 una
1114 2233 1343 2298 tegmen
1377 2229 1560 2284 carnis
1599 2231 1818 2295 habuit,
1853 2231 1966 2284 alia

268 2327 402 2364 vero
433 2312 508 2365 nil
540 2314 836 2368 inﬁrmum
872 2316 940 2369 de
985 2332 1154 2370 carne
1203 2320 1458 2387 gestavit.
1503 2320 1751 2389 Angelus
1799 2335 1956 2372 nam-

271 2415 380 2469 que
407 2402 771 2456 solummodo
821 2404 1056 2474 spiritus
1085 2422 1096 2458 :
1129 2405 1303 2458 homo
1334 2423 1490 2473 vero,
1530 2413 1584 2460 et
1624 2407 1880 2478 spiritus,
1908 2413 1964 2461 et

271 2504 421 2541 caro.
457 2489 719 2544 Misertus
749 2507 885 2562 ergo
926 2498 1149 2547 creator
1200 2500 1261 2548 ut
1309 2495 1636 2563 redimeret,
1692 2495 1847 2549 illam
1893 2497 1960 2550 ad

272 2592 330 2629 se
379 2577 577 2630 debuit
625 2579 913 2647 reducere,
975 2599 1146 2652 quam
1199 2583 1257 2636 in
1301 2584 1729 2653 perpetratione
1780 2586 1961 2654 culpae

270 2682 335 2719 ex
365 2665 700 2721 infirmitate
734 2669 950 2740 aliquid
983 2677 1205 2724 constat
1237 2672 1503 2726 habuisse
1538 2678 1640 2726 :-et
1686 2690 1752 2726 eo
1794 2674 1964 2728 altius

270 2753 469 2808 debuit
525 2761 838 2825 apostatam
896 2761 1166 2829 angelum
1219 2762 1518 2831 repellere,
1577 2779 1690 2830 quo
1747 2779 1874 2815 cum
1931 2779 1964 2815 a

268 2844 610 2913 persistendi
668 2846 1006 2901 fortitudine
1081 2851 1325 2915 corruit,
1392 2851 1470 2904 nil
1539 2852 1837 2905 infirmum
1895 2868 1959 2904 ex

269 2948 436 2986 carne
470 2935 726 3000 gestavit.
775 2936 934 2990 Unde
965 2941 1022 2990 et
1062 2944 1213 2990 recte
1248 2939 1544 2992 Psalmista
1580 2955 1710 2993 cum
1754 2939 1962 2993 miser-

266 3025 388 3074 tum
420 3023 844 3093 redemptorem
891 3025 1219 3080 hominibus
1251 3027 1480 3090 diceret,
1515 3029 1696 3097 ipsam
1732 3045 1961 3099 quoque

267 3127 495 3165 causam
541 3113 950 3168 misericordiae
999 3116 1294 3184 expressit,
1345 3117 1536 3170 dicens
1578 3133 1590 3170 :
1628 3118 1695 3170 Et
1744 3133 1961 3170 inemo-

267 3204 423 3252 ratus
467 3205 553 3253 est
595 3201 730 3270 quia
779 3217 909 3254 caro
941 3208 1092 3255 sunt.
1130 3209 1207 3256 Ac
1237 3203 1284 3256 si
1315 3204 1527 3257 diceret
1559 3221 1571 3258 :
1605 3206 1725 3268 Quo
1761 3221 1961 3258 eorum

266 3287 496 3340 infirma
526 3287 684 3354 vidit,
723 3305 789 3340 eo
821 3289 1074 3344 districte
1101 3292 1298 3360 culpas
1328 3293 1534 3360 punire
1566 3293 1770 3346 noluit.

267 3375 394 3432 CAP.
439 3377 520 3430 IX.
573 3407 638 3416 -η
684 3377 835 3442 Quod
885 3379 1030 3432 Deus
1079 3385 1185 3432 tres
1233 3382 1424 3433 vitales
1465 3384 1694 3450 spiritus
1738 3389 1959 3446 crearet,

338 3462 503 3500 unum
533 3450 631 3516 qui
659 3464 826 3520 carne
855 3465 960 3503 non
1001 3455 1287 3518 tegeretur,
1320 3452 1484 3504 alium
1539 3456 1636 3520 qui
1681 3469 1841 3507 carne
1888 3459 1961 3507 te-

337 3523 571 3585 geretur,
625 3519 723 3571 sed
780 3535 885 3573 non
932 3537 1051 3574 cum
1107 3537 1270 3575 carne
1321 3519 1630 3576 moreretur.
1699 3527 1958 3588 Tertium,

337 3591 436 3658 qui
465 3605 626 3643 carne
655 3596 948 3658 tege-retur,
983 3604 1030 3645 et
1062 3608 1180 3645 cum
1209 3609 1370 3646 carne
1396 3601 1711 3648 moreretur.

340 3677 460 3744 (Ea:
485 3678 706 3746 dialogo
738 3678 925 3749 Greg.)
975 3681 1196 3735 [labent
1239 3681 1412 3735 etiam
1462 3682 1723 3736 infideles
1765 3683 1960 3748 fidem,

268 3765 366 3819 sed
398 3766 613 3820 utinam
646 3767 705 3820 in
740 3769 937 3823 Deum.
970 3768 1152 3832 Quam
1185 3769 1231 3822 si
1267 3769 1465 3840 utique
1498 3771 1797 3836 haberent,
1833 3771 1962 3825 infi-

267 3855 422 3908 deles
462 3871 576 3910 non
626 3863 834 3910 essent.
884 3857 993 3911 Sed
1045 3857 1176 3911 hinc
1225 3858 1280 3911 in
1332 3875 1434 3911 sua
1480 3860 1717 3929 perfidia
1769 3861 1959 3914 redar-

269 3943 483 4013 guendi
508 3949 662 4006 sunt,
699 3945 831 3998 hinc
862 3947 930 3999 ad
953 3945 1088 3999 fidei
1117 3947 1360 4016 gratiam
1407 3948 1753 4017 provocandi
1785 3965 1797 4003 :
1828 3949 1964 4019 quia

267 4031 314 4085 si
346 4032 415 4086 de
440 4032 564 4103 ipso
590 4049 692 4086 suo
722 4034 934 4088 visibili
964 4051 1202 4105 corpore
1243 4037 1480 4090 credunt
1526 4038 1676 4108 quod
1726 4037 1962 4092 minime

267 4120 552 4187 viderunt,
585 4138 687 4175 cur
719 4121 1034 4177 invisibilia
1062 4141 1176 4177 non
1205 4126 1460 4191 credunt,
1494 4143 1620 4196 quae
1651 4128 1959 4197 corporali-
1991 4154 2034 4208 Β

267 4212 354 4263 ter
380 4211 558 4264 videri
584 4227 701 4264 non
735 4211 1020 4281 possunt?
1050 4214 1192 4266 Nam
1235 4214 1367 4284 quia
1409 4219 1535 4285 post
1567 4221 1804 4270 mortem
1838 4233 1958 4270 car-

268 4297 358 4350 nis
389 4297 538 4352 vivat
565 4299 781 4366 anima,
822 4305 979 4370 patet
1021 4301 1184 4363 ratio,
1221 4303 1313 4356 sed
1359 4303 1493 4356 ﬁdei
1525 4304 1790 4358 admixta.
1827 4306 1960 4359 Tres

269 4387 483 4456 quippe
537 4387 738 4440 vitales
795 4389 1030 4457 spiritus
1089 4391 1300 4443 creavit
1369 4393 1734 4462 omnipotens
1793 4395 1958 4447 Deus.

272 4474 456 4527 Unum
491 4473 588 4544 qui
617 4489 786 4528 carne
818 4491 933 4529 non
962 4475 1193 4547 tegitur.
1217 4478 1390 4531 alium
1414 4479 1512 4549 qui
1535 4497 1702 4533 carne
1728 4481 1958 4551 tegitur,

269 4561 368 4616 sed
424 4578 540 4616 non
591 4578 719 4616 cum
781 4580 951 4618 carne
1003 4566 1267 4620 moritur.
1343 4569 1596 4622 Tertium
1647 4574 1742 4639 qui
1794 4585 1962 4624 carne

268 4650 504 4722 tegitur,
535 4655 747 4706 etcum
778 4668 948 4706 carne
995 4654 1256 4708 moritur.
1309 4656 1553 4726 Spiritus
1599 4673 1847 4727 namque
1881 4662 1965 4712 est

268 4739 368 4810 qui
420 4755 591 4795 carne
650 4756 762 4795 non
817 4741 1049 4811 tegitur,
1113 4745 1452 4813 angelorum
1505 4760 1518 4797 :
1577 4745 1810 4815 spiritus
1863 4745 1962 4816 qui

267 4845 436 4882 carne
485 4829 720 4898 tegitur,
761 4829 856 4883 sed
903 4845 1033 4884 cum
1081 4847 1251 4885 carne
1300 4848 1415 4886 non
1463 4834 1724 4899 moritur,
1779 4835 1962 4888 homi-

267 4935 407 4973 num
442 4935 455 4972 :
490 4918 725 4989 spiritus
756 4917 857 4989 qui
887 4934 1056 4972 carne
1099 4920 1332 4988 tegitur,
1374 4927 1430 4974 et
1459 4937 1590 4975 cum
1631 4939 1796 4976 carne
1834 4939 1962 4977 mo-

268 5007 436 5075 ritur,
482 5008 880 5077 jumentorum
930 5008 1230 5061 brutorum
1280 5010 1537 5064 omnium
1602 5011 1960 5066 animalium.

271 5099 453 5150 Homo
485 5097 678 5168 itaque
710 5097 757 5150 si
785 5097 844 5151 in
874 5097 1065 5151 medio
1115 5103 1335 5151 creatus
1387 5105 1490 5164 est,
1538 5105 1600 5154 ut
1647 5107 1792 5154 esset
1823 5102 1963 5155 infe-

270 5185 386 5238 rior
414 5187 639 5256 angelo,
664 5187 1231 5257 superiorjumento.
1284 5189 1480 5258 Itaque
1531 5189 1748 5260 aliquid
1797 5190 1966 5244 habet

271 5289 576 5327 commune
606 5291 737 5328 cum
785 5291 1032 5342 summo,
1078 5276 1299 5347 aliquid
1344 5293 1650 5331 commune
1687 5295 1814 5331 cum
1861 5279 1967 5332 im-

271 5363 429 5418 ﬁmo.
483 5363 976 5419 Immortalitatem
1021 5365 1235 5420 scilicet
1285 5366 1517 5436 spiritus
1557 5383 1687 5421 cum
1736 5369 1962 5438 angelo,

273 5452 686 5508 mortalitatem
735 5470 870 5507 vero
922 5455 1106 5508 carnis
1154 5472 1282 5510 cum
1322 5457 1586 5526 jumento
1620 5473 1633 5511 :
1665 5472 1967 5527 quousque

2073 407 2386 471 absurbeat,
2439 411 2496 458 et
2544 405 2880 458 inhaerendo
2927 403 3174 472 Spiritui,
3225 418 3355 455 caro
3404 408 3666 455 servetur
3715 403 3775 454 in

2070 503 2410 566 perpetuum
2449 511 2460 547 :
2497 495 2630 564 quia
2663 493 2783 562 ipse
2813 493 3046 562 spiritus
3079 493 3414 545 inhaerendo
3458 492 3612 544 carni
3652 507 3776 543 ser-

2072 589 2235 636 vatur
2274 584 2331 636 in
2374 585 2576 637 Deum.
2631 583 2766 646 Quae
2822 587 3014 635 tamen
3061 597 3191 634 caro
3243 597 3358 634 non
3403 581 3461 634 in
3513 580 3776 650 reprobis

2070 673 2220 725 inter
2265 671 2544 740 supplicia
2590 670 2839 739 perfecte
2885 668 3120 722 deficit:
3169 669 3302 738 quia
3349 684 3578 738 semper
3620 667 3775 720 deii-

2071 760 2272 814 ciendo
2324 758 2599 825 subsistit,
2653 763 2714 809 ut
2763 757 2862 827 qui
2920 757 3123 826 spiritu
3179 762 3232 809 et
3283 772 3452 808 carne
3503 772 3779 826 peccave«

2070 854 2224 914 runt,
2296 863 2524 916 semper
2581 845 2962 898 essentialiter
3029 845 3300 910 viventes,
3371 850 3428 898 et
3484 861 3663 898 carne
3723 849 3778 897 et

2071 937 2296 1007 spiritu,
2330 935 2450 988 sine
2478 936 2589 988 fine
2622 935 2962 988 moriantur.

2196 1043 2324 1097 CAP.
2357 1044 2417 1096 X.
2451 1075 2519 1082 -—
2552 1043 2709 1107 Quod
2742 1043 2893 1095 homo
2922 1045 2978 1095 in
3009 1043 3192 1108 prima.
3220 1040 3523 1094 conditione
3554 1055 3660 1094 sua

2513 1115 2678 1168 libero
2705 1115 2934 1166 arbitrio
2965 1113 3194 1166 donatus
3227 1115 3316 1165 sit.

2143 1203 2407 1270 (August.
2438 1203 2573 1256 dicit
2604 1205 2662 1256 in
2689 1203 2829 1256 libro
2877 1202 2940 1255 de
2983 1203 3223 1254 Civitate
3266 1202 3360 1254 Dei
3408 1200 3445 1267 :)
3495 1197 3774 1252 Libertati

2071 1291 2294 1344 arbitrii
2323 1291 2408 1344 sui
2441 1291 2781 1344 commissus
2831 1296 2918 1343 est
2959 1291 3134 1343 homo
3175 1289 3361 1342 statim
3415 1288 3607 1357 prima
3638 1303 3771 1339 con-

2072 1380 2310 1445 ditione,
2362 1385 2426 1433 ut
2463 1381 2583 1433 sola
2631 1379 2928 1448 vigilantia
2980 1378 3187 1431 mentis
3229 1377 3544 1438 adnitente,
3598 1376 3770 1428 etiam

2070 1474 2337 1540 percepta
2381 1469 2658 1533 custodia,
2693 1473 3104 1538 perseveraret,
3135 1467 3181 1520 si
3215 1469 3398 1531 vellet,
3436 1467 3494 1519 in
3527 1467 3584 1519 id
3618 1466 3773 1536 quod

1994 1595 2032 1648 Β
2069 1564 2294 1612 creatus
2321 1559 2525 1613 fuerat.
2580 1561 2888 1628 Postquam
2934 1574 3066 1610 vero
3111 1556 3440 1610 seductione
3488 1554 3774 1625 serpentis

2075 1663 2175 1716 per
2223 1649 2393 1700 Evam
2445 1647 2648 1700 cecidit
2692 1664 2726 1699 a
2777 1653 2992 1699 naturae
3038 1646 3210 1710 bono,
3257 1643 3508 1713 perdidit
3555 1643 3777 1713 pariter

2072 1735 2330 1806 vigorem
2387 1735 2632 1800 arbitrii,
2677 1751 2792 1788 non
2847 1740 3040 1788 tamen
3089 1733 3425 1786 electionem
3480 1747 3494 1785 :
3536 1749 3611 1785 ne
3655 1747 3773 1784 non

2071 1831 2217 1878 esset
2247 1841 2416 1877 suum
2463 1825 2611 1895 quod
2663 1824 2993 1877 emendaret
3039 1826 3355 1893 peccatum,
3407 1836 3512 1874 nec
3565 1821 3771 1873 merito

2071 1913 2471 1982 indulgeretur
2500 1913 2650 1984 quod
2686 1912 2924 1966 arbitrio
2972 1911 3250 1964 diluisset.
3304 1911 3490 1964 Manet
3522 1925 3659 1978 ergo
3699 1909 3768 1962 ad

2071 2003 2314 2056 salutem
2345 2002 2566 2056 arbitrii
2597 2002 2850 2067 libertas,
2897 2001 2953 2054 id
2997 2005 3096 2060 est,
3133 1997 3430 2052 rationalis
3481 1998 3766 2062 voluntas,

2071 2091 2170 2144 sed
2217 2091 2564 2144 admonente
2613 2090 2772 2160 prius
2805 2091 2942 2154 Deo,
2977 2093 3028 2141 et
3063 2087 3337 2141 invitante
3387 2087 3455 2140 ad
3499 2086 3764 2150 salutem,

2071 2184 2134 2233 ut
2164 2181 2250 2233 vel
2290 2180 2482 2248 eligat,
2519 2180 2606 2231 vel
2638 2184 2929 2248 sequatur,
2981 2176 3065 2229 vel
3115 2181 3249 2246 agat
3295 2174 3654 2229 occasionem
3687 2191 3767 2227 sa-

2072 2269 2222 2330 lutis,
2257 2269 2366 2322 hoc
2395 2276 2500 2331 est,
2552 2266 2990 2337 inspirationem
3038 2265 3157 2318 Dei.
3213 2266 3281 2319 Ut
3325 2269 3514 2317 autem
3565 2279 3766 2316 conse-

2072 2361 2282 2426 quatur
2312 2356 2467 2426 quod
2499 2355 2678 2423 eligit,
2712 2355 2794 2408 vel
2828 2353 2980 2424 quod
3015 2354 3294 2423 sequitur,
3340 2353 3424 2404 vel
3474 2351 3629 2422 quod
3677 2367 3769 2402 oc-

2071 2445 2294 2499 casione
2355 2444 2492 2514 agit,
2554 2444 2652 2496 Dei
2705 2459 2824 2496 esse
2880 2442 3057 2495 libere
3111 2441 3474 2496 confitemur.
3536 2439 3773 2494 Initium

2072 2550 2208 2602 ergo
2269 2533 2468 2586 salutis
2524 2539 2735 2586 nostra:
2796 2533 2909 2585 Deo
2958 2532 3266 2585 miserante
3310 2531 3591 2584 habemus
3650 2547 3662 2583 :
3711 2535 3777 2581 ut

2071 2622 2500 2693 acquiescamus
2545 2622 2852 2674 salutifera).
2911 2619 3296 2690 inspirationi,
3343 2626 3553 2672 nostrae
3609 2623 3774 2688 pote-

2071 2712 2231 2766 statis
2276 2718 2362 2764 est
2413 2725 2424 2765 :
2465 2716 2525 2763 ut
2575 2709 2964 2779 adipiscamur
3009 2709 3161 2779 quod
3212 2708 3628 2778 acquiescendo
3668 2705 3771 2758 ad-

2071 2799 2377 2854 monitioni
2409 2799 2690 2868 cupimus,
2725 2798 2902 2852 divini
2952 2804 3038 2851 est
3087 2797 3359 2851 muneris.
3418 2797 3486 2850 Ut
3534 2812 3653 2848 non
3698 2796 3772 2847 la-

2003 2875 2042 2930 Ο
2073 2889 2278 2942 bamur
2307 2886 2606 2955 indempto
2637 2886 2836 2939 salutis
2879 2901 3118 2938 munere
3149 2882 3526 2937 solicitudinis
3557 2887 3770 2935 nostra:

2073 2983 2176 3042 est,
2206 2980 2260 3028 et
2288 2975 2531 3028 caelestis
2564 2975 2781 3044 pariter
2820 2973 3113 3043 adjutorii.
3169 2974 3236 3027 Ut
3279 2972 3562 3037 labamur,
3615 2975 3770 3039 pote.

2073 3064 2234 3119 statis
2263 3068 2473 3116 nostra:
2507 3068 2610 3129 est,
2643 3067 2699 3116 et
2728 3062 2990 3132 ignavias.

2073 3174 2201 3227 CAP.
2250 3171 2334 3226 XI.
2379 3201 2447 3210 —
2490 3170 2647 3235 Quod
2683 3185 2865 3223 omnes
2918 3171 3172 3233 homines,
3214 3170 3272 3221 in
3315 3168 3768 3235 praevaricatione

2263 3241 2400 3297 Adz
2417 3243 2722 3294 naturalem
2750 3241 3165 3310 possibilitatem
3189 3239 3576 3308 perdidissent.

2144 3333 2265 3399 (Ea:
2308 3331 2453 3384 decr.
2499 3330 2776 3384 Caelestini
2819 3345 2994 3398 papa,
3039 3331 3216 3397 capite
3261 3327 3334 3396 5.)
3382 3328 3444 3380 In
3490 3325 3768 3395 praevari-

2071 3421 2293 3474 catione
2333 3419 2488 3482 Adae,
2521 3434 2721 3471 omnes
2752 3418 3016 3471 homines
3049 3416 3369 3471 naturalem
3414 3414 3768 3484 possibilita-

2071 3515 2185 3563 tem
2243 3513 2299 3562 et
2355 3507 2743 3562 innocentiam
2809 3506 3147 3577 perdidisse,
3215 3510 3272 3559 et
3335 3503 3632 3558 neminem
3699 3503 3770 3557 de

2070 3598 2358 3668 profundo
2390 3597 2544 3650 illius
2577 3597 2759 3650 ruina;
2803 3613 2905 3666 per
2951 3596 3196 3650 liberum
3247 3593 3547 3648 arbitrium
3598 3609 3771 3662 posse

2071 3702 2435 3758 consurgere.
2468 3685 2574 3738 nisi
2606 3701 2734 3738 eum
2769 3684 2950 3754 gratia
2988 3684 3086 3737 Dei
3127 3682 3450 3736 miserantis
3497 3681 3770 3743 erexerit,

2071 3775 2478 3846 pronuntiante
2525 3774 2704 3828 beata!
2751 3773 3048 3827 memoria:
3091 3789 3238 3842 papa
3281 3770 3635 3833 Innocentio,
3683 3774 3772 3822 at-

2072 3879 2182 3933 que
2214 3863 2436 3917 dicente
2476 3862 2535 3915 in
2582 3862 2824 3931 epistola
2867 3877 2966 3913 sua
2995 3860 3064 3913 ad
3097 3859 3544 3929 Carthaginense
3574 3857 3768 3910 conci-

2071 3952 2233 4006 lium.
2285 3951 2545 4006 Liberum
2592 3949 2747 4003 enim
2780 3949 3081 4002 arbitrium
3117 3949 3213 4002 ille
3252 3963 3578 4018 perpessus,
3627 3946 3770 3999 dum

2071 4040 2188 4095 suis
2221 4039 2600 4093 inconsultius
2649 4039 2827 4092 utitur
2865 4038 3053 4103 bonis,
3088 4037 3297 4090 cadens
3326 4035 3382 4088 in
3425 4035 3766 4106 praevarica-

2074 4129 2248 4182 tionis
2295 4128 2580 4199 profunda
2634 4128 2929 4181 demersus
2977 4132 3078 4188 est,
3125 4130 3181 4179 et
3217 4124 3358 4178 nihil
3390 4123 3771 4194 quemadmo-

2076 4219 2211 4273 dum
2242 4217 2446 4271 exinde
2477 4233 2710 4287 surgere
2743 4221 2938 4286 posset
2980 4214 3214 4278 invenit,
3263 4229 3477 4282 suaque
3516 4213 3575 4264 in
3609 4217 3772 4265 teter-

2075 4322 2215 4360 num
2268 4306 2528 4360 libertate
2576 4305 2868 4374 deceptus,
2917 4304 3088 4373 hujus
3132 4302 3313 4356 ruinae
3362 4300 3625 4354 latuisset
3667 4316 3770 4370 op-

2073 4411 2292 4466 pressu,
2327 4395 2436 4448 nisi
2475 4410 2605 4447 eum
2660 4399 2782 4464 post
2833 4392 3066 4456 Christi,
3119 4407 3220 4462 per
3270 4407 3373 4443 sua
3419 4389 3626 4459 gratia.
3683 4406 3769 4442 re-

2073 4487 2318 4539 levasset
2386 4485 2684 4547 adventus,
2754 4483 2852 4553 qui
2928 4499 3030 4552 per
3092 4497 3254 4534 novre
3321 4479 3769 4547 regenerationis

2075 4571 2554 4644 purificationem,
2610 4587 2782 4624 omne
2838 4569 3117 4640 praeteriti
3159 4568 3383 4634 vitium,
3437 4567 3527 4620 sui
3574 4566 3767 4636 bapti-

2074 4661 2269 4715 smatis
2296 4662 2518 4714 lavacro
2550 4659 2837 4728 purgavit.

2526 4749 2652 4802 CAP.
2686 4748 2797 4802 Xll.
2826 4775 2898 4787 —
2925 4750 2996 4802 De
3022 4747 3205 4800 eadem
3233 4760 3310 4807 re,

2147 4837 2258 4907 (ΕΛ)
2301 4837 2443 4892 decr.
2506 4837 2787 4906 ejusdem.)
2847 4835 3008 4900 Quod
3059 4851 3248 4897 nemo,
3299 4833 3408 4886 nisi
3457 4849 3562 4904 per
3605 4833 3767 4888 Chri-

2075 4931 2245 4992 stum,
2279 4925 2458 4980 libero
2487 4925 2632 4978 bene
2680 4930 2871 4977 utatur
2915 4923 3154 4976 arbitrio
3202 4921 3351 4975 idem
3408 4922 3684 4992 magister
3714 4922 3771 4974 in

2077 5015 2314 5086 epistola
2356 5015 2425 5069 ad
2477 5014 2864 5068 Milevitanum
2915 5011 3216 5065 concilium
3271 5011 3420 5075 data,
3473 5010 3771 5081 praedicat,

2077 5104 2270 5157 dicens
2297 5119 2312 5156 :
2342 5102 2587 5158 Adverte
2625 5100 2877 5164 tandem,
2913 5116 2945 5152 ο
2976 5098 3441 5168 pravissimarum
3485 5099 3772 5151 mentium

2077 5207 2341 5262 perversa
2392 5188 2668 5251 doctrina,
2719 5189 2870 5259 quod
2927 5187 3179 5258 primum
3235 5186 3528 5239 hominem
3574 5187 3655 5239 ita
3706 5188 3771 5240 li-

2075 5280 2264 5335 bertas
2296 5279 2418 5348 ipsa
2455 5278 2698 5346 decepit,
2733 5284 2795 5330 ut
2820 5277 2957 5330 dum
2998 5274 3396 5344 indulgentius
3432 5274 3612 5328 frenis
3646 5276 3773 5344 ejus

2077 5369 2277 5433 utitur,
2325 5368 2385 5421 in
2429 5365 2958 5437 prmvaricationem
3005 5362 3470 5434 praesumptionis
3510 5364 3776 5417 concide-

2077 5459 2184 5518 ret,
2245 5473 2348 5510 nec
2404 5472 2470 5509 ex
2524 5455 2627 5509 hac
2683 5453 2870 5524 potuit
2916 5453 3062 5516 erui,
3124 5451 3230 5505 nisi
3290 5452 3340 5506 ei
3407 5451 3774 5522 providentia
