4010 6194
292 166 413 217 l0‘2l

290 375 522 431 Domini
549 373 915 427 reformasset
945 373 1267 427 adventum.

288 466 414 519 CAP.
450 464 584 518 XIII.
617 491 688 503 —
718 462 870 526 Quod
902 463 1054 516 homo
1084 465 1157 516 sit
1186 466 1262 516 sic
1308 466 1516 531 positus
1549 466 1604 516 in
1631 466 1919 533 paradiso,
1942 470 1997 519 si

356 536 604 590 obediens
654 539 1017 601 permaneret,
1090 534 1413 602 quandoque
1461 535 1535 587 ad
1583 537 1844 590 calestem
1886 553 1993 606 pa-

359 610 522 660 triam
551 607 666 659 sine
692 606 874 657 carnis
898 609 1079 657 morte
1096 608 1395 658 transiret.

361 698 535 763 (Greg.
554 696 612 746 in
633 693 957 747 suisMoral.
989 692 1122 745 dicit
1154 691 1290 759 :)Ad
1317 695 1421 746 hoc
1444 696 1502 746 in
1531 695 1799 763 paradiso
1816 696 1995 749 homo

287 783 508 853 positus
537 782 742 845 fuerat,
788 785 849 833 ut
899 780 944 832 si
992 797 1049 835 se
1099 781 1168 834 ad
1219 782 1530 835 conditoris
1585 782 1673 835 sui
1724 784 1998 837 obedien-

288 873 427 925 tiam
491 870 729 924 vinculis
786 869 1080 923 charitatis
1154 869 1514 939 astringeret,
1574 871 1645 925 ad
1704 873 1997 926 caelestem

292 960 625 1029 angelorum
674 958 944 1028 patriam,
990 958 1337 1028 quandoque
1388 959 1510 1012 sine
1559 961 1750 1013 carnis
1808 966 1998 1014 morte

293 1048 574 1102 transiret.
634 1046 723 1101 Sic
771 1062 1021 1116 namque
1074 1046 1418 1099 immortalis
1468 1052 1552 1100 est
1592 1048 1882 1116 conditus,
1934 1053 2000 1101 ut

292 1142 479 1189 tamen
510 1136 555 1187 si
582 1140 861 1205 peccaret,
911 1138 969 1188 et
1023 1135 1166 1188 mori
1218 1141 1410 1205 posset
1447 1153 1458 1189 :
1492 1141 1549 1189 et
1606 1136 1686 1189 sic
1732 1137 1998 1190 mortalis

291 1233 376 1279 est
407 1214 709 1289 conditus,
741 1230 807 1278 ut
856 1223 904 1277 si
956 1240 1071 1277 non
1124 1231 1399 1295 peccaret,
1453 1225 1628 1278 etiam
1679 1242 1791 1279 non
1845 1226 1999 1279 mori

291 1319 479 1385 posset
512 1330 523 1366 :
561 1320 730 1382 atque
763 1330 821 1366 ex
860 1314 1062 1367 merito
1096 1314 1263 1367 liberi
1306 1313 1527 1366 arbitrii
1574 1314 1994 1367 beatitudinem

290 1402 441 1456 illius
488 1402 743 1471 regionis
806 1402 1133 1472 attingeret,
1183 1403 1243 1455 in
1301 1418 1415 1472 qua
1463 1403 1549 1455 vel
1600 1419 1859 1471 peccare,
1906 1404 1993 1456 vel

292 1491 436 1544 mori
467 1507 577 1543 nou
605 1494 817 1560 posset.
856 1491 956 1544 Ubi
986 1490 1165 1560 igitur
1195 1497 1325 1561 post
1368 1491 1783 1561 redemptionis
1841 1496 1994 1544 tem—

290 1597 412 1651 pus,
450 1579 635 1632 carnis
666 1584 851 1633 morte
886 1580 1223 1650 interposita
1264 1580 1428 1634 electi
1487 1586 1811 1647 transeunt,
1860 1580 1998 1635 illuc

290 1668 691 1739 proculdubio
721 1674 988 1739 parentes
1044 1670 1217 1739 primi
1272 1670 1321 1722 si
1365 1670 1422 1722 in
1477 1669 1825 1723 conditionis
1878 1687 1998 1723 suae

292 1762 439 1810 statu
506 1756 911 1826 perstitissent,
995 1758 1165 1811 etiam
1229 1757 1352 1811 sine
1412 1763 1599 1811 morte
1688 1773 1997 1827 corporum

291 1844 585 1899 transferri
617 1845 960 1914 potuissent.

291 1936 417 1988 CAP.
455 1934 583 1988 XIV.
611 1964 681 1973 —
713 1934 865 2003 Quod
890 1950 984 1988 nos
1037 1936 1280 1988 carnales
1330 1936 1387 1987 in
1426 1935 1593 2001 hujus
1636 1935 1794 1987 emitti
1842 1938 1996 1988 caeci-

362 2010 470 2058 tate
517 2008 652 2067 nati,
702 2020 870 2075 puero
937 2009 993 2058 in
1036 2020 1246 2059 carcere
1296 2011 1447 2069 nato,
1507 2012 1558 2058 et
1616 2008 1825 2059 nutrito
1851 2022 1991 2059 com-

358 2092 633 2145 paremur.

363 2149 470 2211 (Ea:
502 2147 720 2212 dialogo
752 2146 942 2216 Greg.)
993 2148 1299 2216 Postquam
1349 2147 1418 2200 de
1470 2145 1723 2216 paradisi
1770 2147 1996 2216 gaudiis

288 2234 455 2305 culpa
501 2236 762 2304 exigente
816 2235 1018 2305 pulsus
1071 2240 1155 2288 est
1198 2235 1419 2305 primus
1476 2235 1719 2288 humani
1766 2236 1996 2305 generis

288 2340 513 2392 parens,
544 2324 603 2376 in
634 2324 805 2394 hujus
836 2323 993 2377 exilii
1046 2328 1213 2394 atque
1267 2323 1563 2390 caecitatis,
1616 2339 1791 2394 quam
1837 2326 1995 2394 pati-

289 2428 417 2466 mur
464 2429 767 2467 erumnam
819 2412 976 2466 venit
1022 2413 1205 2482 :quia
1262 2417 1496 2482 peccato
1566 2417 1726 2465 extra
1783 2420 1992 2468 semet-

285 2502 474 2570 ipsum
508 2502 686 2567 fusus,
718 2503 838 2571 jam
889 2502 988 2554 illa
1017 2502 1257 2555 ccelestis
1300 2502 1506 2572 patriae
1561 2500 1791 2571 gaudia,
1862 2519 1991 2572 qua?

285 2589 444 2659 prius
511 2590 1027 2661 contemplabatur,
1102 2589 1293 2643 videre
1352 2606 1469 2643 non
1527 2589 1737 2657 potuit.
1807 2591 1990 2644 Homo

287 2678 500 2749 quippe
532 2679 589 2732 in
623 2680 887 2748 paradiso
918 2687 1247 2732 assueverat
1277 2678 1467 2733 verbis
1512 2677 1610 2731 Dei
1661 2679 1901 2747 perfrui,
1935 2686 1992 2734 et

288 2768 588 2821 beatorum
619 2770 958 2838 angelorum
1005 2767 1299 2837 spiritibus
1346 2767 1533 2821 cordis
1589 2767 1896 2835 mundicia,
1933 2775 1989 2823 et

1219 162 1696 219 DECRETORUM
1742 165 1932 220 LIBRI
1970 166 2077 220 XX.
2124 194 2189 203 —
2233 165 2437 220 LIBER
2477 164 2867 221 VICESIMUS.

285 283 769 358 regenerationis,
832 283 1026 338 statim
1109 284 1371 354 pristinae
1422 286 1699 341 libertatis
1767 288 1977 343 Christi
2008 290 2053 342 Α
2094 304 2222 357 quas
2271 288 2363 343 hic
2416 288 2558 342 scire
2614 304 2716 359 per
2765 287 3227 358 experimentum

3670 172 3806 223 10‘2‘2

3316 309 3432 345 non
3468 310 3775 363 possumus
3790 336 3803 348 .

2106 378 2394 447 Quotquot
2449 393 2583 446 ergo
2633 378 2782 429 hunc
2814 377 3091 446 Spiritum
3138 384 3395 433 sanctum
3455 382 3806 436 haereditatis

2109 471 2321 518 nostra:
2345 465 2554 535 pignus
2585 465 2908 533 accepimus
2943 483 2953 518 :
2985 466 3053 519 de
3087 467 3199 519 vita
3243 468 3620 523 invisibilium
3690 487 3809 524 non

2109 553 2460 608 dubitemus.
2495 554 2764 622 Quisquis
2793 560 2984 607 autem
3016 556 3074 607 in
3103 556 3207 609 hac
3235 559 3569 612 credulitate
3622 561 3809 613 adhuc

2111 641 2329 695 solidus
2361 659 2471 695 non
2506 646 2608 708 est,
2652 642 2821 695 debet
2850 645 3047 711 procul
3099 645 3272 698 dubio
3314 646 3599 715 majorum
3644 647 3809 701 dictis

2109 730 2367 799 praebere
2416 732 2611 796 fidem,
2666 732 2861 801 eisque
2907 733 3023 800 jam
3078 750 3180 802 per
3227 734 3503 803 Spiritum
3547 742 3808 790 sanctum

2109 818 2488 872 invisibilium
2555 818 3009 887 experimentum
3108 821 3450 875 habentibus
3527 827 3804 879 credere:

2111 906 2246 975 quia
2297 908 2502 959 stultus
2551 922 2695 976 puer
2754 911 2839 959 est
2874 906 2919 959 si
2957 913 3199 961 matrem
3253 908 3382 962 ideo
3437 912 3678 965 mstimet
3737 913 3809 965 de

2110 994 2235 1047 luce
2270 994 2523 1061 mentiri,
2570 994 2706 1064 quia
2759 994 2881 1064 ipse
2930 997 3072 1049 nihil
3123 997 3275 1050 aliud
3332 1014 3502 1067 quam
3539 1001 3803 1053 tenebras

2110 1084 2355 1136 carceris
2385 1083 2633 1153 agnovit.

2111 1189 2240 1243 CAP.
2272 1190 2378 1243 XV.
2438 1220 2504 1227 —
2550 1189 2701 1254 Quod
2728 1191 2908 1243 nullus
2949 1206 3047 1258 per
3084 1194 3426 1261 semetipsum
3478 1194 3642 1247 bonus
3680 1197 3809 1263 ﬁeri

2856 1264 3047 1329 possit.

2181 1348 2293 1416 (Ere
2323 1348 2494 1401 decre.
2530 1348 2764 1401 leesti.
2798 1365 2957 1418 papae
2989 1353 3005 1415 )
3056 1352 3353 1405 Neminem
3390 1370 3507 1407 esse
3561 1370 3666 1424 per
3720 1372 3805 1409 se-

2109 1436 2420 1505 metipsum
2454 1435 2692 1501 bonum,
2742 1436 2853 1489 nisi
2883 1439 3379 1507 participationem
3429 1442 3516 1493 sui
3566 1442 3658 1495 ille
3713 1443 3808 1495 do-

2109 1529 2226 1587 net,
2269 1524 2369 1593 qui
2428 1524 2581 1575 solus
2638 1529 2721 1576 est
2758 1525 2958 1578 bonus.
3014 1527 3282 1596 Nunquid
3332 1546 3435 1581 nos
3486 1529 3555 1583 de
3604 1546 3805 1583 eorum

2109 1616 2238 1681 post
2264 1611 2386 1663 haec
2418 1616 2635 1663 rectum
2687 1613 2971 1665 mentibus
3021 1614 3387 1680 aestimemus,
3441 1616 3539 1686 qui
3586 1619 3695 1671 sibi
3748 1635 3806 1672 se

2108 1705 2316 1769 putant
2366 1698 2561 1752 deberi
2609 1700 2763 1768 quod
2812 1701 2949 1753 boni
3000 1708 3144 1764 sunt,
3200 1719 3304 1754 nec
3334 1704 3498 1756 illum
3544 1708 3807 1759 conside-

2106 1792 2258 1854 rant,
2292 1787 2456 1856 cujus
2487 1788 2740 1857 quotidie
2774 1790 3014 1858 gratiam
3065 1776 3509 1861 consequantur,
3536 1796 3635 1865 qui
3685 1795 3806 1848 sine

2108 1877 2207 1930 illo
2240 1881 2458 1930 tantem
2487 1892 2546 1928 se
2581 1878 2806 1946 assequi
2835 1894 2999 1947 posse
3025 1880 3361 1933 confidunt?

2547 1965 2673 2019 CAP.
2708 1967 2841 2020 XVI.
2884 1997 2952 2006 —
2988 1970 3057 2021 De
3084 1969 3266 2021 eadem
3299 1985 3373 2022 re.

2177 2053 2287 2121 (Ea:
2317 2053 2512 2106 decret.
2557 2054 2841 2120 ejusdem.)
2889 2056 3185 2109 Neminem
3230 2058 3402 2110 etiam
3444 2057 3805 2128 baptismatis

2105 2143 2289 2212 gratia
2320 2147 2681 2206 renovatum,
2715 2143 2988 2196 idoneum
3033 2161 3148 2198 esse
3181 2145 3250 2198 ad
3281 2147 3630 2215 superandas
3681 2148 3804 2201 dia-

2103 2231 2218 2284 boli
2249 2230 2510 2295 insidias,
2545 2236 2600 2283 et
2621 2232 2689 2284 ad
2715 2232 3053 2285 evincendas
3076 2234 3260 2287 carnis
3288 2236 3800 2304 concupiscentias,

2103 2318 2211 2372 nisi
2237 2337 2341 2389 per
2362 2319 2766 2389 quotidianum
2789 2320 3142 2389 adjutorium
3174 2322 3291 2386 Dei,
3318 2325 3803 2392 perseverantiam

2103 2410 2269 2463 bonae
2299 2410 2750 2463 conv'ersationis
2782 2412 3082 2479 acceperit.
3124 2413 3260 2465 Nam
3316 2414 3576 2482 quamvis
3623 2414 3806 2467 homi-

2102 2514 2233 2552 nem
2265 2500 2578 2553 redimeret
2603 2516 2635 2552 a
2656 2500 2961 2569 praeteritis
2984 2500 3078 2553 ille
3108 2501 3369 2571 peccatis,
3402 2508 3593 2556 tamen
3622 2505 3804 2556 sciens

2099 2587 2307 2641 iterum
2340 2604 2506 2658 posse
2534 2604 2785 2658 peccare,
2819 2589 2889 2642 ad
2930 2589 3347 2659 reparationem
3384 2592 3493 2643 sibi
3526 2593 3802 2661 quemad-

2098 2678 2335 2731 modum
2367 2684 2558 2747 posset
2586 2678 2745 2731 illum
2780 2684 2835 2731 et
2864 2684 2991 2747 post
3015 2678 3121 2731 ista
3152 2679 3660 2747 corrigere,multa
3688 2699 3805 2735 ser-

2097 2767 2265 2821 vavit.
2303 2767 2648 2831 Quotidiaua
2698 2773 2927 2837 praastat
2965 2768 3060 2820 ille
3104 2769 3374 2821 remedia.
3427 2770 3644 2833 Quibus
3689 2771 3801 2824 nisi

289 2856 621 2911 celsitudine
685 2858 920 2911 visionis
995 2856 1291 2923 interesse,
1350 2856 1449 2910 sed
1501 2860 1801 2926 postquam
1880 2858 1992 2911 huc
2025 2846 2065 2901 Ο
2103 2856 2231 2909 freti
2262 2856 2580 2925 conﬁsique
2604 2856 2880 2921 nitamur,
2912 2857 3241 2909 nullatenus
3266 2857 3546 2911 humanos
3577 2860 3800 2913 vincere

289 2944 512 3012 cecidit,
544 2945 613 2998 ab
644 2945 765 3012 illo,
802 2962 915 3017 quo
949 2945 1318 3015 implebatur,
1371 2945 1577 2998 mentis
1629 2944 1850 2999 lumine
1906 2962 1991 2999 re-

290 3034 476 3087 cessit.
514 3035 590 3087 Ex
619 3035 780 3103 cujus
830 3034 1099 3088 videlicet
1147 3050 1317 3087 carne
1364 3050 1470 3087 nos
1519 3033 1579 3086 in
1631 3033 1803 3101 hujus
1833 3035 1989 3089 exilii

289 3121 543 3175 caecitate
575 3122 712 3189 nati,
766 3123 1034 3177 audimus
1092 3122 1326 3193 quidem
1385 3138 1507 3175 esse
1554 3121 1840 3175 caelestem
1884 3139 1987 3192 pa-

288 3207 482 3273 triam,
535 3208 800 3262 audimus
865 3209 990 3279 ejus
1049 3207 1197 3261 cives
1252 3210 1489 3280 angelos
1544 3208 1666 3272 Dei,
1722 3209 1988 3266 audimus

288 3296 626 3351 eorumdem
659 3299 998 3368 angelorum
1030 3297 1212 3351 socios
1241 3297 1475 3367 spiritus
1495 3297 1785 3367 justorum
1853 3315 1988 3369 per-

285 3384 584 3451 fectorum,
613 3386 709 3439 sed
744 3385 1000 3439 carnales
1048 3386 1263 3456 quique
1299 3403 1311 3439 :
1347 3385 1482 3455 quia
1530 3386 1630 3439 illa
1677 3385 1988 3443 invisibilia

288 3474 431 3527 scire
458 3490 575 3527 non
606 3475 793 3528 valent
824 3490 929 3545 per
958 3474 1437 3544 experimentum,
1466 3474 1734 3527 dubitant
1790 3480 1986 3531 utrum

286 3576 360 3616 ne
392 3561 466 3615 sit
519 3562 670 3631 quod
719 3562 1115 3633 corporalibus
1164 3562 1343 3616 oculis
1403 3578 1523 3615 non
1568 3562 1780 3615 vident.
1844 3564 1983 3626 Quae

285 3648 563 3702 nimirum
616 3650 877 3705 dubietas
935 3651 1126 3720 primo
1170 3655 1395 3719 parenti
1443 3655 1638 3703 nostro
1687 3665 1809 3703 esse
1870 3667 1985 3706 non

284 3738 475 3807 potuit
508 3754 521 3791 :
562 3738 696 3809 quia
726 3741 989 3793 exclusus
1024 3755 1053 3791 a
1086 3738 1337 3809 paradisi
1368 3738 1612 3809 gaudiis,
1666 3738 1775 3791 hoc
1829 3741 1985 3809 quod

287 3826 495 3894 amisit,
529 3828 802 3897 quoniam
837 3828 998 3892 vidit,
1051 3828 1355 3881 recolebat.
1418 3828 1480 3880 Hi
1528 3832 1717 3879 autem
1773 3829 1985 3883 sentire

286 3916 374 3969 vel
407 3916 651 3971 recolere
679 3918 873 3971 audita
932 3932 1049 3970 non
1095 3921 1379 3985 possunt:
1432 3916 1562 3986 quia
1606 3931 1807 3968 eorum
1847 3918 1984 3971 nul-

287 4004 410 4056 lum
460 4005 604 4058 sicut
652 4005 745 4058 ille
797 4006 1001 4059 saltem
1059 4004 1128 4058 de
1177 4005 1467 4075 praeterito
1523 4004 1984 4073 experimentum

2100 2946 2417 3015 poterimus
2451 2960 2691 2999 errores.
2731 2947 2963 2999 Necesse
2993 2951 3078 2999 est
3108 2946 3260 2998 enim
3286 2952 3345 2998 ut
3376 2963 3490 3016 quo
3518 2949 3799 3002 auxilian-

2101 3041 2155 3089 te
2185 3034 2483 3100 vincimus,
2519 3051 2585 3086 eo
2617 3034 2827 3087 iterum
2862 3035 3166 3104 adjuvante
3198 3035 3510 3089 vincamur.

2528 3122 2653 3176 CAP.
2686 3123 2843 3177 XVII.
2877 3153 2943 3163 —
2970 3125 3049 3177 De
3079 3123 3261 3177 eadem
3291 3140 3364 3177 re.

2170 3213 2278 3283 (Ea:
2309 3213 2503 3266 decret.
2552 3211 2836 3282 ejusdem.)
2886 3212 3045 3276 Quod
3100 3212 3177 3265 ita
3236 3213 3382 3265 Deus
3435 3213 3493 3267 in
3535 3214 3797 3269 cordibus

2097 3303 2398 3355 hominum
2430 3304 2600 3369 atque
2648 3300 2710 3353 in
2757 3301 2877 3370 ipso
2910 3302 3088 3355 libero
3138 3307 3408 3369 operetur
3446 3304 3701 3369 arbitrio,
3735 3309 3799 3358 ut

2097 3396 2291 3443 sancta
2321 3388 2613 3457 cogitatio,
2674 3389 2836 3458 pium
2884 3389 3210 3454 consilium,
3255 3390 3555 3461 omnisque
3606 3397 3795 3446 motus

2095 3479 2263 3532 bonae
2286 3477 2591 3531 voluntatis
2626 3494 2693 3530 ex
2727 3480 2839 3531 Deo
2887 3479 2996 3531 sit:
3052 3479 3186 3547 quia
3229 3494 3331 3548 per
3363 3480 3520 3534 illum
3579 3482 3795 3553 aliquid

2096 3567 2234 3620 boni
2260 3582 2588 3636 possumus,
2633 3566 2753 3618 sine
2799 3582 2912 3636 quo
2965 3565 3107 3619 nihil
3162 3582 3481 3634 possumus.
3534 3571 3616 3623 Ad
3652 3572 3796 3624 hanc

2097 3672 2197 3708 nos
2224 3654 2641 3723 professionem
2675 3653 2829 3708 idem
2862 3655 3061 3707 doctor
3093 3653 3360 3707 instituit.
3421 3657 3525 3719 Qui
3557 3674 3681 3711 cum
3723 3661 3793 3713 ad

2094 3743 2267 3796 totius
2301 3741 2452 3794 orbis
2484 3740 2785 3811 episcopos
2815 3742 2883 3795 de
2940 3742 3149 3794 divinae
3186 3744 3385 3810 gratiae
3417 3747 3794 3814 opitulatione

2096 3832 2447 3900 loqueretur.
2490 3829 2651 3893 Quod
2682 3846 2836 3897 ergo,
2889 3830 2989 3898 ait,
3022 3834 3248 3898 tempus
3295 3832 3620 3900 intervenit,
3681 3853 3793 3907 quo

2093 3936 2209 3974 non
2242 3920 2363 3989 ejus
2396 3934 2664 3988 egeamus
2691 3918 2947 3972 auxilio?
2979 3920 3041 3971 In
3075 3919 3341 3973 omnibus
3376 3921 3552 3992 igitur
3576 3925 3795 3979 actibus

2095 4008 2413 4079 causisque,
2447 4007 2910 4075 cogitationibus,
2963 4007 3234 4075 motibus,
3293 4010 3520 4081 adjutor
3567 4020 3623 4067 et
3664 4032 3795 4086 pro-

288 4096 504 4146 tenent.
551 4097 627 4147 Ac
683 4094 729 4147 si
777 4095 929 4148 enim
979 4109 1282 4164 praegnans
1340 4094 1550 4147 mulier
1600 4092 1861 4146 mittatur
1925 4096 1984 4150 in
2013 4122 2054 4174 Β
2096 4102 2276 4152 lector
2309 4097 2559 4149 orandus
2590 4101 2690 4149 est.
2724 4097 3044 4167 Superbum
3075 4100 3159 4147 est
3187 4097 3361 4163 enim,
3398 4105 3459 4153 ut
3484 4102 3793 4173 quicquam

288 4196 591 4247 carcerem,
624 4181 816 4252 ibique
847 4198 1089 4253 puerum
1141 4184 1347 4252 pariat,
1399 4184 1495 4252 qui
1542 4186 1711 4234 natus
1748 4197 1892 4250 puer
1922 4184 1984 4238 in

287 4285 511 4323 carcere
548 4271 833 4325 nutriatur
893 4277 947 4324 et
986 4275 1217 4335 crescat,
1273 4272 1363 4324 cui
1410 4272 1457 4323 si
1512 4271 1744 4324 fortasse
1803 4276 1986 4326 mater

287 4374 417 4427 quae
449 4374 579 4411 eum
608 4359 827 4427 genuit,
882 4360 1080 4425 solem,
1134 4360 1351 4425 lunam,
1401 4360 1616 4426 stellas,
1674 4364 1897 4413 montes
1930 4367 1985 4416 et

285 4462 536 4516 campos,
585 4447 839 4499 volantes
897 4464 1046 4511 aves,
1102 4454 1394 4502 currentes
1456 4464 1636 4519 equos
1696 4447 1979 4517 nominet,

283 4535 382 4589 ille
410 4550 543 4586 vero
575 4534 674 4603 qui
704 4535 871 4588 estin
919 4551 1141 4589 carcere
1191 4541 1356 4589 natus
1400 4542 1456 4590 et
1504 4535 1775 4601 nutritus,
1840 4536 1980 4591 nihil

285 4621 445 4676 aliud
477 4637 649 4690 quam
680 4624 943 4676 tenebras
975 4624 1217 4677 carceris
1270 4624 1429 4693 sciat,
1465 4629 1519 4678 et
1570 4624 1689 4678 hzec
1747 4625 1980 4694 quidem

283 4726 406 4764 esse
436 4709 645 4772 audiat,
680 4711 777 4765 sed
808 4712 942 4782 quia
973 4728 1037 4765 ea
1065 4728 1168 4781 per
1197 4714 1657 4783 experimentum
1709 4728 1825 4765 non
1877 4729 1979 4766 no-

282 4800 384 4864 vit,
416 4798 691 4853 veraciter
728 4816 848 4853 esse
880 4801 1121 4861 difﬁdat,
1157 4801 1237 4854 ita
1261 4804 1321 4855 in
1354 4804 1459 4856 hac
1488 4801 1645 4854 exilii
1699 4801 1787 4853 sui
1819 4804 1979 4856 cinci-

283 4894 399 4942 tate
434 4888 548 4940 nati
596 4888 877 4956 homines,
925 4890 1060 4944 dum
1109 4906 1229 4943 esse
1287 4907 1510 4945 summa
1568 4895 1625 4944 et
1673 4890 1981 4945 invisibilia

286 4976 544 5043 audiunt,
594 4976 861 5031 difﬁdunt
907 4995 979 5033 an
1020 4995 1153 5032 vera
1203 4979 1367 5032 sint:
1418 4980 1554 5050 quia
1603 4980 1725 5032 sola
1763 4978 1885 5032 haec
1924 4980 1977 5033 in

286 5066 494 5136 quibus
524 5066 642 5119 nati
678 5072 829 5134 sunt,
854 5067 1061 5121 intima
1091 5072 1146 5122 et
1187 5068 1433 5121 visibilia
1468 5072 1771 5121 noverunt.
1825 5069 1981 5123 Unde

284 5154 497 5209 factum
544 5160 629 5209 est
676 5161 739 5209 ut
792 5156 913 5225 ipse
959 5157 1335 5212 invisibilium
1383 5162 1439 5210 et
1479 5156 1785 5209 visibilium
1818 5173 1979 5211 crea-

289 5247 395 5307 tor,
444 5243 516 5296 ad
555 5242 794 5297 humani
844 5245 1069 5314 generis
1126 5245 1588 5315 redemptionem
1648 5244 1982 5314 unigenitus

286 5330 460 5400 pairis
488 5332 723 5399 veniret,
754 5338 810 5388 et
838 5333 1116 5404 Spiritum
1168 5339 1422 5388 sanctum
1452 5333 1523 5387 ad
1554 5333 1728 5387 corda
1788 5339 1982 5387 nostra

286 5418 561 5484 mitteret,
606 5426 888 5490 quatenus
940 5438 1043 5492 per
1102 5439 1234 5478 eum
1281 5422 1543 5477 vivificati
1598 5422 1977 5487 crederemus,

2096 4186 2200 4239 sibi
2223 4187 2475 4239 humana
2510 4188 2711 4238 natura
2751 4190 3083 4254 praesumat,
3144 4184 3424 4242 clamante
3476 4190 3744 4259 Apostolo
3778 4209 3788 4245 :

2095 4276 2216 4328 Non
2250 4279 2334 4327 est
2385 4273 2548 4328 nobis
2592 4274 2913 4327 colluctatio
2968 4273 3238 4327 adversus
3285 4293 3513 4332 carnem
3563 4285 3620 4331 et
3663 4298 3788 4333 san-

2092 4362 2348 4432 guinem,
2378 4362 2474 4415 sed
2502 4367 2701 4415 contra
2728 4362 3018 4434 principes
3050 4367 3107 4415 et
3130 4369 3434 4432 potestates
3489 4368 3634 4421 acris
3684 4370 3788 4423 hu-

2085 4451 2200 4521 jus,
2234 4457 2432 4505 contra
2464 4450 2743 4521 spiritalia
2776 4452 3052 4522 nequitia:
3084 4451 3144 4504 in
3190 4454 3534 4509 coelestibus.
3594 4458 3656 4511 Et
3717 4458 3787 4511 si-

2091 4544 2185 4592 cut
2212 4540 2332 4610 ipse
2368 4540 2574 4595 iterum
2602 4541 2738 4595 dicit
2768 4558 2779 4594 :
2823 4541 3025 4596 Infelix
3057 4557 3163 4610 ego
3212 4542 3407 4609 homo,
3442 4546 3568 4615 quis
3601 4563 3690 4601 me
3721 4548 3790 4600 li-

2090 4629 2311 4683 berabit
2359 4629 2428 4683 de
2477 4646 2716 4699 corpore
2763 4632 2963 4684 mortis
3008 4630 3223 4699 hujus?
3289 4632 3481 4686 Gratia
3537 4634 3633 4687 Dei
3690 4651 3793 4705 per

2090 4720 2281 4772 Iesum
2336 4718 2622 4771 Christum
2708 4719 3011 4771 Dominum
3072 4725 3350 4773 nostrum.
3426 4721 3492 4774 Et
3537 4722 3785 4777 iterum:

2094 4807 2283 4860 Gratia
2316 4806 2412 4859 Dei
2456 4821 2583 4859 sum
2615 4805 2670 4857 id
2705 4806 2859 4874 quod
2920 4821 3043 4859 sum
3095 4811 3150 4858 et
3181 4808 3365 4876 gratia
3420 4809 3542 4877 ejus
3590 4809 3646 4862 in
3698 4827 3788 4863 me

2093 4909 2268 4945 vacua
2298 4908 2410 4945 non
2440 4891 2564 4956 fuit,
2598 4892 2693 4945 sed
2730 4894 2856 4959 plus
2886 4893 2997 4945 illis
3028 4895 3291 4948 omnibus
3322 4895 3575 4949 laboravi
3612 4917 3623 4951 :
3664 4900 3785 4951 Non

2090 4997 2198 5051 ego
2228 4985 2440 5042 autem,
2477 4980 2572 5033 sed
2606 4980 2791 5050 gratia
2818 4982 2918 5034 Dei
2952 4997 3195 5035 mecum.

2092 5086 2217 5140 CAP.
2252 5087 2435 5161 XVIII.
2461 5117 2528 5125 ——
2571 5086 2741 5161 Quod,
2766 5087 3160 5161 gratiadivina
3200 5106 3305 5143 non
3351 5093 3521 5145 solum
3565 5098 3785 5161 peccata

2250 5158 2515 5221 dimittat,
2548 5158 2642 5211 sed
2672 5160 2835 5211 etiam
2868 5159 3092 5224 adjuvet
3120 5175 3184 5212 ne
3204 5158 3626 5216 committantur.

2163 5246 2415 5314 (Gregor.
2450 5249 2508 5299 in
2538 5249 2652 5301 suis
2683 5248 2875 5301 Moral.
2912 5247 3045 5299 dicit
3078 5249 3114 5313 :)
3139 5247 3299 5310 Quod
3330 5251 3511 5316 gratia
3545 5251 3641 5304 Dei
3666 5266 3779 5303 non

2091 5335 2272 5387 solum
2307 5339 2533 5405 peccata
2563 5335 2833 5400 dimittat,
2868 5335 2965 5388 sed
3013 5335 3187 5390 etiam
3234 5336 3462 5405 adjuvet
3515 5355 3585 5392 ne
3635 5354 3787 5392 com-

2091 5423 2412 5490 mittantur,
2446 5427 2501 5476 et
2537 5424 2623 5477 lex
2656 5423 2981 5493 impleatur,
3044 5439 3157 5477 non
3207 5424 3348 5478 sicut
3399 5425 3475 5479 ait
3522 5425 3790 5494 Pelagius
