4010 6194
232 262 365 314 l0'23

1311 235 1715 296 BURCHARDI
1755 227 2287 288 WORMACIENSIS
2325 219 2658 280 EPISCOPI.

3564 222 3580 272 l
3590 220 3677 273 024

220 380 410 447 facile,
443 374 607 449 quasi
632 373 755 428 sine
787 369 970 443 gratia
1001 365 1104 423 Dei
1132 363 1424 421 difﬁcilius
1470 360 1648 430 possit
1672 356 1921 428 impleri.
1951 385 1963 407 λ

2065 368 2263 436 ςθηθτίε
2291 364 2533 421 Abrahae
2565 377 2668 432 per
2700 362 2853 416 lsaac
2880 356 3281 429 praedestinata
3302 356 3417 422 fuit,
3449 374 3541 412 cur
3566 375 3682 413 con-

224 468 374 524 Illud
407 447 582 521 etiam
605 462 754 533 quod
789 461 942 512 intra
974 451 1438 524 Carthaginensis
1468 449 1668 520 synodi
1698 449 1927 533 decreta
2027 457 2229 529 jngem
2261 454 2510 509 δωτίιοω
2541 451 2797 520 accepit?
2826 448 2934 504 sed
2966 447 3240 501 ηίωίτυω
3270 452 3478 500 constat
3507 464 3519 501 ε
3568 449 3684 518 quia

229 532 758 608 constitutumiest,
822 541 986 612 quasi
1040 538 1341 610 proprium
1400 533 1726 605 apostolica:
1775 532 1925 586 sedis

229 637 654 707 amplectimur,
688 631 843 703 quod
874 629 1089 683 scilicet
1119 626 1286 680 tertio
1325 623 1572 694 capitulo
1621 622 1926 676 deﬁnitum

229 730 316 779 est
345 741 358 778 :
388 729 454 779 ut
482 724 810 794 quicunque
840 717 1050 773 dixerit
1093 713 1335 784 gratiam
1396 712 1517 776 Dei,
1566 727 1681 781 qua
1722 709 1926 780 justiti-

229 829 429 867 camur
459 827 561 882 per
588 812 780 865 Jesum
826 805 1114 860 Christum
1166 801 1473 857 Dominum
1530 805 1810 861 nostrum,
1857 798 1926 852 ad

232 900 631 956 remissionem
711 897 887 949 solam
943 897 1307 963 peccatorum
1381 890 1567 943 valere
1637 904 1766 959 qua:
1805 887 1929 956 jam

230 989 537 1044 commissa
570 991 720 1050 sunt,
755 999 868 1037 non
901 983 1074 1036 etiam
1101 980 1171 1034 ad
1207 979 1558 1049 adjutorium
1585 983 1649 1030 ut
1679 992 1792 1030 non
1827 976 1930 1029 ad-

232 1079 558 1142 mittantur,
615 1073 921 1129 anathema
974 1071 1064 1124 sit.
1117 1070 1184 1123 Et
1237 1069 1449 1122 iterum
1511 1072 1716 1136 quarto
1768 1064 1929 1134 capi-

233 1169 354 1222 tulo
389 1183 401 1219 :
429 1163 697 1234 Quisquis
729 1161 949 1227 dixerit,
984 1160 1227 1229 gratiam
1251 1157 1352 1212 Dei
1384 1173 1488 1226 per
1534 1156 1725 1208 Jesum
1770 1153 1928 1208 Chri-

231 1259 383 1310 stum
416 1259 651 1325 propter
682 1252 792 1304 hoc
824 1255 1049 1303 tantum
1083 1264 1185 1301 nos
1234 1246 1504 1316 adjuvare
1532 1260 1648 1297 non
1695 1243 1765 1296 ad
1798 1259 1930 1312 pec-

235 1346 480 1400 cundum
510 1359 524 1396 :
557 1342 694 1413 quia
725 1357 827 1411 per
853 1340 1041 1408 ipsum
1093 1336 1256 1390 nobis
1305 1335 1590 1388 revelatur
1639 1338 1695 1386 et
1737 1332 1932 1402 aperi-

234 1439 329 1488 tur
381 1430 761 1500 intelligentia
808 1427 1205 1481 mandatorum
1247 1425 1365 1488 Dei,
1399 1428 1460 1476 ut
1502 1422 1746 1474 sciamus
1792 1419 1931 1491 quid

236 1526 530 1592 appetere,
567 1523 623 1572 et
652 1518 788 1588 quid
831 1517 1010 1569 vitare
1051 1514 1383 1578 debeamus,
1430 1527 1547 1564 non
1589 1516 1781 1562 autem
1831 1525 1933 1577 per

2035 544 2463 619 praedestinatio
2508 541 2774 613 precibus
2801 539 3093 608 impletur,
3135 537 3358 606 quando
3408 537 3451 589 is
3492 536 3546 589 in
3587 554 3684 605 quo

2041 637 2186 690 Deus
2253 631 2637 702 multiplicare
2670 643 2866 682 semen
2913 625 3154 680 Abrahae
3202 623 3681 693 praedestinaverat,

2039 723 2299 777 oratione
2331 719 2602 784 obtinuit,
2635 721 2698 770 ut
2725 717 2907 770 tilium
2941 714 3150 768 habere
3182 712 3466 783 potuisset.

2039 814 2167 867 CAP.
2202 812 2331 866 XXI.
2365 839 2433 848 —-—
2459 810 2540 861 De
2574 803 3072 875 Deiprzvidentia,
3099 802 3261 856 simul
3292 806 3340 854 et
3361 800 3684 869 providentia.

2109 899 2373 970 (August.
2397 895 2533 948 dicit
2557 896 2614 946 in
2630 894 2720 946 lib.
2740 892 2805 945 de
2829 889 3306 945 Prmdestinatione
3328 886 3364 950 ε)
3385 886 3691 953 Omnejndi-

2039 988 2192 1041 cium
2221 986 2309 1040 sui
2340 983 2653 1037 secundum
2683 985 2973 1040 naturam,
3005 993 3132 1048 qua:
3161 975 3268 1028 sibi
3318 975 3554 1044 subjecta
3577 979 3692 1028 sunt

2039 1093 2164 1132 com
2176 1073 2494 1144 prehendit.
2529 1073 2625 1124 Est
2643 1074 2831 1122 autem
2859 1069 2973 1121 Deo
2995 1081 3220 1135 semper
3239 1071 3476 1117 aeternus
3496 1079 3554 1116 ac
3575 1080 3692 1132 prte-

2041 1164 2326 1220 sentarius
2351 1166 2550 1215 status.
2586 1157 2832 1214 Scientia
2860 1170 3087 1226 quoque
3119 1154 3243 1222 ejus
3263 1167 3483 1206 omnem
3513 1156 3692 1221 tempo-

2041 1255 2118 1308 ris
2149 1265 2515 1322 supergressa
2545 1247 2862 1309 notionem,
2896 1245 2956 1298 in
2988 1259 3099 1296 suae
3146 1246 3340 1294 manet
3368 1239 3691 1310 simplicitate

2041 1340 2405 1413 praesentia:
2457 1336 2797 1405 inﬁnitaque
2863 1331 3140 1404 praeteriti
3201 1346 3263 1382 ac
3313 1329 3481 1382 futuri
3532 1328 3691 1397 spacia

2042 1430 2446 1500 complectens,
2482 1425 2675 1479 omnia
2710 1421 2872 1493 quasi
2894 1421 3016 1491 jam
3051 1423 3324 1490 gerantur
3352 1417 3407 1469 in
3437 1433 3531 1469 sua
3572 1416 3689 1470 sim-

2043 1518 2179 1590 plici
2231 1515 2556 1588 cognitione
2627 1510 2966 1566 considerat.
3023 1509 3219 1578 Itaque
3273 1505 3321 1557 si
3372 1505 3688 1575 praesentiam

235 1611 396 1666 illam
447 1609 612 1664 nobis
662 1605 944 1677 praestari,
999 1609 1060 1658 ut
1087 1603 1238 1674 quod
1291 1601 1618 1655 faciendum
1666 1597 1931 1669 cognovi-

2065 1623 2286 1662 iensare
2319 1605 2446 1676 quis
2479 1602 2635 1667 velit,
2687 1615 2800 1670 qua
2823 1601 3029 1652 cuncta
3081 1594 3368 1664 dignoscit
3395 1609 3408 1646 :
3455 1608 3558 1646 non
3592 1607 3690 1645 esse

238 1716 387 1767 mus,
412 1699 587 1753 etiam
617 1697 803 1751 facere
849 1693 1155 1763 diligamus
1203 1696 1374 1761 atque
1427 1689 1738 1754 valeamus,
1794 1702 1934 1739 ana-

237 1790 433 1843 thema
455 1787 546 1840 sit.
583 1786 727 1841 Cum
757 1782 912 1836 enim
943 1782 1095 1836 dicat
1138 1779 1443 1850 Apostolus
1476 1794 1488 1832 :
1541 1775 1788 1831 Scientia
1843 1775 1932 1828 in-

239 1876 358 1944 ﬂat,
411 1875 655 1930 charitas
704 1889 841 1926 vero
887 1871 1172 1926 aediﬁcat:
1229 1868 1392 1922 valde
1436 1866 1682 1936 impium
1734 1869 1819 1918 est
1876 1867 1937 1917 ut

239 1965 560 2026 credamus,
612 1962 681 2016 ad
731 1977 856 2015 eam
898 1975 1027 2031 qum
1071 1958 1234 2012 inflat
1283 1973 1384 2010 nos
1435 1955 1646 2009 habere
1692 1953 1935 2023 gratiam

243 2053 474 2119 Christi,
506 2055 563 2106 et
591 2050 660 2105 ad
691 2066 816 2104 eam
845 2064 973 2120 quae
1003 2046 1249 2102 aediﬁcat
1277 2061 1394 2099 non
1424 2044 1654 2108 habere,
1687 2058 1819 2096 cum
1866 2041 1939 2094 sit

243 2149 554 2213 utrumque
568 2141 788 2195 donum
809 2137 930 2205 Dei,
949 2141 1006 2191 et
1019 2135 1162 2190 scire
1175 2134 1313 2206 quid
1329 2133 1513 2188 facere
1527 2132 1859 2196 debeamus,
1884 2135 1942 2184 et

244 2231 485 2302 diligere
521 2235 586 2284 ut
614 2228 910 2291 faciamus,
944 2231 1008 2279 ut
1026 2223 1344 2279 aediﬁcante
1376 2221 1674 2286 charitate,
1707 2215 1939 2272 scientia

244 2337 362 2377 non
387 2317 799 2390 possitinﬂare.
819 2316 1180 2370 Sicutautem
1201 2312 1271 2367 de
1286 2313 1399 2366 Deo
1416 2310 1689 2380 scriptum
1703 2311 1805 2361 est:
1833 2304 1943 2370 Qui

249 2411 414 2465 docet
431 2408 726 2463 hominem
762 2405 1058 2460 scientiam
1092 2419 1106 2458 :
1153 2403 1233 2456 ita
1258 2400 1430 2455 etiam
1485 2399 1758 2468 scriptum
1815 2399 1940 2448 est:

249 2497 506 2554 Charitas
535 2496 747 2551 erDeo
781 2499 884 2548 est.
910 2495 1054 2547 ltem
1081 2491 1282 2562 quinto
1329 2489 1531 2558 capite,
1575 2491 1640 2539 ut
1681 2482 1944 2556 quisquis

249 2586 477 2656 dixerit,
531 2585 661 2640 ideo
716 2582 882 2638 nobis
940 2580 1184 2652 gratiam
1232 2575 1659 2648 justiﬁcationis
1707 2573 1850 2633 dari,
1887 2575 1949 2624 ut

251 2677 404 2749 quod
435 2675 618 2730 facere
651 2689 753 2744 per
783 2673 1031 2727 liberum
1053 2670 1327 2741 jubemur
1360 2665 1683 2730 arbitrium,
1725 2661 1948 2717 facilius

251 2768 539 2837 possimus
569 2763 809 2834 implere
842 2777 944 2833 per
974 2760 1240 2832 gratiam,
1274 2757 1404 2811 licet
1432 2761 1488 2810 et
1517 2755 1560 2808 si
1593 2752 1778 2824 gratia
1830 2765 1948 2805 non

257 2855 512 2920 daretur,
580 2869 694 2907 non
749 2850 986 2923 quidem
1045 2848 1226 2915 facile,
1285 2847 1380 2900 sed
1408 2851 1600 2898 tamen
1650 2855 1946 2913 possemus

256 2942 428 2996 etiam
459 2940 582 2994 sine
639 2939 738 2994 illa
765 2919 1019 3009 implere
1068 2935 1264 2990 divina
1321 2933 1607 2999 mandata,
1648 2929 1956 2983 anathema
1985 2919 2024 2974 C

257 3030 349 3083 sit.
384 3030 460 3083 De
489 3027 764 3082 fructibus
796 3025 951 3080 enim
1001 3023 1408 3078 mandatorum
1444 3019 1718 3075 Dominus
1758 3017 1953 3085 loque-

258 3119 447 3185 batur,
480 3117 577 3171 ubi
605 3132 720 3170 non
750 3116 859 3169 ait:
885 3114 1018 3170 Sine
1052 3128 1140 3167 me
1166 3110 1453 3166 difﬁcilius
1486 3108 1717 3180 potestis
1749 3107 1954 3170 facere,

261 3207 361 3262 sed
390 3207 473 3261 ait
503 3222 518 3260 :
550 3205 684 3259 Sine
714 3219 805 3257 me
836 3202 978 3257 nihil
1009 3200 1242 3273 potestis
1273 3200 1474 3254 facere.

261 3315 391 3370 Car.
419 3313 548 3368 XlX.
579 3341 648 3352 —
671 3311 825 3381 Quod
852 3309 1263 3381 praedestinatio
1290 3307 1383 3360 Dei
1400 3307 1480 3381 ita
1499 3305 1572 3381 sit
1601 3302 1877 3381 ordinata,
1899 3304 1960 3353 ut

331 3401 395 3440 ea
441 3386 634 3437 nociva
684 3375 809 3450 ilum
852 3375 1259 3450 praedestinata
1308 3380 1457 3441 sunt,
1509 3375 1792 3429 electorum
1827 3386 1959 3441 pre-

333 3455 483 3510 cibus
514 3455 652 3509 solvi
681 3458 898 3522 queant.

334 3545 582 3612 (Gregor.
617 3545 673 3595 in
697 3557 792 3596 suo
821 3541 1043 3608 Dialogo
1073 3538 1208 3592 dicit
1242 3538 1282 3606 :)
1316 3534 1571 3590 Obtineri
1593 3545 1960 3603 nequaquam

266 3639 505 3706 possunt
530 3647 660 3702 quae
690 3628 1094 3702 praedestinata
1154 3641 1270 3680 non
1313 3624 1526 3680 fuerint
1560 3639 1573 3675 :
1608 3622 1706 3676 sed
1741 3638 1804 3674 ea
1834 3635 1961 3690 qua:

265 3723 444 3778 sancti
472 3721 576 3774 viri
630 3719 844 3774 orando
876 3716 1153 3782 efﬁciunt,
1213 3715 1293 3767 ita
1345 3710 1750 3782 prmdestinata
1807 3713 1959 3773 sunt,

264 3817 330 3865 ut
359 3811 625 3882 precibus
652 3809 1039 3864 obtineantur.
1079 3806 1220 3858 Nam
1253 3802 1378 3874 ipsa
1416 3815 1648 3872 quoque
1693 3797 1965 3869 perennis

267 3900 434 3969 regni
493 3891 947 3969 praedestinatio,
1013 3894 1092 3946 ita
1142 3896 1228 3946 est
1293 3891 1364 3944 ab
1419 3886 1803 3958 omnipotenti
1850 3887 1964 3939 Deo

267 3987 564 4058 disposita,
618 3992 679 4040 ut
728 3985 800 4040 ad
845 3985 950 4037 hoc
1003 3982 1167 4036 electi
1214 3996 1277 4034 ex
1333 3978 1528 4033 labore
1584 3974 1960 4046 perveniant:

269 4082 551 4148 quatenus
597 4074 936 4147 postulando
985 4077 1276 4126 mereatur
1337 4067 1614 4137 accipere,
1675 4063 1831 4134 quod
1883 4063 1965 4116 eis

2045 1695 2409 1768 praesentiam
2463 1690 2628 1762 quasi
2677 1687 2876 1751 futuri,
2929 1686 3026 1739 sed
3085 1682 3382 1737 scientiam
3437 1695 3690 1750 nunquam

2043 1784 2363 1841 deﬁcientis
2403 1779 2691 1836 instantia:
2738 1775 2947 1831 rectius
3021 1772 3349 1828 aestimabit.
3414 1769 3558 1824 Unde
3602 1785 3690 1821 non

2043 1871 2439 1946 prmvidentia,
2495 1869 2590 1923 sed
2641 1863 2999 1936 providentia
3048 1862 3239 1933 potius
3273 1859 3518 1914 dicitur:
3568 1856 3690 1928 quod

2044 1944 2274 2035 porroa
2331 1960 2505 2014 rebus
2543 1956 2757 2011 intimis
2809 1952 3137 2019 constituta,
3190 1949 3356 2021 quasi
3399 1948 3466 2000 ab
3516 1944 3694 1998 excelso

2045 2031 2240 2106 rerum
2272 2047 2568 2102 cacumine
2609 2049 2812 2098 cuncta
2841 2039 3170 2113 prospiciat.
3225 2037 3370 2102 Quid
3418 2033 3581 2102 igitur
3621 2031 3693 2084 di-

2049 2139 2292 2195 cendum
2322 2135 2446 2190 est?
2487 2136 2554 2190 Ut
2584 2131 2901 2186 necessaria
2943 2129 3081 2183 ﬁant
3136 2142 3271 2198 quae
3299 2123 3484 2179 divino
3520 2120 3694 2174 lumine

2049 2230 2384 2291 lustrantur,
2417 2240 2549 2278 cum
2604 2237 2675 2275 ne
2714 2218 2980 2274 homines
3006 2216 3239 2288 quidem
3298 2208 3594 2267 necessaria
3631 2205 3696 2258 fa-

2050 2317 2204 2372 ciant
2229 2331 2354 2369 esse
2383 2329 2512 2385 quae
2540 2307 2810 2364 videant?
2861 2308 3008 2362 Num
3055 2305 3212 2358 enim
3270 2317 3398 2372 quae
3443 2293 3700 2369 prmsentia

2051 2410 2382 2467 cernuntur,
2431 2401 2685 2471 aliquam
2723 2398 2805 2452 eis
2859 2393 3254 2450 necessitatem
3311 2386 3538 2442 videntis
3578 2382 3702 2437 addit

2052 2493 2335 2548 intuitus?
2387 2488 2636 2544 Minime.
2697 2485 2892 2556 Atqui,
2951 2483 2998 2537 si
3037 2487 3120 2536 est
3167 2478 3353 2534 divini
3395 2473 3700 2542 humanique

2054 2580 2357 2653 presentis
2386 2577 2561 2648 digna
2591 2574 2838 2639 collatio,
2861 2572 2948 2626 uti
2979 2569 3241 2625 homines
3273 2568 3381 2621 hoc
3406 2561 3702 2634 temporario

2055 2669 2326 2743 praesenti
2357 2647 2622 2738 quaedam
2653 2663 2852 2716 vident
2880 2680 2897 2714 :
2931 2661 3011 2714 ita
3044 2659 3140 2712 ille
3173 2655 3371 2711 omnia
3412 2670 3508 2706 suo
3555 2647 3704 2704 cernit

2059 2763 2294 2814 esterno.
2319 2755 2504 2819 Quare
2531 2753 2655 2807 haec
2680 2750 2873 2804 divina
2910 2747 3213 2818 praenotio,
3247 2751 3503 2798 naturam
3543 2750 3703 2791 rerum

2057 2845 2586 2918 proprietatemque
2616 2856 2734 2894 non
2769 2842 2976 2902 mutat,
3015 2836 3269 2905 taliaque
3315 2831 3460 2902 apud
3490 2844 3542 2881 se
3584 2840 3707 2896 prte-

2065 2934 2245 2990 sentia
2277 2936 2511 3003 spectat,
2547 2928 2745 3000 qualia
2774 2927 2832 2980 in
2864 2930 3121 2996 tempore
3167 2923 3311 2976 olim
3338 2921 3519 2974 futura
3545 2927 3708 2986 prove-

2061 3025 2244 3089 nient,
2297 3037 2402 3075 nec
2461 3033 2652 3072 rerum
2704 3015 2922 3087 judicia
2976 3011 3321 3067 confundit:
3385 3020 3594 3076 unoque
3631 3015 3710 3054 suo

2065 3111 2274 3168 mentis
2306 3108 2516 3163 intuitu
2550 3112 2666 3160 tam
2699 3103 3015 3158 necessarie
3046 3116 3218 3172 quam
3260 3114 3376 3153 non
3427 3089 3711 3155 necessarie,

2066 3208 2304 3257 ventura
2335 3195 2639 3269 dignoscit.
2673 3193 2848 3250 Sicuti
2878 3191 3090 3262 aliquis
3122 3205 3250 3243 cum
3310 3185 3515 3256 pariter
3556 3179 3712 3234 ambu-

2066 3293 2184 3346 lare
2214 3291 2272 3344 in
2303 3293 2452 3343 terra
2487 3284 2806 3350 hominem,
2837 3286 2894 3335 et
2923 3280 3062 3334 oriri
3097 3279 3158 3332 in
3203 3277 3348 3330 caelo
3379 3274 3542 3326 solem
3573 3267 3709 3330 videt,

2070 3393 2404 3451 quanquam
2451 3374 2623 3428 simul
2678 3378 2987 3440 utrumque
3027 3369 3102 3420 sit
3129 3369 3512 3436 conspectum,
3555 3363 3714 3410 tamen

2071 3466 2364 3530 discernit,
2397 3468 2455 3517 et
2481 3462 2588 3515 hoc
2617 3457 3026 3520 voluntarium,
3057 3454 3196 3509 illud
3225 3469 3346 3506 esse
3381 3445 3713 3504 necessarium

2064 3556 2298 3628 judicat.
2336 3555 2418 3608 Ita
2443 3551 2623 3620 igitur
2651 3551 2855 3603 cuncta
2876 3544 3195 3616 despiciens
3247 3540 3466 3596 divinus
3496 3533 3714 3596 intuitus,

2072 3619 2410 3716 qualitatem
2433 3619 2626 3692 rerum
2652 3635 2887 3690 minime
2915 3631 3247 3702 perturbat:
3273 3627 3420 3699 apud
3439 3640 3493 3677 se
3522 3619 3714 3693 quidem

2074 3729 2470 3803 praesentium,
2505 3726 2577 3780 ad
2609 3723 2992 3780 conditionem
3044 3734 3177 3773 vero
3228 3713 3499 3785 temporis
3537 3711 3713 3764 futura-

2072 3794 2222 3875 rum.
2255 3819 2376 3883 Quo
2406 3816 2473 3870 fit
2505 3821 2567 3869 ut
2589 3816 2692 3868 hoc
2715 3827 2828 3866 non
2851 3811 2921 3864 sit
2950 3808 3170 3878 opinio,
3194 3805 3292 3860 sed
3324 3803 3544 3856 veritate
3566 3794 3717 3883 potius

2073 3907 2205 3962 nixa
2235 3905 2485 3975 cognitio
2520 3919 2532 3956 :
2567 3918 2698 3956 cum
2745 3898 3062 3953 extiturum
3116 3893 3256 3966 quid
3287 3907 3405 3945 esse
3455 3879 3716 3957 cognoscit,

2076 3995 2214 4066 quid
2259 3995 2410 4049 idem
2438 3989 2718 4046 existendi
2770 3985 3107 4042 necessitate
3139 3998 3332 4038 carere
3365 3995 3472 4034 non
3527 3971 3716 4029 nesciat.

2076 4060 2178 4140 llic
2215 4083 2263 4136 si
2293 4082 2421 4154 quis
2463 4079 2614 4134 dicat
2658 4076 2814 4148 quod
2843 4079 3184 4130 eventurum
3215 4072 3362 4124 Deus
3385 4066 3541 4129 videt,
3565 4060 3612 4115 id
3631 4070 3720 4111 non

270 4165 638 4236 omnipotens
671 4164 817 4218 Deus
847 4166 981 4214 ante
1031 4160 1220 4214 secula
1270 4155 1548 4226 disposuit
1582 4153 1814 4208 donare.
1861 4152 1963 4205 Pe-
1995 4190 2038 4244 Β
2077 4152 2452 4223 evenire‘non
2473 4179 2658 4235 posse,
2687 4160 2838 4232 quod
2865 4164 3058 4212 autem
3099 4171 3212 4210 non
3246 4156 3432 4224 potest
3475 4163 3578 4203 non
3618 4156 3721 4196 ονε-

268 4258 391 4308 trus
425 4270 438 4308 :
472 4252 707 4308 Probari
739 4250 883 4304 mihi
914 4249 1167 4319 apertius
1197 4246 1392 4313 velim,
1436 4244 1482 4296 si
1512 4246 1699 4314 potest
1736 4240 1963 4311 prmde-

270 4341 502 4397 stinatio
541 4340 808 4411 precibus
836 4337 1112 4408 adjuvari.

588 4445 717 4500 Car.
749 4445 850 4500 XX.
883 4472 951 4483 —
980 4444 1115 4497 Item
1143 4441 1207 4495 de
1242 4439 1736 4509 praedestinatione.

346 4538 458 4604 (Ea:
483 4532 707 4603 eodem.)
766 4533 881 4587 Hoc
924 4530 1078 4600 quod
1134 4544 1239 4599 ego
1287 4529 1449 4581 Petre
1512 4525 1703 4589 intuli,
1755 4524 1970 4578 concita

275 4627 428 4679 valet
455 4622 707 4694 probari.
735 4623 895 4677 Certe
928 4618 1140 4674 etenim
1206 4614 1376 4679 nosti,
1409 4614 1544 4685 quia
1575 4614 1642 4668 ad
1683 4612 1969 4667 Abraham

278 4713 557 4770 Dominus
578 4712 718 4766 dixit
752 4728 766 4765 :
803 4711 866 4765 In
897 4711 1052 4764 Isaac
1088 4707 1384 4761 vocabitur
1429 4703 1534 4758 tibi
1585 4717 1801 4756 semen.
1861 4701 1974 4755 Cur

275 4805 448 4858 etiam
479 4802 696 4856 dixerat
719 4801 949 4854 Patrem
985 4797 1295 4852 multarum
1319 4792 1575 4864 gentium
1598 4788 1869 4846 constitui
1900 4793 1970 4841 te.

277 4893 380 4947 Cui
434 4906 661 4945 rursum
716 4887 1003 4959 promisit,
1066 4885 1258 4939 dicens
1317 4899 1328 4936 :
1386 4881 1726 4935 Benedicam
1776 4877 1880 4931 tibi
1919 4881 1977 4930 et

281 4979 677 5051 multiplicabo
709 4993 904 5032 semen
932 4980 1094 5028 tuum
1126 4973 1270 5027 sicut
1303 4971 1492 5026 stellas
1522 4969 1672 5030 caeli,
1722 4973 1778 5022 et
1823 4966 1977 5019 velut

279 5085 512 5124 arenam
545 5083 674 5138 quae
705 5065 872 5119 estin
905 5063 1092 5117 littore
1147 5061 1335 5115 maris.
1368 5060 1443 5112 Ex
1506 5074 1618 5128 qua
1663 5071 1724 5110 re
1782 5058 1977 5125 aperte

282 5161 503 5212 constat
530 5154 796 5225 intelligi,
827 5153 965 5224 quia
987 5151 1356 5220 omnipotens
1385 5149 1530 5200 Deus
1563 5160 1758 5198 semen
1792 5142 1978 5197 Abra-

283 5248 370 5302 baa
401 5245 906 5316 praedestinaverat
929 5257 1034 5312 per
1063 5241 1214 5294 Isaac
1245 5235 1624 5306 multiplicare
1659 5250 1672 5287 :
1702 5239 1759 5286 et
1788 5237 1981 5285 tamen

285 5335 560 5406 scriptum
615 5338 720 5399 est,
780 5333 1118 5402 deprecatus
1172 5331 1257 5382 est
1312 5327 1467 5380 Isaac
1509 5322 1820 5377 Dominum
1875 5335 1981 5390 pro

289 5437 465 5477 uxore
494 5437 616 5488 sua,
649 5436 716 5474 eo
742 5419 894 5490 quod
924 5423 1071 5473 esset
1100 5416 1327 5479 sterilis,
1364 5411 1462 5484 qui
1492 5410 1781 5467 exaudivit
1824 5423 1980 5473 eum,

284 5509 534 5581 et_'dedit
565 5512 904 5582 conceptum
953 5507 1235 5562 Rebeccae.
1288 5502 1344 5558 Si
1401 5517 1539 5572 ergo
1586 5496 1985 5569 multiplicatio

2077 4257 2222 4323 nire,
2274 4254 2330 4308 id
2375 4269 2441 4307 ex
2474 4224 2821 4305 necessitate
2842 4247 3195 4316 contingere.
3248 4233 3614 4323 Respondebit
3657 4224 3723 4323 illi

2080 4360 2169 4398 res
2201 4341 2433 4414 quidem
2466 4338 2822 4394 solidissima
2858 4335 3131 4401 veritatis,
3171 4332 3272 4384 sed
3302 4329 3393 4384 cui
3422 4326 3505 4379 vix
3555 4315 3721 4387 aliquis

2079 4433 2190 4486 nisi
2226 4429 2404 4486 divini
2432 4428 2751 4500 speculator
2807 4423 3127 4479 accesserit.
3180 4419 3460 4474 Firmatur
3507 4418 3720 4474 namque

2083 4521 2238 4575 idem
2265 4523 2592 4584 venturum,
2628 4531 2756 4570 cum
2788 4513 2859 4567 ad
2896 4512 3150 4566 divinam
3184 4507 3474 4561 notionem
3522 4496 3722 4553 refertur

2084 4608 2469 4664 necessarium
2507 4622 2521 4659 :
2554 4621 2680 4659 cum
2725 4618 2858 4656 vero
2907 4601 2966 4655 in
2999 4616 3102 4653 sua
3126 4601 3333 4651 natura
3377 4583 3719 4664 perpenditur.

2123 4699 2328 4752 herum
2376 4711 2608 4766 prorsus
2639 4698 2810 4763 atque
2857 4689 3181 4744 absolutum
3232 4681 3434 4738 videri.
3464 4679 3584 4733 Due
3621 4669 3724 4723 sunt

2085 4786 2297 4841 etenim
2356 4784 2738 4847 necessitates,
2771 4778 3014 4849 simplex
3047 4791 3179 4838 una,
3213 4771 3386 4826 veluti
3408 4783 3516 4839 qua
3541 4769 3724 4849 necesse

2088 4879 2172 4929 est
2201 4889 2399 4928 omnes
2424 4869 2688 4926 homines
2717 4883 2838 4921 esse
2871 4865 3174 4921 mortales:
3210 4863 3388 4914 altera
3407 4844 3721 4910 conditionis,

2092 4967 2156 5017 ut
2187 4962 2231 5016 si
2260 4961 2509 5031 aliquem
2541 4958 2835 5013 ambulare
2869 4954 2998 5025 quis
3026 4952 3149 5018 scit,
3185 4965 3318 5004 eum
3348 4943 3619 5001 ambulare
3644 4947 3726 4986 ne-

2092 5066 2246 5105 cesse
2275 5055 2380 5104 est.
2411 5047 2574 5113 Quod
2603 5045 2752 5099 enim
2781 5043 3027 5115 quisque
3059 5038 3236 5102 novit,
3288 5035 3345 5089 id
3375 5047 3490 5087 esse
3516 5026 3657 5082 aliter
3680 5032 3728 5071 ac

2095 5145 2295 5194 notum
2328 5141 2429 5203 est,
2461 5135 2681 5206 nequit.
2706 5132 2814 5188 Sed
2847 5133 2965 5186 haec
2987 5127 3224 5183 minime
3246 5137 3432 5178 secum
3456 5119 3596 5172 illam
3620 5110 3728 5202 sint-

2093 5228 2299 5298 plicem
2333 5224 2526 5279 trahit.
2565 5225 2718 5277 Hanc
2749 5220 2901 5274 enim
2954 5215 3350 5272 necessitatem
3383 5223 3490 5262 non
3542 5207 3729 5293 propr“

2094 5284 2230 5371 iacit
2285 5318 2512 5380 natura,
2561 5312 2658 5366 sed
2711 5307 3054 5363 conditionis
3103 5302 3364 5372 adjectio.
3413 5294 3564 5351 Nulla
3604 5284 3727 5340 enim

2095 5404 2404 5460 necessitas
2457 5401 2612 5473 cogit
2699 5398 2962 5453 incedere
3013 5396 3302 5449 voluntate
3375 5380 3724 5458 gradientem:

2097 5493 2356 5565 quamvis
2384 5506 2513 5545 cum
2565 5495 2687 5543 tum
2741 5501 2872 5542 cum
2928 5483 3208 5556 graditur,
3268 5475 3518 5532 incedere
3565 5475 3726 5520 neces-
