  <div class='ocr_page' id='page_1' title='image "/cluster/home/n/w/nwhite01/storage/ocr_20150623/140/hvd.32044054760004/518.png"; bbox 0 0 4014 6200; ppageno 0'>
   <div class='ocr_carea' id='block_1_1' title="bbox 421 258 554 309">
    <p class='ocr_par' dir='ltr' id='par_1_1' title="bbox 421 258 554 309">
     <span class='ocr_line' id='line_1_1' title="bbox 421 258 554 309; baseline 0 0"><span class='ocrx_word' id='word_1_1' title='bbox 421 258 554 309; x_wconf 75' lang='grc'>1025</span> 
     </span>
    </p>
   </div>
   <div class='ocr_carea' id='block_1_2' title="bbox 1346 260 2989 322">
    <p class='ocr_par' dir='ltr' id='par_1_2' title="bbox 1346 260 2989 322">
     <span class='ocr_line' id='line_1_2' title="bbox 1346 260 2989 322; baseline 0.004 -8"><span class='ocrx_word' id='word_1_2' title='bbox 1346 260 1827 317; x_wconf 81' lang='lat' dir='ltr'>DECRETORUM</span> <span class='ocrx_word' id='word_1_3' title='bbox 1869 263 2057 318; x_wconf 80' lang='lat' dir='ltr'>LIBRI</span> <span class='ocrx_word' id='word_1_4' title='bbox 2095 265 2202 320; x_wconf 84' lang='lat' dir='ltr'>XX.</span> <span class='ocrx_word' id='word_1_5' title='bbox 2244 294 2312 303; x_wconf 88' lang='lat'><strong>—</strong></span> <span class='ocrx_word' id='word_1_6' title='bbox 2355 264 2563 320; x_wconf 81' lang='lat' dir='ltr'>LIBER</span> <span class='ocrx_word' id='word_1_7' title='bbox 2606 266 2989 322; x_wconf 81' lang='lat' dir='ltr'>VICESIMUS.</span> 
     </span>
    </p>
   </div>
   <div class='ocr_carea' id='block_1_3' title="bbox 3780 277 3915 329">
    <p class='ocr_par' dir='ltr' id='par_1_3' title="bbox 3780 277 3915 329">
     <span class='ocr_line' id='line_1_3' title="bbox 3780 277 3915 329; baseline 0.015 -2"><span class='ocrx_word' id='word_1_8' title='bbox 3780 277 3915 329; x_wconf 73' lang='grc'>1026</span> 
     </span>
    </p>
   </div>
   <div class='ocr_carea' id='block_1_4' title="bbox 413 379 3917 462">
    <p class='ocr_par' dir='ltr' id='par_1_4' title="bbox 413 379 3917 462">
     <span class='ocr_line' id='line_1_4' title="bbox 413 379 3917 462; baseline 0.004 -30"><span class='ocrx_word' id='word_1_9' title='bbox 413 380 628 433; x_wconf 89' lang='lat' dir='ltr'>sarium</span> <span class='ocrx_word' id='word_1_10' title='bbox 663 379 755 433; x_wconf 86' lang='lat' dir='ltr'>sit.</span> <span class='ocrx_word' id='word_1_11' title='bbox 795 379 1006 435; x_wconf 83' lang='lat' dir='ltr'>Eodem</span> <span class='ocrx_word' id='word_1_12' title='bbox 1039 379 1217 452; x_wconf 79' lang='lat' dir='ltr'>igitur</span> <span class='ocrx_word' id='word_1_13' title='bbox 1252 382 1427 436; x_wconf 91' lang='lat' dir='ltr'>modo</span> <span class='ocrx_word' id='word_1_14' title='bbox 1458 382 1503 436; x_wconf 98' lang='lat' dir='ltr'>si</span> <span class='ocrx_word' id='word_1_15' title='bbox 1560 383 1698 452; x_wconf 91' lang='lat' dir='ltr'>quid</span> <span class='ocrx_word' id='word_1_16' title='bbox 1748 384 2105 454; x_wconf 82' lang='lat' dir='ltr'>providentia</span> <span class='ocrx_word' id='word_1_17' title='bbox 2134 389 2181 441; x_wconf 78' lang='grc' dir='ltr'>Α</span> <span class='ocrx_word' id='word_1_18' title='bbox 2219 385 2458 439; x_wconf 89' lang='lat' dir='ltr'>lentium</span> <span class='ocrx_word' id='word_1_19' title='bbox 2491 401 2707 451; x_wconf 87' lang='lat' dir='ltr'>vocem,</span> <span class='ocrx_word' id='word_1_20' title='bbox 2742 390 2814 443; x_wconf 75' lang='lat' dir='ltr'>,ut</span> <span class='ocrx_word' id='word_1_21' title='bbox 2873 391 3080 456; x_wconf 81' lang='lat' dir='ltr'>augeat</span> <span class='ocrx_word' id='word_1_22' title='bbox 3135 387 3461 454; x_wconf 77' lang='lat' dir='ltr'>utilitatem,</span> <span class='ocrx_word' id='word_1_23' title='bbox 3529 398 3589 444; x_wconf 91' lang='lat' dir='ltr'>ut</span> <span class='ocrx_word' id='word_1_24' title='bbox 3642 397 3917 462; x_wconf 81' lang='lat' dir='ltr'>purgetur</span> 
     </span>
    </p>
   </div>
   <div class='ocr_carea' id='block_1_5' title="bbox 410 469 2105 539">
    <p class='ocr_par' dir='ltr' id='par_1_5' title="bbox 410 469 2105 539">
     <span class='ocr_line' id='line_1_5' title="bbox 410 469 2105 539; baseline 0.004 -18"><span class='ocrx_word' id='word_1_25' title='bbox 410 484 666 539; x_wconf 77' lang='lat' dir='ltr'>praesens</span> <span class='ocrx_word' id='word_1_26' title='bbox 699 469 870 535; x_wconf 90' lang='lat' dir='ltr'>videt,</span> <span class='ocrx_word' id='word_1_27' title='bbox 904 470 961 523; x_wconf 87' lang='lat' dir='ltr'>id</span> <span class='ocrx_word' id='word_1_28' title='bbox 1002 487 1123 524; x_wconf 89' lang='lat' dir='ltr'>esse</span> <span class='ocrx_word' id='word_1_29' title='bbox 1160 486 1388 524; x_wconf 87' lang='lat' dir='ltr'>necesse</span> <span class='ocrx_word' id='word_1_30' title='bbox 1437 477 1539 537; x_wconf 89' lang='lat' dir='ltr'>est,</span> <span class='ocrx_word' id='word_1_31' title='bbox 1600 475 1827 526; x_wconf 86' lang='lat' dir='ltr'>tametsi</span> <span class='ocrx_word' id='word_1_32' title='bbox 1884 475 2105 528; x_wconf 90' lang='lat' dir='ltr'>nullam</span> 
     </span>
    </p>
   </div>
   <div class='ocr_carea' id='block_1_6' title="bbox 412 557 2101 631">
    <p class='ocr_par' dir='ltr' id='par_1_6' title="bbox 412 557 2101 631">
     <span class='ocr_line' id='line_1_6' title="bbox 412 557 2101 631; baseline 0.004 -21"><span class='ocrx_word' id='word_1_33' title='bbox 412 563 633 611; x_wconf 75' lang='lat' dir='ltr'>naturae</span> <span class='ocrx_word' id='word_1_34' title='bbox 663 557 870 612; x_wconf 88' lang='lat' dir='ltr'>habeat</span> <span class='ocrx_word' id='word_1_35' title='bbox 916 559 1331 615; x_wconf 81' lang='lat' dir='ltr'>necessitatem.</span> <span class='ocrx_word' id='word_1_36' title='bbox 1395 563 1569 631; x_wconf 83' lang='lat' dir='ltr'>Atqui</span> <span class='ocrx_word' id='word_1_37' title='bbox 1605 563 1746 615; x_wconf 85' lang='lat' dir='ltr'>Deus</span> <span class='ocrx_word' id='word_1_38' title='bbox 1791 578 1857 615; x_wconf 90' lang='lat' dir='ltr'>ea</span> <span class='ocrx_word' id='word_1_39' title='bbox 1888 563 2101 630; x_wconf 85' lang='lat' dir='ltr'>futura,</span> 
     </span>
    </p>
   </div>
   <div class='ocr_carea' id='block_1_7' title="bbox 414 646 2105 721">
    <p class='ocr_par' dir='ltr' id='par_1_7' title="bbox 414 646 2105 721">
     <span class='ocr_line' id='line_1_7' title="bbox 414 646 2105 721; baseline 0.004 -23"><span class='ocrx_word' id='word_1_40' title='bbox 414 662 542 715; x_wconf 74' lang='lat' dir='ltr'>quae</span> <span class='ocrx_word' id='word_1_41' title='bbox 571 662 637 700; x_wconf 88' lang='lat' dir='ltr'>ex</span> <span class='ocrx_word' id='word_1_42' title='bbox 668 646 888 700; x_wconf 85' lang='lat' dir='ltr'>arbitrii</span> <span class='ocrx_word' id='word_1_43' title='bbox 909 647 1171 701; x_wconf 86' lang='lat' dir='ltr'>libertate</span> <span class='ocrx_word' id='word_1_44' title='bbox 1217 650 1584 719; x_wconf 90' lang='lat' dir='ltr'>proveniunt,</span> <span class='ocrx_word' id='word_1_45' title='bbox 1636 652 1941 721; x_wconf 73' lang='lat' dir='ltr'>praesentia</span> <span class='ocrx_word' id='word_1_46' title='bbox 1972 668 2105 705; x_wconf 87' lang='lat' dir='ltr'>con-</span> 
     </span>
    </p>
   </div>
   <div class='ocr_carea' id='block_1_8' title="bbox 410 736 2107 803">
    <p class='ocr_par' dir='ltr' id='par_1_8' title="bbox 410 736 2107 803">
     <span class='ocr_line' id='line_1_8' title="bbox 410 736 2107 803; baseline 0.003 -14"><span class='ocrx_word' id='word_1_47' title='bbox 410 740 627 789; x_wconf 84' lang='lat' dir='ltr'>tuetur.</span> <span class='ocrx_word' id='word_1_48' title='bbox 672 736 802 789; x_wconf 67' lang='lat' dir='ltr'>Haec</span> <span class='ocrx_word' id='word_1_49' title='bbox 836 736 1014 803; x_wconf 79' lang='lat' dir='ltr'>igitur</span> <span class='ocrx_word' id='word_1_50' title='bbox 1045 738 1114 790; x_wconf 90' lang='lat' dir='ltr'>ad</span> <span class='ocrx_word' id='word_1_51' title='bbox 1170 737 1444 792; x_wconf 86' lang='lat' dir='ltr'>intuitum</span> <span class='ocrx_word' id='word_1_52' title='bbox 1477 739 1656 792; x_wconf 88' lang='lat' dir='ltr'>relata</span> <span class='ocrx_word' id='word_1_53' title='bbox 1713 739 1971 794; x_wconf 82' lang='lat' dir='ltr'>divinum</span> <span class='ocrx_word' id='word_1_54' title='bbox 2012 757 2107 794; x_wconf 90' lang='lat' dir='ltr'>ne-</span> 
     </span>
    </p>
   </div>
   <div class='ocr_carea' id='block_1_9' title="bbox 413 824 2103 897">
    <p class='ocr_par' dir='ltr' id='par_1_9' title="bbox 413 824 2103 897">
     <span class='ocr_line' id='line_1_9' title="bbox 413 824 2103 897; baseline 0.002 -21"><span class='ocrx_word' id='word_1_55' title='bbox 413 824 654 877; x_wconf 87' lang='lat' dir='ltr'>cessaria</span> <span class='ocrx_word' id='word_1_56' title='bbox 688 825 835 878; x_wconf 86' lang='lat' dir='ltr'>ﬁunt</span> <span class='ocrx_word' id='word_1_57' title='bbox 884 841 989 895; x_wconf 93' lang='lat' dir='ltr'>per</span> <span class='ocrx_word' id='word_1_58' title='bbox 1039 826 1473 897; x_wconf 86' lang='lat' dir='ltr'>dispositionem</span> <span class='ocrx_word' id='word_1_59' title='bbox 1535 828 1745 880; x_wconf 69' lang='lat' dir='ltr'>divinae</span> <span class='ocrx_word' id='word_1_60' title='bbox 1805 827 2103 880; x_wconf 87' lang='lat' dir='ltr'>notionis:</span> 
     </span>
    </p>
   </div>
   <div class='ocr_carea' id='block_1_10' title="bbox 410 915 2105 983">
    <p class='ocr_par' dir='ltr' id='par_1_10' title="bbox 410 915 2105 983">
     <span class='ocr_line' id='line_1_10' title="bbox 410 915 2105 983; baseline 0.003 -18"><span class='ocrx_word' id='word_1_61' title='bbox 410 929 517 983; x_wconf 89' lang='lat' dir='ltr'>per</span> <span class='ocrx_word' id='word_1_62' title='bbox 552 929 610 966; x_wconf 90' lang='lat' dir='ltr'>se</span> <span class='ocrx_word' id='word_1_63' title='bbox 644 928 779 967; x_wconf 86' lang='lat' dir='ltr'>vero</span> <span class='ocrx_word' id='word_1_64' title='bbox 832 915 1209 983; x_wconf 89' lang='lat' dir='ltr'>considerata,</span> <span class='ocrx_word' id='word_1_65' title='bbox 1269 918 1338 968; x_wconf 91' lang='lat' dir='ltr'>ab</span> <span class='ocrx_word' id='word_1_66' title='bbox 1392 915 1653 970; x_wconf 83' lang='lat' dir='ltr'>absoluta</span> <span class='ocrx_word' id='word_1_67' title='bbox 1711 921 1929 969; x_wconf 81' lang='lat' dir='ltr'>naturae</span> <span class='ocrx_word' id='word_1_68' title='bbox 1988 933 2105 970; x_wconf 74' lang='lat' dir='ltr'>suae</span> 
     </span>
    </p>
   </div>
   <div class='ocr_carea' id='block_1_11' title="bbox 413 1001 2106 1075">
    <p class='ocr_par' dir='ltr' id='par_1_11' title="bbox 413 1001 2106 1075">
     <span class='ocr_line' id='line_1_11' title="bbox 413 1001 2106 1075; baseline 0.001 -20"><span class='ocrx_word' id='word_1_69' title='bbox 413 1001 676 1055; x_wconf 86' lang='lat' dir='ltr'>libertate</span> <span class='ocrx_word' id='word_1_70' title='bbox 726 1018 842 1056; x_wconf 89' lang='lat' dir='ltr'>non</span> <span class='ocrx_word' id='word_1_71' title='bbox 878 1003 1167 1057; x_wconf 89' lang='lat' dir='ltr'>desinunt.</span> <span class='ocrx_word' id='word_1_72' title='bbox 1233 1004 1395 1058; x_wconf 85' lang='lat' dir='ltr'>Fient</span> <span class='ocrx_word' id='word_1_73' title='bbox 1448 1004 1629 1074; x_wconf 81' lang='lat' dir='ltr'>igitur</span> <span class='ocrx_word' id='word_1_74' title='bbox 1680 1006 1877 1075; x_wconf 88' lang='lat' dir='ltr'>procul</span> <span class='ocrx_word' id='word_1_75' title='bbox 1933 1005 2106 1059; x_wconf 90' lang='lat' dir='ltr'>dubio</span> 
     </span>
    </p>
   </div>
   <div class='ocr_carea' id='block_1_12' title="bbox 413 1092 2106 1163">
    <p class='ocr_par' dir='ltr' id='par_1_12' title="bbox 413 1092 2106 1163">
     <span class='ocr_line' id='line_1_12' title="bbox 413 1092 2106 1163; baseline 0.002 -20"><span class='ocrx_word' id='word_1_76' title='bbox 413 1095 616 1144; x_wconf 92' lang='lat' dir='ltr'>cuncta</span> <span class='ocrx_word' id='word_1_77' title='bbox 647 1108 774 1162; x_wconf 73' lang='lat' dir='ltr'>quae</span> <span class='ocrx_word' id='word_1_78' title='bbox 813 1092 1002 1146; x_wconf 87' lang='lat' dir='ltr'>futura</span> <span class='ocrx_word' id='word_1_79' title='bbox 1058 1093 1207 1146; x_wconf 86' lang='lat' dir='ltr'>Deus</span> <span class='ocrx_word' id='word_1_80' title='bbox 1238 1110 1359 1146; x_wconf 89' lang='lat' dir='ltr'>esse</span> <span class='ocrx_word' id='word_1_81' title='bbox 1410 1094 1730 1163; x_wconf 71' lang='lat' dir='ltr'>praenoscit,</span> <span class='ocrx_word' id='word_1_82' title='bbox 1767 1094 1861 1148; x_wconf 90' lang='lat' dir='ltr'>sed</span> <span class='ocrx_word' id='word_1_83' title='bbox 1909 1110 2106 1147; x_wconf 90' lang='lat' dir='ltr'>eorum</span> 
     </span>
    </p>
   </div>
   <div class='ocr_carea' id='block_1_13' title="bbox 411 1178 2105 1253">
    <p class='ocr_par' dir='ltr' id='par_1_13' title="bbox 411 1178 2105 1253">
     <span class='ocr_line' id='line_1_13' title="bbox 411 1178 2105 1253; baseline 0.003 -22"><span class='ocrx_word' id='word_1_84' title='bbox 411 1178 677 1249; x_wconf 77' lang='lat' dir='ltr'>quaedam</span> <span class='ocrx_word' id='word_1_85' title='bbox 737 1180 805 1233; x_wconf 89' lang='lat' dir='ltr'>de</span> <span class='ocrx_word' id='word_1_86' title='bbox 866 1181 1046 1234; x_wconf 89' lang='lat' dir='ltr'>libero</span> <span class='ocrx_word' id='word_1_87' title='bbox 1104 1182 1551 1251; x_wconf 83' lang='lat' dir='ltr'>proficiscuntur</span> <span class='ocrx_word' id='word_1_88' title='bbox 1608 1182 1846 1235; x_wconf 89' lang='lat' dir='ltr'>arbitrio</span> <span class='ocrx_word' id='word_1_89' title='bbox 1903 1200 1915 1236; x_wconf 91' lang='lat'>:</span> <span class='ocrx_word' id='word_1_90' title='bbox 1977 1198 2105 1253; x_wconf 70' lang='lat' dir='ltr'>quae</span> 
     </span>
    </p>
   </div>
   <div class='ocr_carea' id='block_1_14' title="bbox 412 1267 2104 1342">
    <p class='ocr_par' dir='ltr' id='par_1_14' title="bbox 412 1267 2104 1342">
     <span class='ocr_line' id='line_1_14' title="bbox 412 1267 2104 1342; baseline 0.004 -23"><span class='ocrx_word' id='word_1_91' title='bbox 412 1267 670 1337; x_wconf 85' lang='lat' dir='ltr'>quamvis</span> <span class='ocrx_word' id='word_1_92' title='bbox 703 1269 971 1342; x_wconf 84' lang='lat' dir='ltr'>eveniant</span> <span class='ocrx_word' id='word_1_93' title='bbox 1028 1270 1346 1335; x_wconf 86' lang='lat' dir='ltr'>existendo,</span> <span class='ocrx_word' id='word_1_94' title='bbox 1410 1275 1598 1324; x_wconf 89' lang='lat' dir='ltr'>tamen</span> <span class='ocrx_word' id='word_1_95' title='bbox 1660 1277 1927 1342; x_wconf 71' lang='lat' dir='ltr'>naturam</span> <span class='ocrx_word' id='word_1_96' title='bbox 1972 1288 2104 1342; x_wconf 85' lang='lat' dir='ltr'>pro-</span> 
     </span>
    </p>
   </div>
   <div class='ocr_carea' id='block_1_15' title="bbox 410 1341 2105 1429">
    <p class='ocr_par' dir='ltr' id='par_1_15' title="bbox 410 1341 2105 1429">
     <span class='ocr_line' id='line_1_15' title="bbox 410 1341 2105 1429; baseline 0.003 -22"><span class='ocrx_word' id='word_1_97' title='bbox 410 1355 596 1425; x_wconf 90' lang='lat' dir='ltr'>priam</span> <span class='ocrx_word' id='word_1_98' title='bbox 634 1372 748 1410; x_wconf 91' lang='lat' dir='ltr'>non</span> <span class='ocrx_word' id='word_1_99' title='bbox 782 1341 1051 1411; x_wconf 71' lang='lat' dir='ltr'>amittunt</span> <span class='ocrx_word' id='word_1_100' title='bbox 1081 1373 1193 1427; x_wconf 89' lang='lat' dir='ltr'>qua</span> <span class='ocrx_word' id='word_1_101' title='bbox 1234 1358 1393 1429; x_wconf 91' lang='lat' dir='ltr'>prius</span> <span class='ocrx_word' id='word_1_102' title='bbox 1428 1374 1601 1429; x_wconf 90' lang='lat' dir='ltr'>quam</span> <span class='ocrx_word' id='word_1_103' title='bbox 1647 1358 1872 1424; x_wconf 89' lang='lat' dir='ltr'>ﬁerent,</span> <span class='ocrx_word' id='word_1_104' title='bbox 1908 1341 2105 1413; x_wconf 80' lang='lat' dir='ltr'>etiam</span> 
     </span>
    </p>
   </div>
   <div class='ocr_carea' id='block_1_16' title="bbox 412 1446 1163 1516">
    <p class='ocr_par' dir='ltr' id='par_1_16' title="bbox 412 1446 1163 1516">
     <span class='ocr_line' id='line_1_16' title="bbox 412 1446 1163 1516; baseline 0.004 -21"><span class='ocrx_word' id='word_1_105' title='bbox 412 1459 525 1496; x_wconf 92' lang='lat' dir='ltr'>non</span> <span class='ocrx_word' id='word_1_106' title='bbox 563 1446 790 1498; x_wconf 86' lang='lat' dir='ltr'>evenire</span> <span class='ocrx_word' id='word_1_107' title='bbox 823 1447 1163 1516; x_wconf 89' lang='lat' dir='ltr'>potuissent.</span> 
     </span>
    </p>
   </div>
   <div class='ocr_carea' id='block_1_17' title="bbox 413 1549 2109 1619">
    <p class='ocr_par' dir='ltr' id='par_1_17' title="bbox 413 1549 2109 1619">
     <span class='ocr_line' id='line_1_17' title="bbox 413 1549 2109 1619; baseline 0.003 -16"><span class='ocrx_word' id='word_1_108' title='bbox 413 1549 540 1603; x_wconf 76' lang='lat' dir='ltr'>CAP.</span> <span class='ocrx_word' id='word_1_109' title='bbox 566 1551 723 1606; x_wconf 89' lang='lat' dir='ltr'><strong>XXII.</strong></span> <span class='ocrx_word' id='word_1_110' title='bbox 775 1582 842 1591; x_wconf 91' lang='lat'>-—</span> <span class='ocrx_word' id='word_1_111' title='bbox 894 1552 1051 1617; x_wconf 95' lang='lat' dir='ltr'>Quod</span> <span class='ocrx_word' id='word_1_112' title='bbox 1094 1550 1285 1606; x_wconf 78' lang='lat' dir='ltr'>divina</span> <span class='ocrx_word' id='word_1_113' title='bbox 1337 1555 1632 1619; x_wconf 78' lang='lat' dir='ltr'>aeternitas,</span> <span class='ocrx_word' id='word_1_114' title='bbox 1678 1568 1771 1608; x_wconf 84' lang='lat' dir='ltr'>nec</span> <span class='ocrx_word' id='word_1_115' title='bbox 1798 1555 1971 1619; x_wconf 81' lang='lat' dir='ltr'>fuisse</span> <span class='ocrx_word' id='word_1_116' title='bbox 2016 1571 2109 1608; x_wconf 88' lang='lat' dir='ltr'>nec</span> 
     </span>
    </p>
   </div>
   <div class='ocr_carea' id='block_1_18' title="bbox 942 1624 1579 1688">
    <p class='ocr_par' dir='ltr' id='par_1_18' title="bbox 942 1624 1579 1688">
     <span class='ocr_line' id='line_1_18' title="bbox 942 1624 1579 1688; baseline 0.003 -12"><span class='ocrx_word' id='word_1_117' title='bbox 942 1626 1191 1688; x_wconf 84' lang='lat' dir='ltr'>futurum</span> <span class='ocrx_word' id='word_1_118' title='bbox 1223 1638 1333 1677; x_wconf 86' lang='lat' dir='ltr'>esse</span> <span class='ocrx_word' id='word_1_119' title='bbox 1367 1624 1579 1678; x_wconf 80' lang='lat' dir='ltr'>habeat.</span> 
     </span>
    </p>
   </div>
   <div class='ocr_carea' id='block_1_19' title="bbox 483 1710 2110 1781">
    <p class='ocr_par' dir='ltr' id='par_1_19' title="bbox 483 1710 2110 1781">
     <span class='ocr_line' id='line_1_19' title="bbox 483 1710 2110 1781; baseline 0.002 -19"><span class='ocrx_word' id='word_1_120' title='bbox 483 1710 670 1775; x_wconf 85' lang='lat' dir='ltr'>(Greg.</span> <span class='ocrx_word' id='word_1_121' title='bbox 731 1712 790 1762; x_wconf 82' lang='lat' dir='ltr'>in</span> <span class='ocrx_word' id='word_1_122' title='bbox 841 1715 953 1764; x_wconf 80' lang='lat' dir='ltr'>suis</span> <span class='ocrx_word' id='word_1_123' title='bbox 1005 1710 1349 1779; x_wconf 71' lang='lat' dir='ltr'>litoralibus.)</span> <span class='ocrx_word' id='word_1_124' title='bbox 1402 1711 1508 1764; x_wconf 91' lang='lat' dir='ltr'>Sed</span> <span class='ocrx_word' id='word_1_125' title='bbox 1575 1711 1709 1781; x_wconf 88' lang='lat' dir='ltr'>quia</span> <span class='ocrx_word' id='word_1_126' title='bbox 1757 1713 1959 1766; x_wconf 89' lang='lat' dir='ltr'>beatus</span> <span class='ocrx_word' id='word_1_127' title='bbox 2005 1713 2110 1767; x_wconf 83' lang='lat' dir='ltr'>Job</span> 
     </span>
    </p>
   </div>
   <div class='ocr_carea' id='block_1_20' title="bbox 414 1798 2107 1868">
    <p class='ocr_par' dir='ltr' id='par_1_20' title="bbox 414 1798 2107 1868">
     <span class='ocr_line' id='line_1_20' title="bbox 414 1798 2107 1868; baseline 0.002 -18"><span class='ocrx_word' id='word_1_128' title='bbox 414 1802 607 1851; x_wconf 86' lang='lat' dir='ltr'>sancto</span> <span class='ocrx_word' id='word_1_129' title='bbox 637 1799 922 1851; x_wconf 74' lang='lat' dir='ltr'>zeternatis</span> <span class='ocrx_word' id='word_1_130' title='bbox 956 1798 1159 1868; x_wconf 88' lang='lat' dir='ltr'>spiritu</span> <span class='ocrx_word' id='word_1_131' title='bbox 1187 1798 1481 1868; x_wconf 89' lang='lat' dir='ltr'>impletur,</span> <span class='ocrx_word' id='word_1_132' title='bbox 1517 1805 1573 1851; x_wconf 89' lang='lat' dir='ltr'>et</span> <span class='ocrx_word' id='word_1_133' title='bbox 1602 1800 1775 1853; x_wconf 86' lang='lat' dir='ltr'>fuisse</span> <span class='ocrx_word' id='word_1_134' title='bbox 1817 1801 1901 1853; x_wconf 87' lang='lat' dir='ltr'>vel</span> <span class='ocrx_word' id='word_1_135' title='bbox 1950 1800 2107 1854; x_wconf 86' lang='lat' dir='ltr'>futu-</span> 
     </span>
    </p>
   </div>
   <div class='ocr_carea' id='block_1_21' title="bbox 412 1887 2112 1959">
    <p class='ocr_par' dir='ltr' id='par_1_21' title="bbox 412 1887 2112 1959">
     <span class='ocr_line' id='line_1_21' title="bbox 412 1887 2112 1959; baseline 0.003 -22"><span class='ocrx_word' id='word_1_136' title='bbox 412 1900 540 1938; x_wconf 86' lang='lat' dir='ltr'>rum</span> <span class='ocrx_word' id='word_1_137' title='bbox 573 1902 694 1938; x_wconf 90' lang='lat' dir='ltr'>esse</span> <span class='ocrx_word' id='word_1_138' title='bbox 727 1887 1016 1939; x_wconf 65' lang='lat' dir='ltr'>aeternitas</span> <span class='ocrx_word' id='word_1_139' title='bbox 1049 1903 1162 1940; x_wconf 91' lang='lat' dir='ltr'>non</span> <span class='ocrx_word' id='word_1_140' title='bbox 1193 1887 1386 1952; x_wconf 75' lang='lat' dir='ltr'>habet,</span> <span class='ocrx_word' id='word_1_141' title='bbox 1419 1888 1509 1939; x_wconf 93' lang='lat' dir='ltr'>cui</span> <span class='ocrx_word' id='word_1_142' title='bbox 1542 1887 1818 1941; x_wconf 88' lang='lat' dir='ltr'>nimirum</span> <span class='ocrx_word' id='word_1_143' title='bbox 1843 1904 1943 1941; x_wconf 90' lang='lat' dir='ltr'>nec</span> <span class='ocrx_word' id='word_1_144' title='bbox 1970 1905 2112 1959; x_wconf 70' lang='lat' dir='ltr'>prae-</span> 
     </span>
    </p>
   </div>
   <div class='ocr_carea' id='block_1_22' title="bbox 414 1977 2112 2047">
    <p class='ocr_par' dir='ltr' id='par_1_22' title="bbox 414 1977 2112 2047">
     <span class='ocr_line' id='line_1_22' title="bbox 414 1977 2112 2047; baseline 0.002 -20"><span class='ocrx_word' id='word_1_145' title='bbox 414 1978 583 2027; x_wconf 86' lang='lat' dir='ltr'>terita</span> <span class='ocrx_word' id='word_1_146' title='bbox 612 1980 931 2040; x_wconf 89' lang='lat' dir='ltr'>transeunt,</span> <span class='ocrx_word' id='word_1_147' title='bbox 965 1991 1069 2028; x_wconf 89' lang='lat' dir='ltr'>nec</span> <span class='ocrx_word' id='word_1_148' title='bbox 1109 1991 1237 2046; x_wconf 73' lang='lat' dir='ltr'>quae</span> <span class='ocrx_word' id='word_1_149' title='bbox 1273 1977 1463 2028; x_wconf 71' lang='lat' dir='ltr'>l‘utura</span> <span class='ocrx_word' id='word_1_150' title='bbox 1493 1982 1623 2029; x_wconf 90' lang='lat' dir='ltr'>sunt</span> <span class='ocrx_word' id='word_1_151' title='bbox 1652 1977 1891 2030; x_wconf 87' lang='lat' dir='ltr'>veniunt</span> <span class='ocrx_word' id='word_1_152' title='bbox 1919 1993 1933 2030; x_wconf 87' lang='lat'><strong>:</strong></span> <span class='ocrx_word' id='word_1_153' title='bbox 1976 1977 2112 2047; x_wconf 87' lang='lat' dir='ltr'>quia</span> 
     </span>
    </p>
   </div>
   <div class='ocr_carea' id='block_1_23' title="bbox 414 2064 1238 2132">
    <p class='ocr_par' dir='ltr' id='par_1_23' title="bbox 414 2064 1238 2132">
     <span class='ocr_line' id='line_1_23' title="bbox 414 2064 1238 2132; baseline 0.004 -18"><span class='ocrx_word' id='word_1_154' title='bbox 414 2068 618 2114; x_wconf 90' lang='lat' dir='ltr'>cuncta</span> <span class='ocrx_word' id='word_1_155' title='bbox 649 2078 752 2130; x_wconf 90' lang='lat' dir='ltr'>per</span> <span class='ocrx_word' id='word_1_156' title='bbox 782 2079 1037 2132; x_wconf 65' lang='lat' dir='ltr'>praesens</span> <span class='ocrx_word' id='word_1_157' title='bbox 1067 2064 1238 2117; x_wconf 89' lang='lat' dir='ltr'>videt.</span> 
     </span>
    </p>
   </div>
   <div class='ocr_carea' id='block_1_24' title="bbox 414 2148 2112 2222">
    <p class='ocr_par' dir='ltr' id='par_1_24' title="bbox 414 2148 2112 2222">
     <span class='ocr_line' id='line_1_24' title="bbox 414 2148 2112 2222; baseline 0.002 -19"><span class='ocrx_word' id='word_1_158' title='bbox 414 2148 541 2203; x_wconf 81' lang='lat' dir='ltr'>CAP.</span> <span class='ocrx_word' id='word_1_159' title='bbox 570 2151 747 2204; x_wconf 89' lang='lat' dir='ltr'><strong>XXIII.</strong></span> <span class='ocrx_word' id='word_1_160' title='bbox 782 2182 849 2189; x_wconf 92' lang='lat'>—</span> <span class='ocrx_word' id='word_1_161' title='bbox 873 2152 1027 2218; x_wconf 81' lang='lat' dir='ltr'>Quod</span> <span class='ocrx_word' id='word_1_162' title='bbox 1051 2160 1242 2206; x_wconf 78' lang='lat' dir='ltr'>cuncta</span> <span class='ocrx_word' id='word_1_163' title='bbox 1265 2168 1385 2221; x_wconf 63' lang='lat' dir='ltr'>qum</span> <span class='ocrx_word' id='word_1_164' title='bbox 1405 2152 1708 2207; x_wconf 84' lang='lat' dir='ltr'>hominibus</span> <span class='ocrx_word' id='word_1_165' title='bbox 1727 2155 1883 2222; x_wconf 77' lang='lat' dir='ltr'>ﬁunt,</span> <span class='ocrx_word' id='word_1_166' title='bbox 1910 2154 2112 2222; x_wconf 83' lang='lat' dir='ltr'>absque</span> 
     </span>
    </p>
   </div>
   <div class='ocr_carea' id='block_1_25' title="bbox 624 2242 1897 2308">
    <p class='ocr_par' dir='ltr' id='par_1_25' title="bbox 624 2242 1897 2308">
     <span class='ocr_line' id='line_1_25' title="bbox 624 2242 1897 2308; baseline 0.002 -16"><span class='ocrx_word' id='word_1_167' title='bbox 624 2242 1005 2308; x_wconf 76' lang='lat' dir='ltr'>omnipotentis</span> <span class='ocrx_word' id='word_1_168' title='bbox 1037 2243 1237 2295; x_wconf 78' lang='lat' dir='ltr'>occulto</span> <span class='ocrx_word' id='word_1_169' title='bbox 1266 2244 1491 2296; x_wconf 82' lang='lat' dir='ltr'>consitio</span> <span class='ocrx_word' id='word_1_170' title='bbox 1515 2258 1622 2296; x_wconf 87' lang='lat' dir='ltr'>non</span> <span class='ocrx_word' id='word_1_171' title='bbox 1656 2246 1897 2297; x_wconf 84' lang='lat' dir='ltr'>veniant.</span> 
     </span>
    </p>
   </div>
   <div class='ocr_carea' id='block_1_26' title="bbox 484 2326 2109 2400">
    <p class='ocr_par' dir='ltr' id='par_1_26' title="bbox 484 2326 2109 2400">
     <span class='ocr_line' id='line_1_26' title="bbox 484 2326 2109 2400; baseline 0.002 -20"><span class='ocrx_word' id='word_1_172' title='bbox 484 2326 603 2396; x_wconf 70' lang='lat' dir='ltr'>(Em</span> <span class='ocrx_word' id='word_1_173' title='bbox 633 2329 855 2399; x_wconf 79' lang='lat' dir='ltr'>eodem.)</span> <span class='ocrx_word' id='word_1_174' title='bbox 889 2331 1053 2383; x_wconf 88' lang='lat' dir='ltr'>Nulla</span> <span class='ocrx_word' id='word_1_175' title='bbox 1084 2347 1211 2400; x_wconf 80' lang='lat' dir='ltr'>quae</span> <span class='ocrx_word' id='word_1_176' title='bbox 1246 2331 1305 2384; x_wconf 90' lang='lat' dir='ltr'>iu</span> <span class='ocrx_word' id='word_1_177' title='bbox 1352 2332 1458 2384; x_wconf 90' lang='lat' dir='ltr'>hoc</span> <span class='ocrx_word' id='word_1_178' title='bbox 1506 2332 1725 2385; x_wconf 90' lang='lat' dir='ltr'>mundo</span> <span class='ocrx_word' id='word_1_179' title='bbox 1774 2332 2109 2386; x_wconf 89' lang='lat' dir='ltr'>hominibus</span> 
     </span>
    </p>
   </div>
   <div class='ocr_carea' id='block_1_27' title="bbox 409 2412 2107 2488">
    <p class='ocr_par' dir='ltr' id='par_1_27' title="bbox 409 2412 2107 2488">
     <span class='ocr_line' id='line_1_27' title="bbox 409 2412 2107 2488; baseline 0.004 -20"><span class='ocrx_word' id='word_1_180' title='bbox 409 2412 578 2481; x_wconf 90' lang='lat' dir='ltr'>ﬁunt,</span> <span class='ocrx_word' id='word_1_181' title='bbox 609 2415 824 2487; x_wconf 86' lang='lat' dir='ltr'>absque</span> <span class='ocrx_word' id='word_1_182' title='bbox 873 2418 1283 2488; x_wconf 88' lang='lat' dir='ltr'>omnipotentis</span> <span class='ocrx_word' id='word_1_183' title='bbox 1332 2419 1434 2472; x_wconf 83' lang='lat' dir='ltr'>Dei</span> <span class='ocrx_word' id='word_1_184' title='bbox 1464 2422 1682 2473; x_wconf 91' lang='lat' dir='ltr'>occulto</span> <span class='ocrx_word' id='word_1_185' title='bbox 1740 2422 1981 2475; x_wconf 90' lang='lat' dir='ltr'>consilio</span> <span class='ocrx_word' id='word_1_186' title='bbox 2013 2438 2107 2475; x_wconf 85' lang='lat' dir='ltr'>ve-</span> 
     </span>
    </p>
   </div>
   <div class='ocr_carea' id='block_1_28' title="bbox 411 2503 2108 2578">
    <p class='ocr_par' dir='ltr' id='par_1_28' title="bbox 411 2503 2108 2578">
     <span class='ocr_line' id='line_1_28' title="bbox 411 2503 2108 2578; baseline 0.005 -22"><span class='ocrx_word' id='word_1_187' title='bbox 411 2503 596 2557; x_wconf 81' lang='lat' dir='ltr'>niunt.</span> <span class='ocrx_word' id='word_1_188' title='bbox 633 2504 772 2558; x_wconf 89' lang='lat' dir='ltr'>Nam</span> <span class='ocrx_word' id='word_1_189' title='bbox 830 2512 1033 2560; x_wconf 89' lang='lat' dir='ltr'>cuncta</span> <span class='ocrx_word' id='word_1_190' title='bbox 1082 2507 1230 2560; x_wconf 82' lang='lat' dir='ltr'>Deus</span> <span class='ocrx_word' id='word_1_191' title='bbox 1280 2514 1544 2561; x_wconf 87' lang='lat' dir='ltr'>secutura</span> <span class='ocrx_word' id='word_1_192' title='bbox 1605 2508 1929 2578; x_wconf 63' lang='lat' dir='ltr'>praesciens,</span> <span class='ocrx_word' id='word_1_193' title='bbox 1978 2515 2108 2564; x_wconf 85' lang='lat' dir='ltr'>ante</span> 
     </span>
    </p>
   </div>
   <div class='ocr_carea' id='block_1_29' title="bbox 412 2594 1998 2668">
    <p class='ocr_par' dir='ltr' id='par_1_29' title="bbox 412 2594 1998 2668">
     <span class='ocr_line' id='line_1_29' title="bbox 412 2594 1998 2668; baseline 0.004 -23"><span class='ocrx_word' id='word_1_194' title='bbox 412 2594 621 2646; x_wconf 72' lang='lat' dir='ltr'>saecula</span> <span class='ocrx_word' id='word_1_195' title='bbox 660 2594 923 2660; x_wconf 86' lang='lat' dir='ltr'>decrevit,</span> <span class='ocrx_word' id='word_1_196' title='bbox 956 2595 1203 2666; x_wconf 87' lang='lat' dir='ltr'>qualiter</span> <span class='ocrx_word' id='word_1_197' title='bbox 1231 2612 1335 2666; x_wconf 90' lang='lat' dir='ltr'>per</span> <span class='ocrx_word' id='word_1_198' title='bbox 1365 2596 1571 2649; x_wconf 75' lang='lat' dir='ltr'>saecula</span> <span class='ocrx_word' id='word_1_199' title='bbox 1603 2597 1998 2668; x_wconf 88' lang='lat' dir='ltr'>disponantur.</span> 
     </span>
    </p>
   </div>
   <div class='ocr_carea' id='block_1_30' title="bbox 823 2684 1697 2739">
    <p class='ocr_par' dir='ltr' id='par_1_30' title="bbox 823 2684 1697 2739">
     <span class='ocr_line' id='line_1_30' title="bbox 823 2684 1697 2739; baseline 0.001 -1"><span class='ocrx_word' id='word_1_200' title='bbox 823 2684 948 2738; x_wconf 77' lang='lat' dir='ltr'>CAP.</span> <span class='ocrx_word' id='word_1_201' title='bbox 980 2685 1153 2738; x_wconf 89' lang='lat' dir='ltr'><strong>XXIV.</strong></span> <span class='ocrx_word' id='word_1_202' title='bbox 1196 2715 1264 2724; x_wconf 95' lang='lat'>—</span> <span class='ocrx_word' id='word_1_203' title='bbox 1292 2685 1370 2738; x_wconf 88' lang='lat' dir='ltr'>De</span> <span class='ocrx_word' id='word_1_204' title='bbox 1398 2685 1582 2739; x_wconf 86' lang='lat' dir='ltr'>eadem</span> <span class='ocrx_word' id='word_1_205' title='bbox 1620 2702 1697 2739; x_wconf 90' lang='lat' dir='ltr'>re.</span> 
     </span>
    </p>
   </div>
   <div class='ocr_carea' id='block_1_31' title="bbox 486 2770 2106 2846">
    <p class='ocr_par' dir='ltr' id='par_1_31' title="bbox 486 2770 2106 2846">
     <span class='ocr_line' id='line_1_31' title="bbox 486 2770 2106 2846; baseline 0.003 -22"><span class='ocrx_word' id='word_1_206' title='bbox 486 2770 604 2841; x_wconf 69' lang='lat' dir='ltr'>(Em</span> <span class='ocrx_word' id='word_1_207' title='bbox 626 2772 849 2842; x_wconf 77' lang='lat' dir='ltr'>eodem.)</span> <span class='ocrx_word' id='word_1_208' title='bbox 882 2774 990 2827; x_wconf 83' lang='lat' dir='ltr'>Nec</span> <span class='ocrx_word' id='word_1_209' title='bbox 1022 2775 1305 2843; x_wconf 84' lang='lat' dir='ltr'>propheta</span> <span class='ocrx_word' id='word_1_210' title='bbox 1351 2774 1529 2845; x_wconf 77' lang='lat' dir='ltr'>igitur</span> <span class='ocrx_word' id='word_1_211' title='bbox 1568 2776 1735 2828; x_wconf 82' lang='lat' dir='ltr'>fallax</span> <span class='ocrx_word' id='word_1_212' title='bbox 1785 2775 1919 2846; x_wconf 87' lang='lat' dir='ltr'>quia</span> <span class='ocrx_word' id='word_1_213' title='bbox 1962 2780 2106 2830; x_wconf 85' lang='lat' dir='ltr'>tem-</span> 
     </span>
    </p>
   </div>
   <div class='ocr_carea' id='block_1_32' title="bbox 414 2861 2103 2932">
    <p class='ocr_par' dir='ltr' id='par_1_32' title="bbox 414 2861 2103 2932">
     <span class='ocr_line' id='line_1_32' title="bbox 414 2861 2103 2932; baseline 0.004 -21"><span class='ocrx_word' id='word_1_214' title='bbox 414 2874 521 2928; x_wconf 88' lang='lat' dir='ltr'>pus</span> <span class='ocrx_word' id='word_1_215' title='bbox 551 2861 749 2914; x_wconf 88' lang='lat' dir='ltr'>mortis</span> <span class='ocrx_word' id='word_1_216' title='bbox 781 2861 1049 2928; x_wconf 90' lang='lat' dir='ltr'>innotuit,</span> <span class='ocrx_word' id='word_1_217' title='bbox 1084 2879 1198 2932; x_wconf 90' lang='lat' dir='ltr'>quo</span> <span class='ocrx_word' id='word_1_218' title='bbox 1255 2863 1340 2915; x_wconf 89' lang='lat' dir='ltr'>vir</span> <span class='ocrx_word' id='word_1_219' title='bbox 1372 2864 1465 2915; x_wconf 91' lang='lat' dir='ltr'>ille</span> <span class='ocrx_word' id='word_1_220' title='bbox 1526 2864 1668 2917; x_wconf 90' lang='lat' dir='ltr'>mori</span> <span class='ocrx_word' id='word_1_221' title='bbox 1730 2865 2059 2918; x_wconf 81' lang='lat' dir='ltr'>merebatur</span> <span class='ocrx_word' id='word_1_222' title='bbox 2091 2881 2103 2918; x_wconf 92' lang='lat'><strong>:</strong></span> 
     </span>
    </p>
   </div>
   <div class='ocr_carea' id='block_1_33' title="bbox 2216 474 3915 550">
    <p class='ocr_par' dir='ltr' id='par_1_33' title="bbox 2216 474 3915 550">
     <span class='ocr_line' id='line_1_33' title="bbox 2216 474 3915 550; baseline 0.005 -25"><span class='ocrx_word' id='word_1_223' title='bbox 2216 474 2331 527; x_wconf 89' lang='lat' dir='ltr'>vita</span> <span class='ocrx_word' id='word_1_224' title='bbox 2360 488 2734 544; x_wconf 76' lang='lat' dir='ltr'>perpoenam,</span> <span class='ocrx_word' id='word_1_225' title='bbox 2794 482 2851 527; x_wconf 88' lang='lat' dir='ltr'>et</span> <span class='ocrx_word' id='word_1_226' title='bbox 2907 475 3115 544; x_wconf 89' lang='lat' dir='ltr'>quietis</span> <span class='ocrx_word' id='word_1_227' title='bbox 3176 477 3580 546; x_wconf 83' lang='lat' dir='ltr'>tranquillitas,</span> <span class='ocrx_word' id='word_1_228' title='bbox 3636 496 3763 550; x_wconf 67' lang='lat' dir='ltr'>quae</span> <span class='ocrx_word' id='word_1_229' title='bbox 3824 480 3915 534; x_wconf 90' lang='lat' dir='ltr'>hic</span> 
     </span>
    </p>
   </div>
   <div class='ocr_carea' id='block_1_34' title="bbox 2217 561 3308 633">
    <p class='ocr_par' dir='ltr' id='par_1_34' title="bbox 2217 561 3308 633">
     <span class='ocr_line' id='line_1_34' title="bbox 2217 561 3308 633; baseline 0.002 -18"><span class='ocrx_word' id='word_1_230' title='bbox 2217 561 2463 615; x_wconf 85' lang='lat' dir='ltr'>inveniri</span> <span class='ocrx_word' id='word_1_231' title='bbox 2492 579 2606 616; x_wconf 92' lang='lat' dir='ltr'>non</span> <span class='ocrx_word' id='word_1_232' title='bbox 2638 564 2805 628; x_wconf 86' lang='lat' dir='ltr'>valet,</span> <span class='ocrx_word' id='word_1_233' title='bbox 2830 563 2966 616; x_wconf 89' lang='lat' dir='ltr'>alibi</span> <span class='ocrx_word' id='word_1_234' title='bbox 2997 572 3308 633; x_wconf 68' lang='lat' dir='ltr'>quaeratur.</span> 
     </span>
    </p>
   </div>
   <div class='ocr_carea' id='block_1_35' title="bbox 2218 668 3913 740">
    <p class='ocr_par' dir='ltr' id='par_1_35' title="bbox 2218 668 3913 740">
     <span class='ocr_line' id='line_1_35' title="bbox 2218 668 3913 740; baseline 0.003 -18"><span class='ocrx_word' id='word_1_235' title='bbox 2218 668 2345 722; x_wconf 79' lang='lat' dir='ltr'>CAP.</span> <span class='ocrx_word' id='word_1_236' title='bbox 2378 669 2585 724; x_wconf 80' lang='lat' dir='ltr'><strong>XXVII.</strong></span> <span class='ocrx_word' id='word_1_237' title='bbox 2615 698 2678 710; x_wconf 78' lang='lat'>-—</span> <span class='ocrx_word' id='word_1_238' title='bbox 2706 668 2862 734; x_wconf 86' lang='lat' dir='ltr'>Quod</span> <span class='ocrx_word' id='word_1_239' title='bbox 2881 671 3015 723; x_wconf 87' lang='lat' dir='ltr'>Deus</span> <span class='ocrx_word' id='word_1_240' title='bbox 3036 675 3227 723; x_wconf 86' lang='lat' dir='ltr'>cuncta</span> <span class='ocrx_word' id='word_1_241' title='bbox 3248 670 3525 740; x_wconf 75' lang='lat' dir='ltr'>disponat,</span> <span class='ocrx_word' id='word_1_242' title='bbox 3549 678 3599 725; x_wconf 86' lang='lat' dir='ltr'>et</span> <span class='ocrx_word' id='word_1_243' title='bbox 3619 674 3913 728; x_wconf 81' lang='lat' dir='ltr'>consideret</span> 
     </span>
    </p>
   </div>
   <div class='ocr_carea' id='block_1_36' title="bbox 2764 742 3354 809">
    <p class='ocr_par' dir='ltr' id='par_1_36' title="bbox 2764 742 3354 809">
     <span class='ocr_line' id='line_1_36' title="bbox 2764 742 3354 809; baseline 0.005 -17"><span class='ocrx_word' id='word_1_244' title='bbox 2764 742 3137 794; x_wconf 79' lang='lat' dir='ltr'>universorum</span> <span class='ocrx_word' id='word_1_245' title='bbox 3176 744 3354 809; x_wconf 84' lang='lat' dir='ltr'>ﬁnem.</span> 
     </span>
    </p>
   </div>
   <div class='ocr_carea' id='block_1_37' title="bbox 2290 827 3913 898">
    <p class='ocr_par' dir='ltr' id='par_1_37' title="bbox 2290 827 3913 898">
     <span class='ocr_line' id='line_1_37' title="bbox 2290 827 3913 898; baseline 0.003 -18"><span class='ocrx_word' id='word_1_246' title='bbox 2290 827 2398 896; x_wconf 78' lang='lat' dir='ltr'>(Ea:</span> <span class='ocrx_word' id='word_1_247' title='bbox 2427 828 2646 890; x_wconf 84' lang='lat' dir='ltr'>eodem.)</span> <span class='ocrx_word' id='word_1_248' title='bbox 2678 828 2926 897; x_wconf 87' lang='lat' dir='ltr'>Tempus</span> <span class='ocrx_word' id='word_1_249' title='bbox 2948 844 3084 898; x_wconf 88' lang='lat' dir='ltr'>ergo</span> <span class='ocrx_word' id='word_1_250' title='bbox 3139 830 3332 898; x_wconf 90' lang='lat' dir='ltr'>posuit</span> <span class='ocrx_word' id='word_1_251' title='bbox 3391 830 3661 896; x_wconf 88' lang='lat' dir='ltr'>tenebris,</span> <span class='ocrx_word' id='word_1_252' title='bbox 3700 837 3757 885; x_wconf 88' lang='lat' dir='ltr'>et</span> <span class='ocrx_word' id='word_1_253' title='bbox 3787 832 3913 885; x_wconf 90' lang='lat' dir='ltr'>uni-</span> 
     </span>
    </p>
   </div>
   <div class='ocr_carea' id='block_1_38' title="bbox 2218 915 3913 986">
    <p class='ocr_par' dir='ltr' id='par_1_38' title="bbox 2218 915 3913 986">
     <span class='ocr_line' id='line_1_38' title="bbox 2218 915 3913 986; baseline 0.005 -21"><span class='ocrx_word' id='word_1_254' title='bbox 2218 929 2512 968; x_wconf 89' lang='lat' dir='ltr'>versorum</span> <span class='ocrx_word' id='word_1_255' title='bbox 2561 915 2737 969; x_wconf 87' lang='lat' dir='ltr'>ﬁnem</span> <span class='ocrx_word' id='word_1_256' title='bbox 2788 917 2909 986; x_wconf 90' lang='lat' dir='ltr'>ipse</span> <span class='ocrx_word' id='word_1_257' title='bbox 2945 916 3289 969; x_wconf 88' lang='lat' dir='ltr'>considerat.</span> <span class='ocrx_word' id='word_1_258' title='bbox 3346 919 3747 973; x_wconf 88' lang='lat' dir='ltr'>Universorum</span> <span class='ocrx_word' id='word_1_259' title='bbox 3811 937 3913 973; x_wconf 88' lang='lat' dir='ltr'>no-</span> 
     </span>
    </p>
   </div>
   <div class='ocr_carea' id='block_1_39' title="bbox 2220 1003 3909 1078">
    <p class='ocr_par' dir='ltr' id='par_1_39' title="bbox 2220 1003 3909 1078">
     <span class='ocr_line' id='line_1_39' title="bbox 2220 1003 3909 1078; baseline 0.005 -23"><span class='ocrx_word' id='word_1_260' title='bbox 2220 1003 2396 1069; x_wconf 90' lang='lat' dir='ltr'>mine,</span> <span class='ocrx_word' id='word_1_261' title='bbox 2448 1010 2504 1058; x_wconf 88' lang='lat' dir='ltr'>et</span> <span class='ocrx_word' id='word_1_262' title='bbox 2552 1006 2759 1059; x_wconf 90' lang='lat' dir='ltr'>electos</span> <span class='ocrx_word' id='word_1_263' title='bbox 2838 1005 3015 1058; x_wconf 91' lang='lat' dir='ltr'>voluit</span> <span class='ocrx_word' id='word_1_264' title='bbox 3068 1011 3124 1059; x_wconf 92' lang='lat' dir='ltr'>et</span> <span class='ocrx_word' id='word_1_265' title='bbox 3167 1006 3443 1076; x_wconf 88' lang='lat' dir='ltr'>reprobos</span> <span class='ocrx_word' id='word_1_266' title='bbox 3472 1008 3909 1078; x_wconf 89' lang='lat' dir='ltr'>comprehendi.</span> 
     </span>
    </p>
   </div>
   <div class='ocr_carea' id='block_1_40' title="bbox 2219 1092 3914 1162">
    <p class='ocr_par' dir='ltr' id='par_1_40' title="bbox 2219 1092 3914 1162">
     <span class='ocr_line' id='line_1_40' title="bbox 2219 1092 3914 1162; baseline 0.002 -17"><span class='ocrx_word' id='word_1_267' title='bbox 2219 1092 2360 1145; x_wconf 80' lang='lat' dir='ltr'>Nam</span> <span class='ocrx_word' id='word_1_268' title='bbox 2388 1092 2541 1146; x_wconf 90' lang='lat' dir='ltr'>bona</span> <span class='ocrx_word' id='word_1_269' title='bbox 2570 1094 2783 1147; x_wconf 83' lang='lat' dir='ltr'>faciens</span> <span class='ocrx_word' id='word_1_270' title='bbox 2820 1100 2877 1147; x_wconf 92' lang='lat' dir='ltr'>et</span> <span class='ocrx_word' id='word_1_271' title='bbox 2929 1094 3200 1147; x_wconf 89' lang='lat' dir='ltr'>ordinans</span> <span class='ocrx_word' id='word_1_272' title='bbox 3257 1096 3422 1162; x_wconf 92' lang='lat' dir='ltr'>Deus,</span> <span class='ocrx_word' id='word_1_273' title='bbox 3483 1097 3633 1150; x_wconf 86' lang='lat' dir='ltr'>mala</span> <span class='ocrx_word' id='word_1_274' title='bbox 3684 1113 3798 1151; x_wconf 92' lang='lat' dir='ltr'>non</span> <span class='ocrx_word' id='word_1_275' title='bbox 3831 1097 3914 1150; x_wconf 89' lang='lat' dir='ltr'>fa-</span> 
     </span>
    </p>
   </div>
   <div class='ocr_carea' id='block_1_41' title="bbox 2219 1178 3916 1255">
    <p class='ocr_par' dir='ltr' id='par_1_41' title="bbox 2219 1178 3916 1255">
     <span class='ocr_line' id='line_1_41' title="bbox 2219 1178 3916 1255; baseline 0.005 -25"><span class='ocrx_word' id='word_1_276' title='bbox 2219 1178 2392 1243; x_wconf 90' lang='lat' dir='ltr'>ciens,</span> <span class='ocrx_word' id='word_1_277' title='bbox 2425 1181 2519 1234; x_wconf 91' lang='lat' dir='ltr'>sed</span> <span class='ocrx_word' id='word_1_278' title='bbox 2574 1183 2643 1234; x_wconf 91' lang='lat' dir='ltr'>ab</span> <span class='ocrx_word' id='word_1_279' title='bbox 2682 1181 2897 1252; x_wconf 88' lang='lat' dir='ltr'>iniquis</span> <span class='ocrx_word' id='word_1_280' title='bbox 2950 1182 3116 1250; x_wconf 89' lang='lat' dir='ltr'>facta,</span> <span class='ocrx_word' id='word_1_281' title='bbox 3180 1198 3248 1236; x_wconf 90' lang='lat' dir='ltr'>ne</span> <span class='ocrx_word' id='word_1_282' title='bbox 3308 1183 3629 1238; x_wconf 85' lang='lat' dir='ltr'>inordinate</span> <span class='ocrx_word' id='word_1_283' title='bbox 3666 1185 3916 1255; x_wconf 89' lang='lat' dir='ltr'>|veniant</span> 
     </span>
    </p>
   </div>
   <div class='ocr_carea' id='block_1_42' title="bbox 2219 1266 3913 1342">
    <p class='ocr_par' dir='ltr' id='par_1_42' title="bbox 2219 1266 3913 1342">
     <span class='ocr_line' id='line_1_42' title="bbox 2219 1266 3913 1342; baseline 0.004 -23"><span class='ocrx_word' id='word_1_284' title='bbox 2219 1266 2340 1338; x_wconf 87' lang='lat' dir='ltr'>ipse</span> <span class='ocrx_word' id='word_1_285' title='bbox 2377 1269 2705 1339; x_wconf 85' lang='lat' dir='ltr'>disponens,</span> <span class='ocrx_word' id='word_1_286' title='bbox 2740 1270 3059 1325; x_wconf 89' lang='lat' dir='ltr'>considerat</span> <span class='ocrx_word' id='word_1_287' title='bbox 3088 1267 3482 1325; x_wconf 88' lang='lat' dir='ltr'>universorum</span> <span class='ocrx_word' id='word_1_288' title='bbox 3509 1273 3703 1339; x_wconf 88' lang='lat' dir='ltr'>tinem,</span> <span class='ocrx_word' id='word_1_289' title='bbox 3739 1278 3795 1326; x_wconf 87' lang='lat' dir='ltr'>et</span> <span class='ocrx_word' id='word_1_290' title='bbox 3811 1289 3913 1342; x_wconf 90' lang='lat' dir='ltr'>pa-</span> 
     </span>
    </p>
   </div>
   <div class='ocr_carea' id='block_1_43' title="bbox 2218 1357 3910 1431">
    <p class='ocr_par' dir='ltr' id='par_1_43' title="bbox 2218 1357 3910 1431">
     <span class='ocr_line' id='line_1_43' title="bbox 2218 1357 3910 1431; baseline 0.004 -23"><span class='ocrx_word' id='word_1_291' title='bbox 2218 1357 2429 1410; x_wconf 85' lang='lat' dir='ltr'>tienter</span> <span class='ocrx_word' id='word_1_292' title='bbox 2457 1359 2664 1412; x_wconf 88' lang='lat' dir='ltr'>tolerat</span> <span class='ocrx_word' id='word_1_293' title='bbox 2702 1359 2917 1425; x_wconf 87' lang='lat' dir='ltr'>omnia,</span> <span class='ocrx_word' id='word_1_294' title='bbox 2958 1366 3131 1431; x_wconf 89' lang='lat' dir='ltr'>atque</span> <span class='ocrx_word' id='word_1_295' title='bbox 3172 1359 3429 1414; x_wconf 89' lang='lat' dir='ltr'>intuetur</span> <span class='ocrx_word' id='word_1_296' title='bbox 3468 1361 3749 1414; x_wconf 90' lang='lat' dir='ltr'>malorum</span> <span class='ocrx_word' id='word_1_297' title='bbox 3794 1366 3910 1414; x_wconf 85' lang='lat' dir='ltr'>ter-</span> 
     </span>
    </p>
   </div>
   <div class='ocr_carea' id='block_1_44' title="bbox 2220 1444 3913 1516">
    <p class='ocr_par' dir='ltr' id='par_1_44' title="bbox 2220 1444 3913 1516">
     <span class='ocr_line' id='line_1_44' title="bbox 2220 1444 3913 1516; baseline 0.002 -19"><span class='ocrx_word' id='word_1_298' title='bbox 2220 1444 2466 1513; x_wconf 89' lang='lat' dir='ltr'>minum,</span> <span class='ocrx_word' id='word_1_299' title='bbox 2497 1462 2610 1516; x_wconf 92' lang='lat' dir='ltr'>quo</span> <span class='ocrx_word' id='word_1_300' title='bbox 2642 1462 2709 1500; x_wconf 82' lang='lat' dir='ltr'>ex</span> <span class='ocrx_word' id='word_1_301' title='bbox 2743 1448 2893 1500; x_wconf 88' lang='lat' dir='ltr'>malo</span> <span class='ocrx_word' id='word_1_302' title='bbox 2927 1454 3223 1501; x_wconf 89' lang='lat' dir='ltr'>mutentur</span> <span class='ocrx_word' id='word_1_303' title='bbox 3251 1449 3316 1501; x_wconf 90' lang='lat' dir='ltr'>ad</span> <span class='ocrx_word' id='word_1_304' title='bbox 3369 1449 3601 1502; x_wconf 88' lang='lat' dir='ltr'>bonum.</span> <span class='ocrx_word' id='word_1_305' title='bbox 3651 1450 3913 1503; x_wconf 88' lang='lat' dir='ltr'>Intuetur</span> 
     </span>
    </p>
   </div>
   <div class='ocr_carea' id='block_1_45' title="bbox 2220 1533 3911 1607">
    <p class='ocr_par' dir='ltr' id='par_1_45' title="bbox 2220 1533 3911 1607">
     <span class='ocr_line' id='line_1_45' title="bbox 2220 1533 3911 1607; baseline 0.003 -23"><span class='ocrx_word' id='word_1_306' title='bbox 2220 1533 2389 1585; x_wconf 90' lang='lat' dir='ltr'>etiam</span> <span class='ocrx_word' id='word_1_307' title='bbox 2424 1535 2802 1603; x_wconf 86' lang='lat' dir='ltr'>reproborum</span> <span class='ocrx_word' id='word_1_308' title='bbox 2831 1535 3023 1596; x_wconf 88' lang='lat' dir='ltr'>ﬁnem,</span> <span class='ocrx_word' id='word_1_309' title='bbox 3056 1552 3169 1605; x_wconf 93' lang='lat' dir='ltr'>quo</span> <span class='ocrx_word' id='word_1_310' title='bbox 3208 1536 3277 1589; x_wconf 90' lang='lat' dir='ltr'>de</span> <span class='ocrx_word' id='word_1_311' title='bbox 3306 1538 3454 1589; x_wconf 91' lang='lat' dir='ltr'>malo</span> <span class='ocrx_word' id='word_1_312' title='bbox 3506 1553 3699 1606; x_wconf 90' lang='lat' dir='ltr'>opere,</span> <span class='ocrx_word' id='word_1_313' title='bbox 3748 1537 3911 1607; x_wconf 84' lang='lat' dir='ltr'>digni</span> 
     </span>
    </p>
   </div>
   <div class='ocr_carea' id='block_1_46' title="bbox 2220 1622 3913 1695">
    <p class='ocr_par' dir='ltr' id='par_1_46' title="bbox 2220 1622 3913 1695">
     <span class='ocr_line' id='line_1_46' title="bbox 2220 1622 3913 1695; baseline 0.002 -21"><span class='ocrx_word' id='word_1_314' title='bbox 2220 1622 2522 1675; x_wconf 87' lang='lat' dir='ltr'>trahantur</span> <span class='ocrx_word' id='word_1_315' title='bbox 2548 1623 2618 1676; x_wconf 91' lang='lat' dir='ltr'>ad</span> <span class='ocrx_word' id='word_1_316' title='bbox 2668 1623 3032 1693; x_wconf 89' lang='lat' dir='ltr'>supplicium.</span> <span class='ocrx_word' id='word_1_317' title='bbox 3090 1624 3242 1677; x_wconf 84' lang='lat' dir='ltr'>Vidit</span> <span class='ocrx_word' id='word_1_318' title='bbox 3294 1625 3468 1678; x_wconf 80' lang='lat' dir='ltr'>finem</span> <span class='ocrx_word' id='word_1_319' title='bbox 3517 1625 3913 1695; x_wconf 89' lang='lat' dir='ltr'>persequentis</span> 
     </span>
    </p>
   </div>
   <div class='ocr_carea' id='block_1_47' title="bbox 2221 1710 3908 1782">
    <p class='ocr_par' dir='ltr' id='par_1_47' title="bbox 2221 1710 3908 1782">
     <span class='ocr_line' id='line_1_47' title="bbox 2221 1710 3908 1782; baseline 0.002 -20"><span class='ocrx_word' id='word_1_320' title='bbox 2221 1710 2400 1774; x_wconf 90' lang='lat' dir='ltr'>Sauli,</span> <span class='ocrx_word' id='word_1_321' title='bbox 2471 1712 2612 1765; x_wconf 79' lang='lat' dir='ltr'>vidit</span> <span class='ocrx_word' id='word_1_322' title='bbox 2693 1712 2866 1765; x_wconf 86' lang='lat' dir='ltr'>ﬁnem</span> <span class='ocrx_word' id='word_1_323' title='bbox 2945 1712 3107 1782; x_wconf 87' lang='lat' dir='ltr'>quasi</span> <span class='ocrx_word' id='word_1_324' title='bbox 3186 1713 3553 1782; x_wconf 87' lang='lat' dir='ltr'>obsequentis</span> <span class='ocrx_word' id='word_1_325' title='bbox 3620 1712 3908 1781; x_wconf 88' lang='lat' dir='ltr'>discipuli,</span> 
     </span>
    </p>
   </div>
   <div class='ocr_carea' id='block_1_48' title="bbox 2219 1799 3911 1871">
    <p class='ocr_par' dir='ltr' id='par_1_48' title="bbox 2219 1799 3911 1871">
     <span class='ocr_line' id='line_1_48' title="bbox 2219 1799 3911 1871; baseline 0.002 -20"><span class='ocrx_word' id='word_1_326' title='bbox 2219 1799 2374 1868; x_wconf 89' lang='lat' dir='ltr'>quod</span> <span class='ocrx_word' id='word_1_327' title='bbox 2406 1815 2507 1869; x_wconf 90' lang='lat' dir='ltr'>pro</span> <span class='ocrx_word' id='word_1_328' title='bbox 2541 1801 2846 1853; x_wconf 89' lang='lat' dir='ltr'>commisso</span> <span class='ocrx_word' id='word_1_329' title='bbox 2876 1802 3086 1853; x_wconf 90' lang='lat' dir='ltr'>scelere</span> <span class='ocrx_word' id='word_1_330' title='bbox 3113 1806 3313 1869; x_wconf 85' lang='lat' dir='ltr'>guttur</span> <span class='ocrx_word' id='word_1_331' title='bbox 3344 1802 3549 1870; x_wconf 89' lang='lat' dir='ltr'>laqueo</span> <span class='ocrx_word' id='word_1_332' title='bbox 3578 1801 3911 1871; x_wconf 88' lang='lat' dir='ltr'>stringeret,</span> 
     </span>
    </p>
   </div>
   <div class='ocr_carea' id='block_1_49' title="bbox 2218 1889 3911 1959">
    <p class='ocr_par' dir='ltr' id='par_1_49' title="bbox 2218 1889 3911 1959">
     <span class='ocr_line' id='line_1_49' title="bbox 2218 1889 3911 1959; baseline 0.003 -21"><span class='ocrx_word' id='word_1_333' title='bbox 2218 1903 2393 1956; x_wconf 86' lang='lat' dir='ltr'>seque</span> <span class='ocrx_word' id='word_1_334' title='bbox 2422 1892 2478 1940; x_wconf 89' lang='lat' dir='ltr'>et</span> <span class='ocrx_word' id='word_1_335' title='bbox 2508 1896 2838 1957; x_wconf 86' lang='lat' dir='ltr'>peccantem</span> <span class='ocrx_word' id='word_1_336' title='bbox 2898 1890 3148 1958; x_wconf 89' lang='lat' dir='ltr'>puniret,</span> <span class='ocrx_word' id='word_1_337' title='bbox 3203 1896 3258 1942; x_wconf 88' lang='lat' dir='ltr'>et</span> <span class='ocrx_word' id='word_1_338' title='bbox 3304 1889 3554 1943; x_wconf 88' lang='lat' dir='ltr'>deterius</span> <span class='ocrx_word' id='word_1_339' title='bbox 3612 1890 3911 1959; x_wconf 90' lang='lat' dir='ltr'>puniendo</span> 
     </span>
    </p>
   </div>
   <div class='ocr_carea' id='block_1_50' title="bbox 2217 1974 3911 2048">
    <p class='ocr_par' dir='ltr' id='par_1_50' title="bbox 2217 1974 3911 2048">
     <span class='ocr_line' id='line_1_50' title="bbox 2217 1974 3911 2048; baseline 0.002 -20"><span class='ocrx_word' id='word_1_340' title='bbox 2217 1974 2526 2045; x_wconf 89' lang='lat' dir='ltr'>deciperet.</span> <span class='ocrx_word' id='word_1_341' title='bbox 2585 1977 2735 2029; x_wconf 85' lang='lat' dir='ltr'>Vidit</span> <span class='ocrx_word' id='word_1_342' title='bbox 2794 1977 3070 2029; x_wconf 83' lang='lat' dir='ltr'>Ninivitas</span> <span class='ocrx_word' id='word_1_343' title='bbox 3143 1978 3588 2048; x_wconf 85' lang='lat' dir='ltr'>delinquentes:</span> <span class='ocrx_word' id='word_1_344' title='bbox 3646 1978 3743 2031; x_wconf 88' lang='lat' dir='ltr'>sed</span> <span class='ocrx_word' id='word_1_345' title='bbox 3772 1995 3911 2032; x_wconf 88' lang='lat' dir='ltr'>con-</span> 
     </span>
    </p>
   </div>
   <div class='ocr_carea' id='block_1_51' title="bbox 2219 2063 3913 2135">
    <p class='ocr_par' dir='ltr' id='par_1_51' title="bbox 2219 2063 3913 2135">
     <span class='ocr_line' id='line_1_51' title="bbox 2219 2063 3913 2135; baseline 0.003 -19"><span class='ocrx_word' id='word_1_346' title='bbox 2219 2063 2484 2117; x_wconf 85' lang='lat' dir='ltr'>sideravit</span> <span class='ocrx_word' id='word_1_347' title='bbox 2515 2065 2690 2117; x_wconf 86' lang='lat' dir='ltr'>tinem</span> <span class='ocrx_word' id='word_1_348' title='bbox 2740 2064 3227 2135; x_wconf 82' lang='lat' dir='ltr'>delinquentium,</span> <span class='ocrx_word' id='word_1_349' title='bbox 3278 2065 3676 2134; x_wconf 81' lang='lat' dir='ltr'>paenitentiam</span> <span class='ocrx_word' id='word_1_350' title='bbox 3727 2082 3913 2121; x_wconf 89' lang='lat' dir='ltr'>corre-</span> 
     </span>
    </p>
   </div>
   <div class='ocr_carea' id='block_1_52' title="bbox 2218 2153 3909 2224">
    <p class='ocr_par' dir='ltr' id='par_1_52' title="bbox 2218 2153 3909 2224">
     <span class='ocr_line' id='line_1_52' title="bbox 2218 2153 3909 2224; baseline 0.002 -19"><span class='ocrx_word' id='word_1_351' title='bbox 2218 2157 2459 2207; x_wconf 90' lang='lat' dir='ltr'>ctorum.</span> <span class='ocrx_word' id='word_1_352' title='bbox 2489 2153 2635 2205; x_wconf 87' lang='lat' dir='ltr'>Vidit</span> <span class='ocrx_word' id='word_1_353' title='bbox 2664 2168 2895 2223; x_wconf 91' lang='lat' dir='ltr'>quoque</span> <span class='ocrx_word' id='word_1_354' title='bbox 2926 2154 3231 2206; x_wconf 89' lang='lat' dir='ltr'>Sodomam</span> <span class='ocrx_word' id='word_1_355' title='bbox 3282 2153 3714 2224; x_wconf 86' lang='lat' dir='ltr'>delinquentem</span> <span class='ocrx_word' id='word_1_356' title='bbox 3751 2172 3762 2207; x_wconf 94' lang='lat'>:</span> <span class='ocrx_word' id='word_1_357' title='bbox 3812 2155 3909 2209; x_wconf 88' lang='lat' dir='ltr'>sed</span> 
     </span>
    </p>
   </div>
   <div class='ocr_carea' id='block_1_53' title="bbox 2218 2240 3910 2312">
    <p class='ocr_par' dir='ltr' id='par_1_53' title="bbox 2218 2240 3910 2312">
     <span class='ocr_line' id='line_1_53' title="bbox 2218 2240 3910 2312; baseline 0.002 -19"><span class='ocrx_word' id='word_1_358' title='bbox 2218 2241 2595 2294; x_wconf 90' lang='lat' dir='ltr'>consideravit</span> <span class='ocrx_word' id='word_1_359' title='bbox 2651 2241 2827 2294; x_wconf 86' lang='lat' dir='ltr'>ﬁnem</span> <span class='ocrx_word' id='word_1_360' title='bbox 2908 2240 3126 2294; x_wconf 82' lang='lat' dir='ltr'>ardoris</span> <span class='ocrx_word' id='word_1_361' title='bbox 3202 2242 3468 2305; x_wconf 84' lang='lat' dir='ltr'>luxuriae,</span> <span class='ocrx_word' id='word_1_362' title='bbox 3523 2241 3721 2311; x_wconf 91' lang='lat' dir='ltr'>ignem</span> <span class='ocrx_word' id='word_1_363' title='bbox 3807 2259 3910 2312; x_wconf 88' lang='lat' dir='ltr'>ge-</span> 
     </span>
    </p>
   </div>
   <div class='ocr_carea' id='block_1_54' title="bbox 2218 2328 3911 2400">
    <p class='ocr_par' dir='ltr' id='par_1_54' title="bbox 2218 2328 3911 2400">
     <span class='ocr_line' id='line_1_54' title="bbox 2218 2328 3911 2400; baseline 0.001 -18"><span class='ocrx_word' id='word_1_364' title='bbox 2218 2329 2443 2382; x_wconf 74' lang='lat' dir='ltr'>hennae.</span> <span class='ocrx_word' id='word_1_365' title='bbox 2479 2328 2631 2382; x_wconf 87' lang='lat' dir='ltr'>Vidit</span> <span class='ocrx_word' id='word_1_366' title='bbox 2662 2329 3004 2383; x_wconf 89' lang='lat' dir='ltr'>Gentilitatis</span> <span class='ocrx_word' id='word_1_367' title='bbox 3046 2330 3241 2391; x_wconf 86' lang='lat' dir='ltr'>tinem,</span> <span class='ocrx_word' id='word_1_368' title='bbox 3298 2331 3475 2399; x_wconf 89' lang='lat' dir='ltr'>quod.</span> <span class='ocrx_word' id='word_1_369' title='bbox 3509 2346 3766 2400; x_wconf 88' lang='lat' dir='ltr'>possessa</span> <span class='ocrx_word' id='word_1_370' title='bbox 3796 2330 3911 2384; x_wconf 90' lang='lat' dir='ltr'>ini-</span> 
     </span>
    </p>
   </div>
   <div class='ocr_carea' id='block_1_55' title="bbox 2218 2418 3911 2488">
    <p class='ocr_par' dir='ltr' id='par_1_55' title="bbox 2218 2418 3911 2488">
     <span class='ocr_line' id='line_1_55' title="bbox 2218 2418 3911 2488; baseline 0.002 -18"><span class='ocrx_word' id='word_1_371' title='bbox 2218 2418 2503 2488; x_wconf 87' lang='lat' dir='ltr'>quitatum</span> <span class='ocrx_word' id='word_1_372' title='bbox 2534 2418 2804 2481; x_wconf 79' lang='lat' dir='ltr'>tenebris,</span> <span class='ocrx_word' id='word_1_373' title='bbox 2858 2418 3202 2488; x_wconf 88' lang='lat' dir='ltr'>quandoque</span> <span class='ocrx_word' id='word_1_374' title='bbox 3260 2418 3394 2472; x_wconf 89' lang='lat' dir='ltr'>ﬁdei</span> <span class='ocrx_word' id='word_1_375' title='bbox 3456 2420 3579 2472; x_wconf 90' lang='lat' dir='ltr'>luce</span> <span class='ocrx_word' id='word_1_376' title='bbox 3637 2421 3911 2474; x_wconf 87' lang='lat' dir='ltr'>claresce-</span> 
     </span>
    </p>
   </div>
   <div class='ocr_carea' id='block_1_56' title="bbox 2218 2506 3912 2578">
    <p class='ocr_par' dir='ltr' id='par_1_56' title="bbox 2218 2506 3912 2578">
     <span class='ocr_line' id='line_1_56' title="bbox 2218 2506 3912 2578; baseline 0.002 -19"><span class='ocrx_word' id='word_1_377' title='bbox 2218 2513 2327 2559; x_wconf 85' lang='lat' dir='ltr'>ret.</span> <span class='ocrx_word' id='word_1_378' title='bbox 2363 2507 2513 2560; x_wconf 85' lang='lat' dir='ltr'>Vidit</span> <span class='ocrx_word' id='word_1_379' title='bbox 2544 2506 2719 2560; x_wconf 90' lang='lat' dir='ltr'>etiam</span> <span class='ocrx_word' id='word_1_380' title='bbox 2749 2507 2966 2560; x_wconf 65' lang='lat' dir='ltr'>Judaaaa</span> <span class='ocrx_word' id='word_1_381' title='bbox 2990 2508 3327 2573; x_wconf 87' lang='lat' dir='ltr'>terminum,</span> <span class='ocrx_word' id='word_1_382' title='bbox 3366 2508 3521 2578; x_wconf 90' lang='lat' dir='ltr'>quod</span> <span class='ocrx_word' id='word_1_383' title='bbox 3568 2507 3638 2561; x_wconf 90' lang='lat' dir='ltr'>ab</span> <span class='ocrx_word' id='word_1_384' title='bbox 3664 2525 3730 2562; x_wconf 92' lang='lat' dir='ltr'>ea</span> <span class='ocrx_word' id='word_1_385' title='bbox 3788 2511 3912 2563; x_wconf 89' lang='lat' dir='ltr'>luce</span> 
     </span>
    </p>
   </div>
   <div class='ocr_carea' id='block_1_57' title="bbox 2218 2595 3907 2667">
    <p class='ocr_par' dir='ltr' id='par_1_57' title="bbox 2218 2595 3907 2667">
     <span class='ocr_line' id='line_1_57' title="bbox 2218 2595 3907 2667; baseline 0.001 -18"><span class='ocrx_word' id='word_1_386' title='bbox 2218 2595 2351 2649; x_wconf 83' lang='lat' dir='ltr'>ﬁdei</span> <span class='ocrx_word' id='word_1_387' title='bbox 2371 2611 2542 2665; x_wconf 91' lang='lat' dir='ltr'>quam</span> <span class='ocrx_word' id='word_1_388' title='bbox 2573 2597 2825 2663; x_wconf 88' lang='lat' dir='ltr'>tenebat,</span> <span class='ocrx_word' id='word_1_389' title='bbox 2857 2596 3149 2650; x_wconf 66' lang='lat' dir='ltr'>obdurataa</span> <span class='ocrx_word' id='word_1_390' title='bbox 3190 2596 3448 2667; x_wconf 78' lang='lat' dir='ltr'>perfidiae</span> <span class='ocrx_word' id='word_1_391' title='bbox 3502 2597 3757 2651; x_wconf 90' lang='lat' dir='ltr'>tenebris</span> <span class='ocrx_word' id='word_1_392' title='bbox 3811 2614 3907 2651; x_wconf 75' lang='lat' dir='ltr'>cae-</span> 
     </span>
    </p>
   </div>
   <div class='ocr_carea' id='block_1_58' title="bbox 2219 2690 2462 2738">
    <p class='ocr_par' dir='ltr' id='par_1_58' title="bbox 2219 2690 2462 2738">
     <span class='ocr_line' id='line_1_58' title="bbox 2219 2690 2462 2738; baseline 0 -1"><span class='ocrx_word' id='word_1_393' title='bbox 2219 2690 2462 2738; x_wconf 88' lang='lat' dir='ltr'>caretur.</span> 
     </span>
    </p>
   </div>
   <div class='ocr_carea' id='block_1_59' title="bbox 2430 2775 3694 2843">
    <p class='ocr_par' dir='ltr' id='par_1_59' title="bbox 2430 2775 3694 2843">
     <span class='ocr_line' id='line_1_59' title="bbox 2430 2775 3694 2843; baseline -0.001 -15"><span class='ocrx_word' id='word_1_394' title='bbox 2430 2776 2557 2828; x_wconf 74' lang='lat' dir='ltr'>CAP.</span> <span class='ocrx_word' id='word_1_395' title='bbox 2592 2775 2817 2828; x_wconf 80' lang='lat' dir='ltr'><strong>XXVIII.</strong></span> <span class='ocrx_word' id='word_1_396' title='bbox 2852 2804 2920 2815; x_wconf 90' lang='lat'>—</span> <span class='ocrx_word' id='word_1_397' title='bbox 2950 2777 3079 2829; x_wconf 87' lang='lat' dir='ltr'>Item</span> <span class='ocrx_word' id='word_1_398' title='bbox 3110 2775 3175 2827; x_wconf 86' lang='lat' dir='ltr'>de</span> <span class='ocrx_word' id='word_1_399' title='bbox 3200 2775 3694 2843; x_wconf 63' lang='lat' dir='ltr'>prwdestinatione.</span> 
     </span>
    </p>
   </div>
   <div class='ocr_carea' id='block_1_60' title="bbox 2289 2862 3909 2933">
    <p class='ocr_par' dir='ltr' id='par_1_60' title="bbox 2289 2862 3909 2933">
     <span class='ocr_line' id='line_1_60' title="bbox 2289 2862 3909 2933; baseline 0 -17"><span class='ocrx_word' id='word_1_400' title='bbox 2289 2862 2398 2930; x_wconf 80' lang='lat' dir='ltr'>(Ea:</span> <span class='ocrx_word' id='word_1_401' title='bbox 2430 2862 2590 2916; x_wconf 82' lang='lat' dir='ltr'>dictis</span> <span class='ocrx_word' id='word_1_402' title='bbox 2621 2863 2948 2933; x_wconf 82' lang='lat' dir='ltr'>Fulgentii.)</span> <span class='ocrx_word' id='word_1_403' title='bbox 2983 2864 3317 2933; x_wconf 81' lang='lat' dir='ltr'>Fulgentius</span> <span class='ocrx_word' id='word_1_404' title='bbox 3351 2864 3406 2916; x_wconf 92' lang='lat' dir='ltr'>in</span> <span class='ocrx_word' id='word_1_405' title='bbox 3441 2864 3585 2917; x_wconf 91' lang='lat' dir='ltr'>libro</span> <span class='ocrx_word' id='word_1_406' title='bbox 3634 2864 3701 2917; x_wconf 88' lang='lat' dir='ltr'>de</span> <span class='ocrx_word' id='word_1_407' title='bbox 3757 2879 3909 2933; x_wconf 75' lang='lat' dir='ltr'>pree-</span> 
     </span>
    </p>
   </div>
   <div class='ocr_carea' id='block_1_61' title="bbox 414 2947 3910 3022">
    <p class='ocr_par' dir='ltr' id='par_1_61' title="bbox 414 2947 3910 3022">
     <span class='ocr_line' id='line_1_61' title="bbox 414 2947 3910 3022; baseline 0.002 -24"><span class='ocrx_word' id='word_1_408' title='bbox 414 2960 518 2998; x_wconf 89' lang='lat' dir='ltr'>nec</span> <span class='ocrx_word' id='word_1_409' title='bbox 549 2947 834 3002; x_wconf 91' lang='lat' dir='ltr'>dominica</span> <span class='ocrx_word' id='word_1_410' title='bbox 858 2954 1065 3003; x_wconf 84' lang='lat' dir='ltr'>statuta</span> <span class='ocrx_word' id='word_1_411' title='bbox 1095 2950 1366 3003; x_wconf 90' lang='lat' dir='ltr'>convulsa</span> <span class='ocrx_word' id='word_1_412' title='bbox 1413 2956 1548 3004; x_wconf 90' lang='lat' dir='ltr'>sunt</span> <span class='ocrx_word' id='word_1_413' title='bbox 1605 2952 1737 3021; x_wconf 90' lang='lat' dir='ltr'>quia</span> <span class='ocrx_word' id='word_1_414' title='bbox 1780 2959 1840 3005; x_wconf 92' lang='lat' dir='ltr'>ut</span> <span class='ocrx_word' id='word_1_415' title='bbox 1879 2969 1943 3007; x_wconf 85' lang='lat' dir='ltr'>ex</span> <span class='ocrx_word' id='word_1_416' title='bbox 1992 2955 2108 3007; x_wconf 85' lang='lat' dir='ltr'>lar-</span> <span class='ocrx_word' id='word_1_417' title='bbox 2141 2958 2181 3013; x_wconf 88' lang='lat' dir='ltr'>C</span> <span class='ocrx_word' id='word_1_418' title='bbox 2218 2950 2598 3005; x_wconf 85' lang='lat' dir='ltr'>destinatione</span> <span class='ocrx_word' id='word_1_419' title='bbox 2629 2951 2709 3004; x_wconf 87' lang='lat' dir='ltr'>ita</span> <span class='ocrx_word' id='word_1_420' title='bbox 2753 2953 2833 3005; x_wconf 87' lang='lat' dir='ltr'>ait</span> <span class='ocrx_word' id='word_1_421' title='bbox 2866 2968 2878 3005; x_wconf 91' lang='lat'>:</span> <span class='ocrx_word' id='word_1_422' title='bbox 2917 2953 3108 3022; x_wconf 85' lang='lat' dir='ltr'>Neque</span> <span class='ocrx_word' id='word_1_423' title='bbox 3139 2952 3293 3005; x_wconf 88' lang='lat' dir='ltr'>enim</span> <span class='ocrx_word' id='word_1_424' title='bbox 3334 2957 3418 3005; x_wconf 91' lang='lat' dir='ltr'>est</span> <span class='ocrx_word' id='word_1_425' title='bbox 3468 2953 3579 3007; x_wconf 88' lang='lat' dir='ltr'>alia</span> <span class='ocrx_word' id='word_1_426' title='bbox 3632 2952 3729 3006; x_wconf 90' lang='lat' dir='ltr'>Dei</span> <span class='ocrx_word' id='word_1_427' title='bbox 3765 2968 3910 3022; x_wconf 78' lang='lat' dir='ltr'>prae-</span> 
     </span>
    </p>
   </div>
   <div class='ocr_carea' id='block_1_62' title="bbox 413 3035 2103 3112">
    <p class='ocr_par' dir='ltr' id='par_1_62' title="bbox 413 3035 2103 3112">
     <span class='ocr_line' id='line_1_62' title="bbox 413 3035 2103 3112; baseline 0.005 -25"><span class='ocrx_word' id='word_1_428' title='bbox 413 3035 585 3103; x_wconf 89' lang='lat' dir='ltr'>gitate</span> <span class='ocrx_word' id='word_1_429' title='bbox 623 3038 717 3089; x_wconf 92' lang='lat' dir='ltr'>Dei</span> <span class='ocrx_word' id='word_1_430' title='bbox 752 3037 887 3090; x_wconf 88' lang='lat' dir='ltr'>anni</span> <span class='ocrx_word' id='word_1_431' title='bbox 946 3038 1073 3092; x_wconf 67' lang='lat' dir='ltr'>vita:</span> <span class='ocrx_word' id='word_1_432' title='bbox 1105 3045 1444 3105; x_wconf 90' lang='lat' dir='ltr'>crescerent,</span> <span class='ocrx_word' id='word_1_433' title='bbox 1498 3039 1605 3093; x_wconf 91' lang='lat' dir='ltr'>hoc</span> <span class='ocrx_word' id='word_1_434' title='bbox 1660 3058 1894 3111; x_wconf 90' lang='lat' dir='ltr'>quoque</span> <span class='ocrx_word' id='word_1_435' title='bbox 1953 3044 2103 3112; x_wconf 90' lang='lat' dir='ltr'>quod</span> 
     </span>
    </p>
   </div>
   <div class='ocr_carea' id='block_1_63' title="bbox 414 3126 2103 3201">
    <p class='ocr_par' dir='ltr' id='par_1_63' title="bbox 414 3126 2103 3201">
     <span class='ocr_line' id='line_1_63' title="bbox 414 3126 2103 3201; baseline 0.005 -24"><span class='ocrx_word' id='word_1_436' title='bbox 414 3131 544 3178; x_wconf 89' lang='lat' dir='ltr'>ante</span> <span class='ocrx_word' id='word_1_437' title='bbox 577 3126 767 3179; x_wconf 90' lang='lat' dir='ltr'>secula</span> <span class='ocrx_word' id='word_1_438' title='bbox 797 3126 1097 3196; x_wconf 66' lang='lat' dir='ltr'>praeﬁxum</span> <span class='ocrx_word' id='word_1_439' title='bbox 1127 3128 1249 3190; x_wconf 85' lang='lat' dir='ltr'>fuit,</span> <span class='ocrx_word' id='word_1_440' title='bbox 1286 3134 1457 3198; x_wconf 89' lang='lat' dir='ltr'>atque</span> <span class='ocrx_word' id='word_1_441' title='bbox 1490 3130 1735 3198; x_wconf 90' lang='lat' dir='ltr'>spatium</span> <span class='ocrx_word' id='word_1_442' title='bbox 1784 3136 1911 3183; x_wconf 81' lang='lat' dir='ltr'>vitae</span> <span class='ocrx_word' id='word_1_443' title='bbox 1952 3132 2103 3201; x_wconf 88' lang='lat' dir='ltr'>quod</span> 
     </span>
    </p>
   </div>
   <div class='ocr_carea' id='block_1_64' title="bbox 411 3213 2106 3288">
    <p class='ocr_par' dir='ltr' id='par_1_64' title="bbox 411 3213 2106 3288">
     <span class='ocr_line' id='line_1_64' title="bbox 411 3213 2106 3288; baseline 0.005 -23"><span class='ocrx_word' id='word_1_444' title='bbox 411 3213 706 3284; x_wconf 90' lang='lat' dir='ltr'>inopinate</span> <span class='ocrx_word' id='word_1_445' title='bbox 729 3214 866 3268; x_wconf 85' lang='lat' dir='ltr'>foris</span> <span class='ocrx_word' id='word_1_446' title='bbox 893 3221 977 3269; x_wconf 89' lang='lat' dir='ltr'>est</span> <span class='ocrx_word' id='word_1_447' title='bbox 1004 3217 1248 3285; x_wconf 88' lang='lat' dir='ltr'>aditum,</span> <span class='ocrx_word' id='word_1_448' title='bbox 1280 3218 1403 3270; x_wconf 89' lang='lat' dir='ltr'>sine</span> <span class='ocrx_word' id='word_1_449' title='bbox 1444 3223 1755 3287; x_wconf 89' lang='lat' dir='ltr'>augmento</span> <span class='ocrx_word' id='word_1_450' title='bbox 1801 3220 2106 3288; x_wconf 64' lang='lat' dir='ltr'>praescien-</span> 
     </span>
    </p>
   </div>
   <div class='ocr_carea' id='block_1_65' title="bbox 409 3301 1148 3357">
    <p class='ocr_par' dir='ltr' id='par_1_65' title="bbox 409 3301 1148 3357">
     <span class='ocr_line' id='line_1_65' title="bbox 409 3301 1148 3357; baseline 0.004 -3"><span class='ocrx_word' id='word_1_451' title='bbox 409 3301 505 3355; x_wconf 63' lang='lat' dir='ltr'>tim</span> <span class='ocrx_word' id='word_1_452' title='bbox 535 3302 644 3356; x_wconf 91' lang='lat' dir='ltr'>fuit</span> <span class='ocrx_word' id='word_1_453' title='bbox 673 3303 830 3357; x_wconf 88' lang='lat' dir='ltr'>intus</span> <span class='ocrx_word' id='word_1_454' title='bbox 853 3308 1148 3357; x_wconf 88' lang='lat' dir='ltr'>statutum.</span> 
     </span>
    </p>
   </div>
   <div class='ocr_carea' id='block_1_66' title="bbox 413 3390 2110 3464">
    <p class='ocr_par' dir='ltr' id='par_1_66' title="bbox 413 3390 2110 3464">
     <span class='ocr_line' id='line_1_66' title="bbox 413 3390 2110 3464; baseline 0.004 -20"><span class='ocrx_word' id='word_1_455' title='bbox 413 3390 539 3445; x_wconf 78' lang='lat' dir='ltr'>CAP.</span> <span class='ocrx_word' id='word_1_456' title='bbox 573 3391 724 3446; x_wconf 90' lang='lat' dir='ltr'><strong>XXV.</strong></span> <span class='ocrx_word' id='word_1_457' title='bbox 761 3423 827 3431; x_wconf 91' lang='lat'>—</span> <span class='ocrx_word' id='word_1_458' title='bbox 860 3394 1016 3458; x_wconf 84' lang='lat' dir='ltr'>Quod</span> <span class='ocrx_word' id='word_1_459' title='bbox 1043 3396 1181 3448; x_wconf 88' lang='lat' dir='ltr'>Deus</span> <span class='ocrx_word' id='word_1_460' title='bbox 1203 3394 1437 3459; x_wconf 77' lang='lat' dir='ltr'>singulis</span> <span class='ocrx_word' id='word_1_461' title='bbox 1465 3393 1577 3448; x_wconf 82' lang='lat' dir='ltr'>dies</span> <span class='ocrx_word' id='word_1_462' title='bbox 1599 3410 1721 3448; x_wconf 88' lang='lat' dir='ltr'>suos</span> <span class='ocrx_word' id='word_1_463' title='bbox 1744 3398 2015 3464; x_wconf 63' lang='lat' dir='ltr'>przﬁgat,</span> <span class='ocrx_word' id='word_1_464' title='bbox 2048 3400 2110 3450; x_wconf 89' lang='lat' dir='ltr'>ut</span> 
     </span>
    </p>
   </div>
   <div class='ocr_carea' id='block_1_67' title="bbox 789 3485 1719 3553">
    <p class='ocr_par' dir='ltr' id='par_1_67' title="bbox 789 3485 1719 3553">
     <span class='ocr_line' id='line_1_67' title="bbox 789 3485 1719 3553; baseline 0.002 -19"><span class='ocrx_word' id='word_1_465' title='bbox 789 3498 883 3535; x_wconf 88' lang='lat' dir='ltr'>nec</span> <span class='ocrx_word' id='word_1_466' title='bbox 925 3485 1120 3548; x_wconf 76' lang='lat' dir='ltr'>minui,</span> <span class='ocrx_word' id='word_1_467' title='bbox 1152 3499 1245 3535; x_wconf 87' lang='lat' dir='ltr'>nec</span> <span class='ocrx_word' id='word_1_468' title='bbox 1275 3485 1470 3553; x_wconf 80' lang='lat' dir='ltr'>augeri</span> <span class='ocrx_word' id='word_1_469' title='bbox 1491 3486 1719 3551; x_wconf 82' lang='lat' dir='ltr'>possint.</span> 
     </span>
    </p>
   </div>
   <div class='ocr_carea' id='block_1_68' title="bbox 482 3569 2105 3641">
    <p class='ocr_par' dir='ltr' id='par_1_68' title="bbox 482 3569 2105 3641">
     <span class='ocr_line' id='line_1_68' title="bbox 482 3569 2105 3641; baseline 0.002 -19"><span class='ocrx_word' id='word_1_470' title='bbox 482 3569 602 3638; x_wconf 74' lang='lat' dir='ltr'>(Ea:</span> <span class='ocrx_word' id='word_1_471' title='bbox 646 3570 871 3640; x_wconf 88' lang='lat' dir='ltr'>eodem.)</span> <span class='ocrx_word' id='word_1_472' title='bbox 907 3571 1128 3624; x_wconf 70' lang='lat' dir='ltr'>Praztixi</span> <span class='ocrx_word' id='word_1_473' title='bbox 1159 3571 1280 3625; x_wconf 91' lang='lat' dir='ltr'>dies</span> <span class='ocrx_word' id='word_1_474' title='bbox 1329 3571 1574 3641; x_wconf 85' lang='lat' dir='ltr'>singulis</span> <span class='ocrx_word' id='word_1_475' title='bbox 1624 3572 1694 3625; x_wconf 90' lang='lat' dir='ltr'>ab</span> <span class='ocrx_word' id='word_1_476' title='bbox 1744 3572 1971 3626; x_wconf 88' lang='lat' dir='ltr'>interna</span> <span class='ocrx_word' id='word_1_477' title='bbox 2005 3573 2105 3627; x_wconf 91' lang='lat' dir='ltr'>Dei</span> 
     </span>
    </p>
   </div>
   <div class='ocr_carea' id='block_1_69' title="bbox 409 3658 2103 3730">
    <p class='ocr_par' dir='ltr' id='par_1_69' title="bbox 409 3658 2103 3730">
     <span class='ocr_line' id='line_1_69' title="bbox 409 3658 2103 3730; baseline 0.002 -20"><span class='ocrx_word' id='word_1_478' title='bbox 409 3658 789 3727; x_wconf 73' lang='lat' dir='ltr'>praescientia,</span> <span class='ocrx_word' id='word_1_479' title='bbox 834 3676 937 3713; x_wconf 90' lang='lat' dir='ltr'>nec</span> <span class='ocrx_word' id='word_1_480' title='bbox 968 3660 1166 3729; x_wconf 88' lang='lat' dir='ltr'>augeri</span> <span class='ocrx_word' id='word_1_481' title='bbox 1201 3665 1439 3730; x_wconf 89' lang='lat' dir='ltr'>possunt</span> <span class='ocrx_word' id='word_1_482' title='bbox 1465 3675 1569 3713; x_wconf 90' lang='lat' dir='ltr'>nec</span> <span class='ocrx_word' id='word_1_483' title='bbox 1598 3659 1806 3728; x_wconf 90' lang='lat' dir='ltr'>minui,</span> <span class='ocrx_word' id='word_1_484' title='bbox 1840 3660 1951 3713; x_wconf 89' lang='lat' dir='ltr'>nisi</span> <span class='ocrx_word' id='word_1_485' title='bbox 1966 3676 2103 3714; x_wconf 91' lang='lat' dir='ltr'>con-</span> 
     </span>
    </p>
   </div>
   <div class='ocr_carea' id='block_1_70' title="bbox 410 3746 2107 3819">
    <p class='ocr_par' dir='ltr' id='par_1_70' title="bbox 410 3746 2107 3819">
     <span class='ocr_line' id='line_1_70' title="bbox 410 3746 2107 3819; baseline 0.003 -20"><span class='ocrx_word' id='word_1_486' title='bbox 410 3746 594 3816; x_wconf 87' lang='lat' dir='ltr'>tingat</span> <span class='ocrx_word' id='word_1_487' title='bbox 623 3754 687 3800; x_wconf 87' lang='lat' dir='ltr'>ut</span> <span class='ocrx_word' id='word_1_488' title='bbox 712 3746 790 3801; x_wconf 89' lang='lat' dir='ltr'>ita</span> <span class='ocrx_word' id='word_1_489' title='bbox 830 3747 1222 3818; x_wconf 72' lang='lat' dir='ltr'>praesciantur,</span> <span class='ocrx_word' id='word_1_490' title='bbox 1255 3753 1318 3801; x_wconf 91' lang='lat' dir='ltr'>ut</span> <span class='ocrx_word' id='word_1_491' title='bbox 1368 3752 1467 3800; x_wconf 90' lang='lat' dir='ltr'>aut</span> <span class='ocrx_word' id='word_1_492' title='bbox 1528 3764 1656 3801; x_wconf 89' lang='lat' dir='ltr'>cum</span> <span class='ocrx_word' id='word_1_493' title='bbox 1716 3748 1948 3818; x_wconf 90' lang='lat' dir='ltr'>optimis</span> <span class='ocrx_word' id='word_1_494' title='bbox 1977 3765 2107 3819; x_wconf 86' lang='lat' dir='ltr'>ope-</span> 
     </span>
    </p>
   </div>
   <div class='ocr_carea' id='block_1_71' title="bbox 409 3836 2103 3907">
    <p class='ocr_par' dir='ltr' id='par_1_71' title="bbox 409 3836 2103 3907">
     <span class='ocr_line' id='line_1_71' title="bbox 409 3836 2103 3907; baseline 0.002 -20"><span class='ocrx_word' id='word_1_495' title='bbox 409 3836 568 3889; x_wconf 92' lang='lat' dir='ltr'>ribus</span> <span class='ocrx_word' id='word_1_496' title='bbox 599 3836 886 3907; x_wconf 88' lang='lat' dir='ltr'>longiores</span> <span class='ocrx_word' id='word_1_497' title='bbox 937 3837 1069 3902; x_wconf 92' lang='lat' dir='ltr'>sint,</span> <span class='ocrx_word' id='word_1_498' title='bbox 1134 3843 1234 3890; x_wconf 90' lang='lat' dir='ltr'>aut</span> <span class='ocrx_word' id='word_1_499' title='bbox 1270 3852 1400 3889; x_wconf 93' lang='lat' dir='ltr'>cum</span> <span class='ocrx_word' id='word_1_500' title='bbox 1464 3836 1729 3905; x_wconf 90' lang='lat' dir='ltr'>pessimis</span> <span class='ocrx_word' id='word_1_501' title='bbox 1793 3837 2103 3906; x_wconf 89' lang='lat' dir='ltr'>breviores,</span> 
     </span>
    </p>
   </div>
   <div class='ocr_carea' id='block_1_72' title="bbox 412 3924 2105 3997">
    <p class='ocr_par' dir='ltr' id='par_1_72' title="bbox 412 3924 2105 3997">
     <span class='ocr_line' id='line_1_72' title="bbox 412 3924 2105 3997; baseline 0.002 -20"><span class='ocrx_word' id='word_1_502' title='bbox 412 3924 560 3978; x_wconf 89' lang='lat' dir='ltr'>sicut</span> <span class='ocrx_word' id='word_1_503' title='bbox 606 3926 870 3979; x_wconf 86' lang='lat' dir='ltr'>Ezechias</span> <span class='ocrx_word' id='word_1_504' title='bbox 924 3931 1299 3996; x_wconf 89' lang='lat' dir='ltr'>augmentum</span> <span class='ocrx_word' id='word_1_505' title='bbox 1345 3925 1567 3979; x_wconf 91' lang='lat' dir='ltr'>dierum</span> <span class='ocrx_word' id='word_1_506' title='bbox 1618 3926 1826 3979; x_wconf 89' lang='lat' dir='ltr'>meruit</span> <span class='ocrx_word' id='word_1_507' title='bbox 1881 3926 2105 3997; x_wconf 89' lang='lat' dir='ltr'>impen-</span> 
     </span>
    </p>
   </div>
   <div class='ocr_carea' id='block_1_73' title="bbox 411 4012 2104 4087">
    <p class='ocr_par' dir='ltr' id='par_1_73' title="bbox 411 4012 2104 4087">
     <span class='ocr_line' id='line_1_73' title="bbox 411 4012 2104 4087; baseline 0.002 -21"><span class='ocrx_word' id='word_1_508' title='bbox 411 4012 571 4067; x_wconf 88' lang='lat' dir='ltr'>sione</span> <span class='ocrx_word' id='word_1_509' title='bbox 622 4014 1032 4084; x_wconf 87' lang='lat' dir='ltr'>lacrymarum,</span> <span class='ocrx_word' id='word_1_510' title='bbox 1086 4020 1141 4067; x_wconf 91' lang='lat' dir='ltr'>et</span> <span class='ocrx_word' id='word_1_511' title='bbox 1168 4015 1315 4068; x_wconf 86' lang='lat' dir='ltr'>sicut</span> <span class='ocrx_word' id='word_1_512' title='bbox 1367 4015 1435 4068; x_wconf 92' lang='lat' dir='ltr'>de</span> <span class='ocrx_word' id='word_1_513' title='bbox 1491 4016 1770 4085; x_wconf 90' lang='lat' dir='ltr'>perversis</span> <span class='ocrx_word' id='word_1_514' title='bbox 1829 4016 2104 4087; x_wconf 90' lang='lat' dir='ltr'>scriptum</span> 
     </span>
    </p>
   </div>
   <div class='ocr_carea' id='block_1_74' title="bbox 411 4101 2106 4175">
    <p class='ocr_par' dir='ltr' id='par_1_74' title="bbox 411 4101 2106 4175">
     <span class='ocr_line' id='line_1_74' title="bbox 411 4101 2106 4175; baseline 0.003 -23"><span class='ocrx_word' id='word_1_515' title='bbox 411 4106 495 4154; x_wconf 90' lang='lat' dir='ltr'>est</span> <span class='ocrx_word' id='word_1_516' title='bbox 534 4101 973 4172; x_wconf 88' lang='lat' dir='ltr'>indisciplinatis</span> <span class='ocrx_word' id='word_1_517' title='bbox 1030 4103 1221 4157; x_wconf 89' lang='lat' dir='ltr'>obviat</span> <span class='ocrx_word' id='word_1_518' title='bbox 1276 4119 1448 4158; x_wconf 90' lang='lat' dir='ltr'>mors.</span> <span class='ocrx_word' id='word_1_519' title='bbox 1496 4103 1600 4157; x_wconf 90' lang='lat' dir='ltr'>Sed</span> <span class='ocrx_word' id='word_1_520' title='bbox 1653 4119 1805 4173; x_wconf 63' lang='lat' dir='ltr'>sepe</span> <span class='ocrx_word' id='word_1_521' title='bbox 1871 4104 2106 4175; x_wconf 90' lang='lat' dir='ltr'>iniquus</span> 
     </span>
    </p>
   </div>
   <div class='ocr_carea' id='block_1_75' title="bbox 409 4189 2104 4264">
    <p class='ocr_par' dir='ltr' id='par_1_75' title="bbox 409 4189 2104 4264">
     <span class='ocr_line' id='line_1_75' title="bbox 409 4189 2104 4264; baseline 0.004 -23"><span class='ocrx_word' id='word_1_522' title='bbox 409 4189 671 4259; x_wconf 87' lang='lat' dir='ltr'>quamvis</span> <span class='ocrx_word' id='word_1_523' title='bbox 696 4190 756 4243; x_wconf 91' lang='lat' dir='ltr'>in</span> <span class='ocrx_word' id='word_1_524' title='bbox 788 4192 1005 4245; x_wconf 84' lang='lat' dir='ltr'>occulta</span> <span class='ocrx_word' id='word_1_525' title='bbox 1036 4192 1135 4245; x_wconf 90' lang='lat' dir='ltr'>Dei</span> <span class='ocrx_word' id='word_1_526' title='bbox 1167 4192 1523 4262; x_wconf 75' lang='lat' dir='ltr'>praescientia</span> <span class='ocrx_word' id='word_1_527' title='bbox 1574 4193 1745 4262; x_wconf 88' lang='lat' dir='ltr'>longa</span> <span class='ocrx_word' id='word_1_528' title='bbox 1800 4193 1929 4246; x_wconf 66' lang='lat' dir='ltr'>vitia</span> <span class='ocrx_word' id='word_1_529' title='bbox 1980 4193 2104 4264; x_wconf 87' lang='lat' dir='ltr'>ejus</span> 
     </span>
    </p>
   </div>
   <div class='ocr_carea' id='block_1_76' title="bbox 408 4280 2103 4351">
    <p class='ocr_par' dir='ltr' id='par_1_76' title="bbox 408 4280 2103 4351">
     <span class='ocr_line' id='line_1_76' title="bbox 408 4280 2103 4351; baseline 0.002 -20"><span class='ocrx_word' id='word_1_530' title='bbox 408 4282 668 4349; x_wconf 84' lang='lat' dir='ltr'>tempora</span> <span class='ocrx_word' id='word_1_531' title='bbox 695 4295 813 4332; x_wconf 89' lang='lat' dir='ltr'>non</span> <span class='ocrx_word' id='word_1_532' title='bbox 853 4280 965 4333; x_wconf 89' lang='lat' dir='ltr'>sint</span> <span class='ocrx_word' id='word_1_533' title='bbox 992 4280 1417 4350; x_wconf 76' lang='lat' dir='ltr'>praedestinata,</span> <span class='ocrx_word' id='word_1_534' title='bbox 1448 4281 1565 4350; x_wconf 76' lang='lat' dir='ltr'>ipse</span> <span class='ocrx_word' id='word_1_535' title='bbox 1598 4287 1790 4334; x_wconf 90' lang='lat' dir='ltr'>tamen</span> <span class='ocrx_word' id='word_1_536' title='bbox 1823 4281 1957 4351; x_wconf 91' lang='lat' dir='ltr'>quia</span> <span class='ocrx_word' id='word_1_537' title='bbox 1986 4297 2103 4334; x_wconf 88' lang='lat' dir='ltr'>car-</span> 
     </span>
    </p>
   </div>
   <div class='ocr_carea' id='block_1_77' title="bbox 408 4367 2098 4440">
    <p class='ocr_par' dir='ltr' id='par_1_77' title="bbox 408 4367 2098 4440">
     <span class='ocr_line' id='line_1_77' title="bbox 408 4367 2098 4440; baseline 0.002 -22"><span class='ocrx_word' id='word_1_538' title='bbox 408 4367 613 4420; x_wconf 90' lang='lat' dir='ltr'>naliter</span> <span class='ocrx_word' id='word_1_539' title='bbox 639 4368 827 4421; x_wconf 89' lang='lat' dir='ltr'>vivere</span> <span class='ocrx_word' id='word_1_540' title='bbox 858 4369 1094 4439; x_wconf 87' lang='lat' dir='ltr'>appetit,</span> <span class='ocrx_word' id='word_1_541' title='bbox 1129 4371 1328 4440; x_wconf 91' lang='lat' dir='ltr'>longos</span> <span class='ocrx_word' id='word_1_542' title='bbox 1388 4370 1582 4423; x_wconf 88' lang='lat' dir='ltr'>animo</span> <span class='ocrx_word' id='word_1_543' title='bbox 1633 4370 1755 4424; x_wconf 90' lang='lat' dir='ltr'>dies</span> <span class='ocrx_word' id='word_1_544' title='bbox 1811 4370 2098 4440; x_wconf 86' lang='lat' dir='ltr'>proponit,</span> 
     </span>
    </p>
   </div>
   <div class='ocr_carea' id='block_1_78' title="bbox 408 4456 2102 4529">
    <p class='ocr_par' dir='ltr' id='par_1_78' title="bbox 408 4456 2102 4529">
     <span class='ocr_line' id='line_1_78' title="bbox 408 4456 2102 4529; baseline 0.002 -20"><span class='ocrx_word' id='word_1_545' title='bbox 408 4461 466 4509; x_wconf 88' lang='lat' dir='ltr'>et</span> <span class='ocrx_word' id='word_1_546' title='bbox 503 4456 639 4527; x_wconf 90' lang='lat' dir='ltr'>quia</span> <span class='ocrx_word' id='word_1_547' title='bbox 669 4457 740 4510; x_wconf 90' lang='lat' dir='ltr'>ad</span> <span class='ocrx_word' id='word_1_548' title='bbox 772 4458 910 4511; x_wconf 90' lang='lat' dir='ltr'>illud</span> <span class='ocrx_word' id='word_1_549' title='bbox 940 4464 1167 4528; x_wconf 90' lang='lat' dir='ltr'>tempus</span> <span class='ocrx_word' id='word_1_550' title='bbox 1216 4459 1515 4528; x_wconf 88' lang='lat' dir='ltr'>pervenire</span> <span class='ocrx_word' id='word_1_551' title='bbox 1576 4475 1693 4512; x_wconf 89' lang='lat' dir='ltr'>non</span> <span class='ocrx_word' id='word_1_552' title='bbox 1742 4460 1891 4512; x_wconf 86' lang='lat' dir='ltr'>valet</span> <span class='ocrx_word' id='word_1_553' title='bbox 1946 4459 2102 4529; x_wconf 89' lang='lat' dir='ltr'>quod</span> 
     </span>
    </p>
   </div>
   <div class='ocr_carea' id='block_1_79' title="bbox 407 4546 2103 4618">
    <p class='ocr_par' dir='ltr' id='par_1_79' title="bbox 407 4546 2103 4618">
     <span class='ocr_line' id='line_1_79' title="bbox 407 4546 2103 4618; baseline 0.002 -21"><span class='ocrx_word' id='word_1_554' title='bbox 407 4550 714 4615; x_wconf 83' lang='lat' dir='ltr'>exspectat,</span> <span class='ocrx_word' id='word_1_555' title='bbox 773 4546 938 4616; x_wconf 90' lang='lat' dir='ltr'>quasi</span> <span class='ocrx_word' id='word_1_556' title='bbox 992 4553 1305 4618; x_wconf 88' lang='lat' dir='ltr'>antequam</span> <span class='ocrx_word' id='word_1_557' title='bbox 1356 4548 1478 4602; x_wconf 91' lang='lat' dir='ltr'>dies</span> <span class='ocrx_word' id='word_1_558' title='bbox 1529 4547 1683 4601; x_wconf 91' lang='lat' dir='ltr'>illius</span> <span class='ocrx_word' id='word_1_559' title='bbox 1750 4547 2103 4617; x_wconf 90' lang='lat' dir='ltr'>impleantur</span> 
     </span>
    </p>
   </div>
   <div class='ocr_carea' id='block_1_80' title="bbox 403 4633 2097 4707">
    <p class='ocr_par' dir='ltr' id='par_1_80' title="bbox 403 4633 2097 4707">
     <span class='ocr_line' id='line_1_80' title="bbox 403 4633 2097 4707; baseline 0.004 -20"><span class='ocrx_word' id='word_1_560' title='bbox 403 4634 571 4704; x_wconf 88' lang='lat' dir='ltr'>perit.</span> <span class='ocrx_word' id='word_1_561' title='bbox 622 4633 781 4698; x_wconf 88' lang='lat' dir='ltr'>Quod</span> <span class='ocrx_word' id='word_1_562' title='bbox 842 4640 1036 4689; x_wconf 88' lang='lat' dir='ltr'>tamen</span> <span class='ocrx_word' id='word_1_563' title='bbox 1089 4635 1410 4707; x_wconf 89' lang='lat' dir='ltr'>intelligere</span> <span class='ocrx_word' id='word_1_564' title='bbox 1461 4643 1517 4690; x_wconf 93' lang='lat' dir='ltr'>et</span> <span class='ocrx_word' id='word_1_565' title='bbox 1562 4636 1723 4690; x_wconf 88' lang='lat' dir='ltr'>aliter</span> <span class='ocrx_word' id='word_1_566' title='bbox 1772 4652 2097 4707; x_wconf 89' lang='lat' dir='ltr'>possumus.</span> 
     </span>
    </p>
   </div>
   <div class='ocr_carea' id='block_1_81' title="bbox 401 4722 2098 4796">
    <p class='ocr_par' dir='ltr' id='par_1_81' title="bbox 401 4722 2098 4796">
     <span class='ocr_line' id='line_1_81' title="bbox 401 4722 2098 4796; baseline 0.002 -20"><span class='ocrx_word' id='word_1_567' title='bbox 401 4722 745 4794; x_wconf 89' lang='lat' dir='ltr'>Plerumque</span> <span class='ocrx_word' id='word_1_568' title='bbox 799 4725 951 4778; x_wconf 92' lang='lat' dir='ltr'>enim</span> <span class='ocrx_word' id='word_1_569' title='bbox 1010 4726 1289 4796; x_wconf 89' lang='lat' dir='ltr'>quosdam</span> <span class='ocrx_word' id='word_1_570' title='bbox 1350 4726 1656 4787; x_wconf 87' lang='lat' dir='ltr'>cernimus,</span> <span class='ocrx_word' id='word_1_571' title='bbox 1719 4733 1775 4779; x_wconf 90' lang='lat' dir='ltr'>et</span> <span class='ocrx_word' id='word_1_572' title='bbox 1835 4741 2098 4795; x_wconf 69' lang='lat' dir='ltr'>perverse</span> 
     </span>
    </p>
   </div>
   <div class='ocr_carea' id='block_1_82' title="bbox 401 4814 2095 4883">
    <p class='ocr_par' dir='ltr' id='par_1_82' title="bbox 401 4814 2095 4883">
     <span class='ocr_line' id='line_1_82' title="bbox 401 4814 2095 4883; baseline 0.002 -19"><span class='ocrx_word' id='word_1_573' title='bbox 401 4827 591 4881; x_wconf 89' lang='lat' dir='ltr'>agere,</span> <span class='ocrx_word' id='word_1_574' title='bbox 627 4817 685 4866; x_wconf 89' lang='lat' dir='ltr'>et</span> <span class='ocrx_word' id='word_1_575' title='bbox 713 4829 893 4883; x_wconf 91' lang='lat' dir='ltr'>usque</span> <span class='ocrx_word' id='word_1_576' title='bbox 923 4814 993 4867; x_wconf 90' lang='lat' dir='ltr'>ad</span> <span class='ocrx_word' id='word_1_577' title='bbox 1053 4819 1403 4868; x_wconf 88' lang='lat' dir='ltr'>senectutem</span> <span class='ocrx_word' id='word_1_578' title='bbox 1459 4814 1722 4867; x_wconf 88' lang='lat' dir='ltr'>ultimam</span> <span class='ocrx_word' id='word_1_579' title='bbox 1775 4814 2095 4882; x_wconf 90' lang='lat' dir='ltr'>pervenire.</span> 
     </span>
    </p>
   </div>
   <div class='ocr_carea' id='block_1_83' title="bbox 399 4890 2096 4973">
    <p class='ocr_par' dir='ltr' id='par_1_83' title="bbox 399 4890 2096 4973">
     <span class='ocr_line' id='line_1_83' title="bbox 399 4890 2096 4973; baseline 0.002 -21"><span class='ocrx_word' id='word_1_580' title='bbox 399 4890 696 4963; x_wconf 79' lang='lat' dir='ltr'>Quomodo</span> <span class='ocrx_word' id='word_1_581' title='bbox 750 4902 905 4955; x_wconf 91' lang='lat' dir='ltr'>enim</span> <span class='ocrx_word' id='word_1_582' title='bbox 964 4903 1195 4968; x_wconf 90' lang='lat' dir='ltr'>dicitur,</span> <span class='ocrx_word' id='word_1_583' title='bbox 1254 4908 1565 4973; x_wconf 89' lang='lat' dir='ltr'>antequam</span> <span class='ocrx_word' id='word_1_584' title='bbox 1626 4902 1746 4955; x_wconf 88' lang='lat' dir='ltr'>dies</span> <span class='ocrx_word' id='word_1_585' title='bbox 1806 4903 1928 4972; x_wconf 88' lang='lat' dir='ltr'>ejus</span> <span class='ocrx_word' id='word_1_586' title='bbox 1984 4903 2096 4956; x_wconf 88' lang='lat' dir='ltr'>im-</span> 
     </span>
    </p>
   </div>
   <div class='ocr_carea' id='block_1_84' title="bbox 399 4990 2094 5062">
    <p class='ocr_par' dir='ltr' id='par_1_84' title="bbox 399 4990 2094 5062">
     <span class='ocr_line' id='line_1_84' title="bbox 399 4990 2094 5062; baseline 0.001 -21"><span class='ocrx_word' id='word_1_587' title='bbox 399 4990 685 5058; x_wconf 87' lang='lat' dir='ltr'>pleantur,</span> <span class='ocrx_word' id='word_1_588' title='bbox 717 4991 946 5060; x_wconf 90' lang='lat' dir='ltr'>peribit,</span> <span class='ocrx_word' id='word_1_589' title='bbox 983 5008 1111 5044; x_wconf 91' lang='lat' dir='ltr'>cum</span> <span class='ocrx_word' id='word_1_590' title='bbox 1145 4992 1202 5045; x_wconf 93' lang='lat' dir='ltr'>in</span> <span class='ocrx_word' id='word_1_591' title='bbox 1230 4992 1576 5062; x_wconf 90' lang='lat' dir='ltr'>quihusdam</span> <span class='ocrx_word' id='word_1_592' title='bbox 1609 5007 1759 5061; x_wconf 77' lang='lat' dir='ltr'>saepe</span> <span class='ocrx_word' id='word_1_593' title='bbox 1782 4990 2094 5058; x_wconf 85' lang='lat' dir='ltr'>videamus,</span> 
     </span>
    </p>
   </div>
   <div class='ocr_carea' id='block_1_85' title="bbox 400 5078 2094 5149">
    <p class='ocr_par' dir='ltr' id='par_1_85' title="bbox 400 5078 2094 5149">
     <span class='ocr_line' id='line_1_85' title="bbox 400 5078 2094 5149; baseline 0.002 -19"><span class='ocrx_word' id='word_1_594' title='bbox 400 5078 535 5147; x_wconf 88' lang='lat' dir='ltr'>quia</span> <span class='ocrx_word' id='word_1_595' title='bbox 564 5084 728 5132; x_wconf 79' lang='lat' dir='ltr'>aetate</span> <span class='ocrx_word' id='word_1_596' title='bbox 760 5079 927 5149; x_wconf 89' lang='lat' dir='ltr'>longa</span> <span class='ocrx_word' id='word_1_597' title='bbox 951 5080 1073 5149; x_wconf 90' lang='lat' dir='ltr'>jam</span> <span class='ocrx_word' id='word_1_598' title='bbox 1134 5082 1393 5134; x_wconf 88' lang='lat' dir='ltr'>membra</span> <span class='ocrx_word' id='word_1_599' title='bbox 1440 5079 1730 5147; x_wconf 84' lang='lat' dir='ltr'>deﬁciunt,</span> <span class='ocrx_word' id='word_1_600' title='bbox 1796 5085 1851 5134; x_wconf 92' lang='lat' dir='ltr'>et</span> <span class='ocrx_word' id='word_1_601' title='bbox 1906 5085 2094 5134; x_wconf 89' lang='lat' dir='ltr'>tamen</span> 
     </span>
    </p>
   </div>
   <div class='ocr_carea' id='block_1_86' title="bbox 397 5166 2097 5239">
    <p class='ocr_par' dir='ltr' id='par_1_86' title="bbox 397 5166 2097 5239">
     <span class='ocr_line' id='line_1_86' title="bbox 397 5166 2097 5239; baseline 0.003 -22"><span class='ocrx_word' id='word_1_602' title='bbox 397 5166 742 5236; x_wconf 88' lang='lat' dir='ltr'>pravitatem</span> <span class='ocrx_word' id='word_1_603' title='bbox 772 5184 935 5221; x_wconf 90' lang='lat' dir='ltr'>suam</span> <span class='ocrx_word' id='word_1_604' title='bbox 976 5185 1175 5223; x_wconf 90' lang='lat' dir='ltr'>eorum</span> <span class='ocrx_word' id='word_1_605' title='bbox 1201 5168 1485 5222; x_wconf 90' lang='lat' dir='ltr'>desideria</span> <span class='ocrx_word' id='word_1_606' title='bbox 1515 5168 1746 5239; x_wconf 83' lang='lat' dir='ltr'>exsequi</span> <span class='ocrx_word' id='word_1_607' title='bbox 1782 5185 1902 5222; x_wconf 90' lang='lat' dir='ltr'>non</span> <span class='ocrx_word' id='word_1_608' title='bbox 1946 5169 2097 5223; x_wconf 85' lang='lat' dir='ltr'>desi-</span> 
     </span>
    </p>
   </div>
   <div class='ocr_carea' id='block_1_87' title="bbox 401 5254 596 5307">
    <p class='ocr_par' dir='ltr' id='par_1_87' title="bbox 401 5254 596 5307">
     <span class='ocr_line' id='line_1_87' title="bbox 401 5254 596 5307; baseline 0.005 -1"><span class='ocrx_word' id='word_1_609' title='bbox 401 5254 596 5307; x_wconf 83' lang='lat' dir='ltr'>stunt?</span> 
     </span>
    </p>
   </div>
   <div class='ocr_carea' id='block_1_88' title="bbox 402 5342 1985 5416">
    <p class='ocr_par' dir='ltr' id='par_1_88' title="bbox 402 5342 1985 5416">
     <span class='ocr_line' id='line_1_88' title="bbox 402 5342 1985 5416; baseline 0.001 -20"><span class='ocrx_word' id='word_1_610' title='bbox 402 5343 528 5397; x_wconf 74' lang='lat' dir='ltr'>CAP.</span> <span class='ocrx_word' id='word_1_611' title='bbox 562 5342 735 5397; x_wconf 89' lang='lat' dir='ltr'><strong>XXVI.</strong></span> <span class='ocrx_word' id='word_1_612' title='bbox 771 5374 838 5385; x_wconf 92' lang='lat'><strong><em>—</em></strong></span> <span class='ocrx_word' id='word_1_613' title='bbox 870 5345 1022 5411; x_wconf 86' lang='lat' dir='ltr'>Quod</span> <span class='ocrx_word' id='word_1_614' title='bbox 1049 5348 1182 5400; x_wconf 81' lang='lat' dir='ltr'>Deus</span> <span class='ocrx_word' id='word_1_615' title='bbox 1204 5351 1391 5399; x_wconf 85' lang='lat' dir='ltr'>nostra</span> <span class='ocrx_word' id='word_1_616' title='bbox 1413 5351 1635 5416; x_wconf 85' lang='lat' dir='ltr'>peccata</span> <span class='ocrx_word' id='word_1_617' title='bbox 1663 5346 1985 5401; x_wconf 86' lang='lat' dir='ltr'>dissimulet.</span> 
     </span>
    </p>
   </div>
   <div class='ocr_carea' id='block_1_89' title="bbox 472 5432 2088 5506">
    <p class='ocr_par' dir='ltr' id='par_1_89' title="bbox 472 5432 2088 5506">
     <span class='ocr_line' id='line_1_89' title="bbox 472 5432 2088 5506; baseline 0.002 -21"><span class='ocrx_word' id='word_1_618' title='bbox 472 5432 589 5498; x_wconf 78' lang='lat' dir='ltr'>(Ea:</span> <span class='ocrx_word' id='word_1_619' title='bbox 617 5433 838 5502; x_wconf 85' lang='lat' dir='ltr'>eodem.)</span> <span class='ocrx_word' id='word_1_620' title='bbox 872 5434 1251 5504; x_wconf 89' lang='lat' dir='ltr'>Omnipotens</span> <span class='ocrx_word' id='word_1_621' title='bbox 1289 5434 1435 5489; x_wconf 90' lang='lat' dir='ltr'>Deus</span> <span class='ocrx_word' id='word_1_622' title='bbox 1482 5435 1620 5506; x_wconf 91' lang='lat' dir='ltr'>quid</span> <span class='ocrx_word' id='word_1_623' title='bbox 1672 5435 1838 5489; x_wconf 92' lang='lat' dir='ltr'>nobis</span> <span class='ocrx_word' id='word_1_624' title='bbox 1892 5432 2088 5505; x_wconf 86' lang='lat' dir='ltr'>profu-</span> 
     </span>
    </p>
   </div>
   <div class='ocr_carea' id='block_1_90' title="bbox 399 5523 2091 5589">
    <p class='ocr_par' dir='ltr' id='par_1_90' title="bbox 399 5523 2091 5589">
     <span class='ocr_line' id='line_1_90' title="bbox 399 5523 2091 5589; baseline 0.002 -16"><span class='ocrx_word' id='word_1_625' title='bbox 399 5524 593 5576; x_wconf 90' lang='lat' dir='ltr'>turum</span> <span class='ocrx_word' id='word_1_626' title='bbox 624 5539 745 5578; x_wconf 89' lang='lat' dir='ltr'>esse</span> <span class='ocrx_word' id='word_1_627' title='bbox 772 5524 954 5580; x_wconf 86' lang='lat' dir='ltr'>valeat</span> <span class='ocrx_word' id='word_1_628' title='bbox 1014 5524 1217 5589; x_wconf 87' lang='lat' dir='ltr'>sciens,</span> <span class='ocrx_word' id='word_1_629' title='bbox 1267 5524 1590 5580; x_wconf 88' lang='lat' dir='ltr'>dissimulat</span> <span class='ocrx_word' id='word_1_630' title='bbox 1633 5529 1690 5579; x_wconf 88' lang='lat' dir='ltr'>et</span> <span class='ocrx_word' id='word_1_631' title='bbox 1744 5523 1943 5579; x_wconf 86' lang='lat' dir='ltr'>audire</span> <span class='ocrx_word' id='word_1_632' title='bbox 1994 5523 2091 5579; x_wconf 91' lang='lat' dir='ltr'>do-</span> 
     </span>
    </p>
   </div>
   <div class='ocr_carea' id='block_1_91' title="bbox 2218 3037 3912 3109">
    <p class='ocr_par' dir='ltr' id='par_1_91' title="bbox 2218 3037 3912 3109">
     <span class='ocr_line' id='line_1_91' title="bbox 2218 3037 3912 3109; baseline 0.001 -18"><span class='ocrx_word' id='word_1_633' title='bbox 2218 3037 2546 3106; x_wconf 90' lang='lat' dir='ltr'>destinatio,</span> <span class='ocrx_word' id='word_1_634' title='bbox 2579 3039 2687 3092; x_wconf 91' lang='lat' dir='ltr'>nisi</span> <span class='ocrx_word' id='word_1_635' title='bbox 2716 3038 3045 3092; x_wconf 82' lang='lat' dir='ltr'>futurorum</span> <span class='ocrx_word' id='word_1_636' title='bbox 3090 3056 3331 3109; x_wconf 90' lang='lat' dir='ltr'>operum</span> <span class='ocrx_word' id='word_1_637' title='bbox 3361 3042 3485 3109; x_wconf 85' lang='lat' dir='ltr'>ejus</span> <span class='ocrx_word' id='word_1_638' title='bbox 3517 3044 3733 3092; x_wconf 66' lang='lat' dir='ltr'>aeterna</span> <span class='ocrx_word' id='word_1_639' title='bbox 3763 3055 3912 3109; x_wconf 64' lang='lat' dir='ltr'>pra?-</span> 
     </span>
    </p>
   </div>
   <div class='ocr_carea' id='block_1_92' title="bbox 2216 3127 3909 3198">
    <p class='ocr_par' dir='ltr' id='par_1_92' title="bbox 2216 3127 3909 3198">
     <span class='ocr_line' id='line_1_92' title="bbox 2216 3127 3909 3198; baseline 0.001 -19"><span class='ocrx_word' id='word_1_640' title='bbox 2216 3127 2461 3196; x_wconf 85' lang='lat' dir='ltr'>paratio.</span> <span class='ocrx_word' id='word_1_641' title='bbox 2521 3129 2585 3180; x_wconf 85' lang='lat' dir='ltr'>Et</span> <span class='ocrx_word' id='word_1_642' title='bbox 2669 3129 2759 3180; x_wconf 92' lang='lat' dir='ltr'>hic</span> <span class='ocrx_word' id='word_1_643' title='bbox 2812 3128 3294 3198; x_wconf 66' lang='lat' dir='ltr'>praeparationem</span> <span class='ocrx_word' id='word_1_644' title='bbox 3342 3128 3909 3197; x_wconf 72' lang='lat' dir='ltr'>praedestinationem</span> 
     </span>
    </p>
   </div>
   <div class='ocr_carea' id='block_1_93' title="bbox 2215 3216 3909 3288">
    <p class='ocr_par' dir='ltr' id='par_1_93' title="bbox 2215 3216 3909 3288">
     <span class='ocr_line' id='line_1_93' title="bbox 2215 3216 3909 3288; baseline 0.001 -19"><span class='ocrx_word' id='word_1_645' title='bbox 2215 3216 2552 3270; x_wconf 86' lang='lat' dir='ltr'>nominavit.</span> <span class='ocrx_word' id='word_1_646' title='bbox 2593 3218 2834 3270; x_wconf 87' lang='lat' dir='ltr'>Proinde</span> <span class='ocrx_word' id='word_1_647' title='bbox 2875 3217 2991 3269; x_wconf 90' lang='lat' dir='ltr'>sive</span> <span class='ocrx_word' id='word_1_648' title='bbox 3035 3217 3536 3288; x_wconf 71' lang='lat' dir='ltr'>praeparationem,</span> <span class='ocrx_word' id='word_1_649' title='bbox 3598 3235 3699 3271; x_wconf 90' lang='lat' dir='ltr'>seu</span> <span class='ocrx_word' id='word_1_650' title='bbox 3762 3233 3909 3287; x_wconf 72' lang='lat' dir='ltr'>prse-</span> 
     </span>
    </p>
   </div>
   <div class='ocr_carea' id='block_1_94' title="bbox 2216 3304 3905 3377">
    <p class='ocr_par' dir='ltr' id='par_1_94' title="bbox 2216 3304 3905 3377">
     <span class='ocr_line' id='line_1_94' title="bbox 2216 3304 3905 3377; baseline 0.001 -19"><span class='ocrx_word' id='word_1_651' title='bbox 2216 3304 2679 3372; x_wconf 88' lang='lat' dir='ltr'>destinationem,</span> <span class='ocrx_word' id='word_1_652' title='bbox 2713 3306 2773 3359; x_wconf 91' lang='lat' dir='ltr'>in</span> <span class='ocrx_word' id='word_1_653' title='bbox 2800 3312 3129 3359; x_wconf 87' lang='lat' dir='ltr'>sanctorum</span> <span class='ocrx_word' id='word_1_654' title='bbox 3165 3306 3330 3360; x_wconf 88' lang='lat' dir='ltr'>dictis</span> <span class='ocrx_word' id='word_1_655' title='bbox 3372 3307 3625 3377; x_wconf 88' lang='lat' dir='ltr'>positum</span> <span class='ocrx_word' id='word_1_656' title='bbox 3675 3307 3905 3360; x_wconf 88' lang='lat' dir='ltr'>invene-</span> 
     </span>
    </p>
   </div>
   <div class='ocr_carea' id='block_1_95' title="bbox 2216 3394 3589 3465">
    <p class='ocr_par' dir='ltr' id='par_1_95' title="bbox 2216 3394 3589 3465">
     <span class='ocr_line' id='line_1_95' title="bbox 2216 3394 3589 3465; baseline 0.002 -19"><span class='ocrx_word' id='word_1_657' title='bbox 2216 3394 2413 3460; x_wconf 87' lang='lat' dir='ltr'>rimus,</span> <span class='ocrx_word' id='word_1_658' title='bbox 2449 3411 2628 3447; x_wconf 91' lang='lat' dir='ltr'>unum</span> <span class='ocrx_word' id='word_1_659' title='bbox 2661 3395 2928 3465; x_wconf 89' lang='lat' dir='ltr'>idemque</span> <span class='ocrx_word' id='word_1_660' title='bbox 2959 3395 3272 3464; x_wconf 90' lang='lat' dir='ltr'>signiﬁcari</span> <span class='ocrx_word' id='word_1_661' title='bbox 3301 3395 3589 3449; x_wconf 89' lang='lat' dir='ltr'>docemur.</span> 
     </span>
    </p>
   </div>
   <div class='ocr_carea' id='block_1_96' title="bbox 2463 3483 3658 3551">
    <p class='ocr_par' dir='ltr' id='par_1_96' title="bbox 2463 3483 3658 3551">
     <span class='ocr_line' id='line_1_96' title="bbox 2463 3483 3658 3551; baseline 0 -14"><span class='ocrx_word' id='word_1_662' title='bbox 2463 3483 2591 3537; x_wconf 80' lang='lat' dir='ltr'>CAP.</span> <span class='ocrx_word' id='word_1_663' title='bbox 2628 3483 2795 3536; x_wconf 84' lang='lat' dir='ltr'>XXIX.</span> <span class='ocrx_word' id='word_1_664' title='bbox 2824 3513 2883 3523; x_wconf 92' lang='lat'><strong><em>—</em></strong></span> <span class='ocrx_word' id='word_1_665' title='bbox 2916 3486 3049 3537; x_wconf 86' lang='lat' dir='ltr'>Item</span> <span class='ocrx_word' id='word_1_666' title='bbox 3071 3484 3137 3535; x_wconf 89' lang='lat' dir='ltr'>de</span> <span class='ocrx_word' id='word_1_667' title='bbox 3162 3483 3658 3551; x_wconf 71' lang='lat' dir='ltr'>praedestinatione.</span> 
     </span>
    </p>
   </div>
   <div class='ocr_carea' id='block_1_97' title="bbox 2287 3570 3969 3641">
    <p class='ocr_par' dir='ltr' id='par_1_97' title="bbox 2287 3570 3969 3641">
     <span class='ocr_line' id='line_1_97' title="bbox 2287 3570 3969 3641; baseline 0 -17"><span class='ocrx_word' id='word_1_668' title='bbox 2287 3572 2404 3639; x_wconf 73' lang='lat' dir='ltr'>(Ea:</span> <span class='ocrx_word' id='word_1_669' title='bbox 2431 3571 2593 3624; x_wconf 83' lang='lat' dir='ltr'>dictis</span> <span class='ocrx_word' id='word_1_670' title='bbox 2628 3570 2879 3641; x_wconf 75' lang='lat' dir='ltr'>Ambro.)</span> <span class='ocrx_word' id='word_1_671' title='bbox 2911 3570 3005 3622; x_wconf 85' lang='lat' dir='ltr'>His</span> <span class='ocrx_word' id='word_1_672' title='bbox 3066 3571 3335 3623; x_wconf 92' lang='lat' dir='ltr'>omnibus</span> <span class='ocrx_word' id='word_1_673' title='bbox 3384 3571 3726 3624; x_wconf 89' lang='lat' dir='ltr'>testimoniis</span> <span class='ocrx_word' id='word_1_674' title='bbox 3766 3588 3911 3641; x_wconf 72' lang='lat' dir='ltr'>prte-</span> <span class='ocrx_word' id='word_1_675' title='bbox 3966 3597 3969 3605; x_wconf 65' lang='grc' dir='ltr'><strong><em>ι</em></strong></span> 
     </span>
    </p>
   </div>
   <div class='ocr_carea' id='block_1_98' title="bbox 2214 3658 3911 3728">
    <p class='ocr_par' dir='ltr' id='par_1_98' title="bbox 2214 3658 3911 3728">
     <span class='ocr_line' id='line_1_98' title="bbox 2214 3658 3911 3728; baseline 0.001 -17"><span class='ocrx_word' id='word_1_676' title='bbox 2214 3659 2480 3712; x_wconf 89' lang='lat' dir='ltr'>destinati</span> <span class='ocrx_word' id='word_1_677' title='bbox 2512 3658 2914 3725; x_wconf 89' lang='lat' dir='ltr'>ostenduntur,</span> <span class='ocrx_word' id='word_1_678' title='bbox 2948 3658 3086 3711; x_wconf 89' lang='lat' dir='ltr'>mali</span> <span class='ocrx_word' id='word_1_679' title='bbox 3112 3659 3182 3711; x_wconf 83' lang='lat' dir='ltr'>ad</span> <span class='ocrx_word' id='word_1_680' title='bbox 3215 3674 3461 3728; x_wconf 71' lang='lat' dir='ltr'>poenam,</span> <span class='ocrx_word' id='word_1_681' title='bbox 3493 3660 3589 3712; x_wconf 92' lang='lat' dir='ltr'>sed</span> <span class='ocrx_word' id='word_1_682' title='bbox 3622 3675 3737 3712; x_wconf 92' lang='lat' dir='ltr'>non</span> <span class='ocrx_word' id='word_1_683' title='bbox 3769 3676 3911 3728; x_wconf 72' lang='lat' dir='ltr'>prae-</span> 
     </span>
    </p>
   </div>
   <div class='ocr_carea' id='block_1_99' title="bbox 2214 3746 3908 3818">
    <p class='ocr_par' dir='ltr' id='par_1_99' title="bbox 2214 3746 3908 3818">
     <span class='ocr_line' id='line_1_99' title="bbox 2214 3746 3908 3818; baseline -0.001 -17"><span class='ocrx_word' id='word_1_684' title='bbox 2214 3747 2482 3801; x_wconf 86' lang='lat' dir='ltr'>destinati</span> <span class='ocrx_word' id='word_1_685' title='bbox 2505 3748 2574 3801; x_wconf 89' lang='lat' dir='ltr'>ad</span> <span class='ocrx_word' id='word_1_686' title='bbox 2606 3755 2922 3817; x_wconf 90' lang='lat' dir='ltr'>peccatum.</span> <span class='ocrx_word' id='word_1_687' title='bbox 2955 3746 3240 3810; x_wconf 87' lang='lat' dir='ltr'>Quoniam</span> <span class='ocrx_word' id='word_1_688' title='bbox 3272 3763 3473 3801; x_wconf 87' lang='lat' dir='ltr'>eorum</span> <span class='ocrx_word' id='word_1_689' title='bbox 3539 3763 3668 3818; x_wconf 58' lang='lat' dir='ltr'>qua</span> <span class='ocrx_word' id='word_1_690' title='bbox 3729 3750 3908 3801; x_wconf 84' lang='lat' dir='ltr'>factu-</span> 
     </span>
    </p>
   </div>
   <div class='ocr_carea' id='block_1_100' title="bbox 2214 3835 3903 3906">
    <p class='ocr_par' dir='ltr' id='par_1_100' title="bbox 2214 3835 3903 3906">
     <span class='ocr_line' id='line_1_100' title="bbox 2214 3835 3903 3906; baseline 0 -17"><span class='ocrx_word' id='word_1_691' title='bbox 2214 3853 2311 3889; x_wconf 89' lang='lat' dir='ltr'>rus</span> <span class='ocrx_word' id='word_1_692' title='bbox 2338 3842 2422 3890; x_wconf 89' lang='lat' dir='ltr'>est</span> <span class='ocrx_word' id='word_1_693' title='bbox 2453 3838 2619 3902; x_wconf 90' lang='lat' dir='ltr'>Deus,</span> <span class='ocrx_word' id='word_1_694' title='bbox 2656 3835 3098 3906; x_wconf 75' lang='lat' dir='ltr'>przedestinator</span> <span class='ocrx_word' id='word_1_695' title='bbox 3124 3843 3227 3889; x_wconf 91' lang='lat' dir='ltr'>est.</span> <span class='ocrx_word' id='word_1_696' title='bbox 3262 3836 3399 3899; x_wconf 82' lang='lat' dir='ltr'>Quae</span> <span class='ocrx_word' id='word_1_697' title='bbox 3430 3852 3563 3890; x_wconf 91' lang='lat' dir='ltr'>vero</span> <span class='ocrx_word' id='word_1_698' title='bbox 3604 3852 3707 3890; x_wconf 91' lang='lat' dir='ltr'>nec</span> <span class='ocrx_word' id='word_1_699' title='bbox 3746 3836 3903 3901; x_wconf 89' lang='lat' dir='ltr'>fecit,</span> 
     </span>
    </p>
   </div>
   <div class='ocr_carea' id='block_1_101' title="bbox 2213 3924 3906 3995">
    <p class='ocr_par' dir='ltr' id='par_1_101' title="bbox 2213 3924 3906 3995">
     <span class='ocr_line' id='line_1_101' title="bbox 2213 3924 3906 3995; baseline 0.001 -17"><span class='ocrx_word' id='word_1_700' title='bbox 2213 3940 2318 3978; x_wconf 91' lang='lat' dir='ltr'>nec</span> <span class='ocrx_word' id='word_1_701' title='bbox 2347 3926 2597 3978; x_wconf 88' lang='lat' dir='ltr'>facturus</span> <span class='ocrx_word' id='word_1_702' title='bbox 2623 3929 2726 3991; x_wconf 91' lang='lat' dir='ltr'>est,</span> <span class='ocrx_word' id='word_1_703' title='bbox 2762 3940 2827 3978; x_wconf 89' lang='lat' dir='ltr'>ea</span> <span class='ocrx_word' id='word_1_704' title='bbox 2876 3941 2987 3977; x_wconf 91' lang='lat' dir='ltr'>non</span> <span class='ocrx_word' id='word_1_705' title='bbox 3030 3924 3471 3995; x_wconf 74' lang='lat' dir='ltr'>praedestinavit.</span> <span class='ocrx_word' id='word_1_706' title='bbox 3533 3924 3676 3989; x_wconf 90' lang='lat' dir='ltr'>Quia</span> <span class='ocrx_word' id='word_1_707' title='bbox 3711 3931 3906 3979; x_wconf 89' lang='lat' dir='ltr'>autem</span> 
     </span>
    </p>
   </div>
   <div class='ocr_carea' id='block_1_102' title="bbox 2209 4012 3903 4084">
    <p class='ocr_par' dir='ltr' id='par_1_102' title="bbox 2209 4012 3903 4084">
     <span class='ocr_line' id='line_1_102' title="bbox 2209 4012 3903 4084; baseline 0.001 -19"><span class='ocrx_word' id='word_1_708' title='bbox 2209 4014 2567 4084; x_wconf 87' lang='lat' dir='ltr'>judicaturus</span> <span class='ocrx_word' id='word_1_709' title='bbox 2596 4018 2679 4066; x_wconf 88' lang='lat' dir='ltr'>est</span> <span class='ocrx_word' id='word_1_710' title='bbox 2714 4012 3013 4078; x_wconf 92' lang='lat' dir='ltr'>mundum,</span> <span class='ocrx_word' id='word_1_711' title='bbox 3055 4018 3110 4066; x_wconf 90' lang='lat' dir='ltr'>et</span> <span class='ocrx_word' id='word_1_712' title='bbox 3142 4013 3353 4081; x_wconf 90' lang='lat' dir='ltr'>impios</span> <span class='ocrx_word' id='word_1_713' title='bbox 3406 4014 3563 4082; x_wconf 88' lang='lat' dir='ltr'>justo</span> <span class='ocrx_word' id='word_1_714' title='bbox 3621 4013 3903 4083; x_wconf 84' lang='lat' dir='ltr'>supplicio</span> 
     </span>
    </p>
   </div>
   <div class='ocr_carea' id='block_1_103' title="bbox 2212 4100 3906 4172">
    <p class='ocr_par' dir='ltr' id='par_1_103' title="bbox 2212 4100 3906 4172">
     <span class='ocr_line' id='line_1_103' title="bbox 2212 4100 3906 4172; baseline 0 -17"><span class='ocrx_word' id='word_1_715' title='bbox 2212 4117 2317 4170; x_wconf 90' lang='lat' dir='ltr'>pro</span> <span class='ocrx_word' id='word_1_716' title='bbox 2350 4101 2754 4172; x_wconf 88' lang='lat' dir='ltr'>iniquitatibus</span> <span class='ocrx_word' id='word_1_717' title='bbox 2785 4100 2902 4153; x_wconf 89' lang='lat' dir='ltr'>suis</span> <span class='ocrx_word' id='word_1_718' title='bbox 2935 4102 3329 4167; x_wconf 89' lang='lat' dir='ltr'>damnaturus,</span> <span class='ocrx_word' id='word_1_719' title='bbox 3362 4107 3669 4172; x_wconf 86' lang='lat' dir='ltr'>propterea</span> <span class='ocrx_word' id='word_1_720' title='bbox 3702 4108 3759 4156; x_wconf 88' lang='lat' dir='ltr'>et</span> <span class='ocrx_word' id='word_1_721' title='bbox 3807 4118 3906 4155; x_wconf 90' lang='lat' dir='ltr'>eos</span> 
     </span>
    </p>
   </div>
   <div class='ocr_carea' id='block_1_104' title="bbox 2214 4190 3907 4260">
    <p class='ocr_par' dir='ltr' id='par_1_104' title="bbox 2214 4190 3907 4260">
     <span class='ocr_line' id='line_1_104' title="bbox 2214 4190 3907 4260; baseline 0 -18"><span class='ocrx_word' id='word_1_722' title='bbox 2214 4190 2640 4260; x_wconf 63' lang='lat' dir='ltr'>praedestinavit</span> <span class='ocrx_word' id='word_1_723' title='bbox 2669 4190 2737 4243; x_wconf 91' lang='lat' dir='ltr'>ad</span> <span class='ocrx_word' id='word_1_724' title='bbox 2788 4204 3040 4258; x_wconf 77' lang='lat' dir='ltr'>pcenam,</span> <span class='ocrx_word' id='word_1_725' title='bbox 3081 4195 3137 4243; x_wconf 90' lang='lat' dir='ltr'>et</span> <span class='ocrx_word' id='word_1_726' title='bbox 3193 4206 3421 4259; x_wconf 90' lang='lat' dir='ltr'>poenam</span> <span class='ocrx_word' id='word_1_727' title='bbox 3480 4190 3907 4260; x_wconf 76' lang='lat' dir='ltr'>praedestinavit</span> 
     </span>
    </p>
   </div>
   <div class='ocr_carea' id='block_1_105' title="bbox 2214 4278 3903 4348">
    <p class='ocr_par' dir='ltr' id='par_1_105' title="bbox 2214 4278 3903 4348">
     <span class='ocr_line' id='line_1_105' title="bbox 2214 4278 3903 4348; baseline -0.001 -15"><span class='ocrx_word' id='word_1_728' title='bbox 2214 4280 2345 4333; x_wconf 89' lang='lat' dir='ltr'>illis.</span> <span class='ocrx_word' id='word_1_729' title='bbox 2404 4278 2485 4331; x_wconf 85' lang='lat' dir='ltr'>Ad</span> <span class='ocrx_word' id='word_1_730' title='bbox 2544 4283 2839 4348; x_wconf 88' lang='lat' dir='ltr'>peccatum</span> <span class='ocrx_word' id='word_1_731' title='bbox 2893 4283 3081 4331; x_wconf 86' lang='lat' dir='ltr'>autem</span> <span class='ocrx_word' id='word_1_732' title='bbox 3137 4294 3249 4332; x_wconf 91' lang='lat' dir='ltr'>non</span> <span class='ocrx_word' id='word_1_733' title='bbox 3302 4295 3400 4331; x_wconf 91' lang='lat' dir='ltr'>eos</span> <span class='ocrx_word' id='word_1_734' title='bbox 3453 4279 3903 4348; x_wconf 62' lang='lat' dir='ltr'>prmdestinavit,</span> 
     </span>
    </p>
   </div>
   <div class='ocr_carea' id='block_1_106' title="bbox 2213 4366 3901 4438">
    <p class='ocr_par' dir='ltr' id='par_1_106' title="bbox 2213 4366 3901 4438">
     <span class='ocr_line' id='line_1_106' title="bbox 2213 4366 3901 4438; baseline 0 -18"><span class='ocrx_word' id='word_1_735' title='bbox 2213 4367 2487 4438; x_wconf 90' lang='lat' dir='ltr'>quoniam</span> <span class='ocrx_word' id='word_1_736' title='bbox 2518 4384 2630 4419; x_wconf 93' lang='lat' dir='ltr'>non</span> <span class='ocrx_word' id='word_1_737' title='bbox 2676 4372 2761 4420; x_wconf 91' lang='lat' dir='ltr'>est</span> <span class='ocrx_word' id='word_1_738' title='bbox 2786 4367 2936 4421; x_wconf 86' lang='lat' dir='ltr'>Deus</span> <span class='ocrx_word' id='word_1_739' title='bbox 2984 4372 3181 4420; x_wconf 89' lang='lat' dir='ltr'>auctor</span> <span class='ocrx_word' id='word_1_740' title='bbox 3218 4366 3561 4438; x_wconf 89' lang='lat' dir='ltr'>iniquitatis.</span> <span class='ocrx_word' id='word_1_741' title='bbox 3617 4367 3901 4431; x_wconf 90' lang='lat' dir='ltr'>Quoniam</span> 
     </span>
    </p>
   </div>
   <div class='ocr_carea' id='block_1_107' title="bbox 2211 4454 3903 4525">
    <p class='ocr_par' dir='ltr' id='par_1_107' title="bbox 2211 4454 3903 4525">
     <span class='ocr_line' id='line_1_107' title="bbox 2211 4454 3903 4525; baseline -0.001 -15"><span class='ocrx_word' id='word_1_742' title='bbox 2211 4458 2355 4511; x_wconf 90' lang='lat' dir='ltr'>sicut</span> <span class='ocrx_word' id='word_1_743' title='bbox 2378 4455 2606 4525; x_wconf 89' lang='lat' dir='ltr'>justitia</span> <span class='ocrx_word' id='word_1_744' title='bbox 2634 4471 2699 4509; x_wconf 86' lang='lat' dir='ltr'>ex</span> <span class='ocrx_word' id='word_1_745' title='bbox 2731 4455 2845 4508; x_wconf 90' lang='lat' dir='ltr'>Deo</span> <span class='ocrx_word' id='word_1_746' title='bbox 2893 4460 2999 4523; x_wconf 90' lang='lat' dir='ltr'>est,</span> <span class='ocrx_word' id='word_1_747' title='bbox 3032 4461 3089 4509; x_wconf 90' lang='lat' dir='ltr'>et</span> <span class='ocrx_word' id='word_1_748' title='bbox 3128 4471 3298 4508; x_wconf 90' lang='lat' dir='ltr'>omne</span> <span class='ocrx_word' id='word_1_749' title='bbox 3349 4472 3492 4525; x_wconf 89' lang='lat' dir='ltr'>opus</span> <span class='ocrx_word' id='word_1_750' title='bbox 3548 4454 3763 4510; x_wconf 90' lang='lat' dir='ltr'>bonum</span> <span class='ocrx_word' id='word_1_751' title='bbox 3824 4456 3903 4509; x_wconf 90' lang='lat' dir='ltr'>ita</span> 
     </span>
    </p>
   </div>
   <div class='ocr_carea' id='block_1_108' title="bbox 2208 4544 3581 4615">
    <p class='ocr_par' dir='ltr' id='par_1_108' title="bbox 2208 4544 3581 4615">
     <span class='ocr_line' id='line_1_108' title="bbox 2208 4544 3581 4615; baseline 0.001 -18"><span class='ocrx_word' id='word_1_752' title='bbox 2208 4545 2478 4615; x_wconf 90' lang='lat' dir='ltr'>iniquitas</span> <span class='ocrx_word' id='word_1_753' title='bbox 2507 4551 2561 4597; x_wconf 89' lang='lat' dir='ltr'>et</span> <span class='ocrx_word' id='word_1_754' title='bbox 2591 4561 2760 4597; x_wconf 83' lang='lat' dir='ltr'>omne</span> <span class='ocrx_word' id='word_1_755' title='bbox 2794 4560 2939 4614; x_wconf 90' lang='lat' dir='ltr'>opus</span> <span class='ocrx_word' id='word_1_756' title='bbox 2968 4560 3205 4613; x_wconf 89' lang='lat' dir='ltr'>pravum</span> <span class='ocrx_word' id='word_1_757' title='bbox 3237 4560 3305 4598; x_wconf 83' lang='lat' dir='ltr'>ex</span> <span class='ocrx_word' id='word_1_758' title='bbox 3336 4544 3581 4599; x_wconf 90' lang='lat' dir='ltr'>diabolo.</span> 
     </span>
    </p>
   </div>
   <div class='ocr_carea' id='block_1_109' title="bbox 2376 4626 3646 4701">
    <p class='ocr_par' dir='ltr' id='par_1_109' title="bbox 2376 4626 3646 4701">
     <span class='ocr_line' id='line_1_109' title="bbox 2376 4626 3646 4701; baseline -0.001 -14"><span class='ocrx_word' id='word_1_759' title='bbox 2376 4626 2391 4629; x_wconf 64' lang='grc'><strong><em>“</em></strong></span> <span class='ocrx_word' id='word_1_760' title='bbox 2456 4634 2583 4688; x_wconf 83' lang='lat' dir='ltr'>CAP.</span> <span class='ocrx_word' id='word_1_761' title='bbox 2618 4634 2759 4687; x_wconf 87' lang='lat' dir='ltr'><strong>XXX.</strong></span> <span class='ocrx_word' id='word_1_762' title='bbox 2800 4660 2859 4671; x_wconf 79' lang='lat'>--</span> <span class='ocrx_word' id='word_1_763' title='bbox 2888 4633 3029 4686; x_wconf 88' lang='lat' dir='ltr'>Item</span> <span class='ocrx_word' id='word_1_764' title='bbox 3058 4632 3123 4685; x_wconf 88' lang='lat' dir='ltr'>de</span> <span class='ocrx_word' id='word_1_765' title='bbox 3150 4632 3646 4701; x_wconf 71' lang='lat' dir='ltr'>praedestinationc.</span> 
     </span>
    </p>
   </div>
   <div class='ocr_carea' id='block_1_110' title="bbox 2280 4722 3896 4791">
    <p class='ocr_par' dir='ltr' id='par_1_110' title="bbox 2280 4722 3896 4791">
     <span class='ocr_line' id='line_1_110' title="bbox 2280 4722 3896 4791; baseline -0.002 -14"><span class='ocrx_word' id='word_1_766' title='bbox 2280 4724 2391 4791; x_wconf 70' lang='lat' dir='ltr'>(Em</span> <span class='ocrx_word' id='word_1_767' title='bbox 2415 4722 2577 4776; x_wconf 81' lang='lat' dir='ltr'>dictis</span> <span class='ocrx_word' id='word_1_768' title='bbox 2618 4722 2883 4790; x_wconf 85' lang='lat' dir='ltr'>August.)</span> <span class='ocrx_word' id='word_1_769' title='bbox 2911 4722 3435 4775; x_wconf 66' lang='lat' dir='ltr'>Praedestinationis</span> <span class='ocrx_word' id='word_1_770' title='bbox 3465 4722 3620 4775; x_wconf 88' lang='lat' dir='ltr'>enim</span> <span class='ocrx_word' id='word_1_771' title='bbox 3660 4722 3896 4775; x_wconf 91' lang='lat' dir='ltr'>nomine</span> 
     </span>
    </p>
   </div>
   <div class='ocr_carea' id='block_1_111' title="bbox 2206 4808 3898 4880">
    <p class='ocr_par' dir='ltr' id='par_1_111' title="bbox 2206 4808 3898 4880">
     <span class='ocr_line' id='line_1_111' title="bbox 2206 4808 3898 4880; baseline -0.002 -16"><span class='ocrx_word' id='word_1_772' title='bbox 2206 4827 2325 4864; x_wconf 90' lang='lat' dir='ltr'>non</span> <span class='ocrx_word' id='word_1_773' title='bbox 2367 4811 2559 4880; x_wconf 87' lang='lat' dir='ltr'>aliqua</span> <span class='ocrx_word' id='word_1_774' title='bbox 2604 4809 2919 4862; x_wconf 88' lang='lat' dir='ltr'>voluntatis</span> <span class='ocrx_word' id='word_1_775' title='bbox 2966 4809 3235 4861; x_wconf 67' lang='lat' dir='ltr'>humanm</span> <span class='ocrx_word' id='word_1_776' title='bbox 3281 4808 3545 4861; x_wconf 89' lang='lat' dir='ltr'>coactitia</span> <span class='ocrx_word' id='word_1_777' title='bbox 3590 4808 3898 4861; x_wconf 89' lang='lat' dir='ltr'>necessitas</span> 
     </span>
    </p>
   </div>
   <div class='ocr_carea' id='block_1_112' title="bbox 2206 4896 3898 4968">
    <p class='ocr_par' dir='ltr' id='par_1_112' title="bbox 2206 4896 3898 4968">
     <span class='ocr_line' id='line_1_112' title="bbox 2206 4896 3898 4968; baseline -0.002 -16"><span class='ocrx_word' id='word_1_778' title='bbox 2206 4898 2562 4968; x_wconf 85' lang='lat' dir='ltr'>exprimitur.</span> <span class='ocrx_word' id='word_1_779' title='bbox 2616 4898 2727 4952; x_wconf 91' lang='lat' dir='ltr'>Sed</span> <span class='ocrx_word' id='word_1_780' title='bbox 2782 4897 3108 4951; x_wconf 89' lang='lat' dir='ltr'>misericors</span> <span class='ocrx_word' id='word_1_781' title='bbox 3167 4902 3225 4952; x_wconf 92' lang='lat' dir='ltr'>et</span> <span class='ocrx_word' id='word_1_782' title='bbox 3256 4897 3413 4967; x_wconf 89' lang='lat' dir='ltr'>justa</span> <span class='ocrx_word' id='word_1_783' title='bbox 3470 4896 3648 4950; x_wconf 90' lang='lat' dir='ltr'>divini</span> <span class='ocrx_word' id='word_1_784' title='bbox 3707 4898 3898 4966; x_wconf 88' lang='lat' dir='ltr'>operis</span> 
     </span>
    </p>
   </div>
   <div class='ocr_carea' id='block_1_113' title="bbox 2205 4986 3268 5057">
    <p class='ocr_par' dir='ltr' id='par_1_113' title="bbox 2205 4986 3268 5057">
     <span class='ocr_line' id='line_1_113' title="bbox 2205 4986 3268 5057; baseline -0.002 -16"><span class='ocrx_word' id='word_1_785' title='bbox 2205 4988 2553 5057; x_wconf 88' lang='lat' dir='ltr'>sempiterna</span> <span class='ocrx_word' id='word_1_786' title='bbox 2581 4986 2880 5055; x_wconf 89' lang='lat' dir='ltr'>dispositio</span> <span class='ocrx_word' id='word_1_787' title='bbox 2903 4986 3268 5057; x_wconf 68' lang='lat' dir='ltr'>praedicatur.</span> 
     </span>
    </p>
   </div>
   <div class='ocr_carea' id='block_1_114' title="bbox 2448 5074 3656 5144">
    <p class='ocr_par' dir='ltr' id='par_1_114' title="bbox 2448 5074 3656 5144">
     <span class='ocr_line' id='line_1_114' title="bbox 2448 5074 3656 5144; baseline -0.001 -14"><span class='ocrx_word' id='word_1_788' title='bbox 2448 5076 2576 5130; x_wconf 80' lang='lat' dir='ltr'>CAP.</span> <span class='ocrx_word' id='word_1_789' title='bbox 2610 5077 2784 5131; x_wconf 88' lang='lat' dir='ltr'><strong>XXXI.</strong></span> <span class='ocrx_word' id='word_1_790' title='bbox 2818 5105 2887 5115; x_wconf 97' lang='lat'><strong>—</strong></span> <span class='ocrx_word' id='word_1_791' title='bbox 2914 5078 3043 5130; x_wconf 85' lang='lat' dir='ltr'>llem</span> <span class='ocrx_word' id='word_1_792' title='bbox 3068 5074 3133 5128; x_wconf 87' lang='lat' dir='ltr'>de</span> <span class='ocrx_word' id='word_1_793' title='bbox 3157 5075 3656 5144; x_wconf 73' lang='lat' dir='ltr'>praedestinatione.</span> 
     </span>
    </p>
   </div>
   <div class='ocr_carea' id='block_1_115' title="bbox 2273 5164 3897 5235">
    <p class='ocr_par' dir='ltr' id='par_1_115' title="bbox 2273 5164 3897 5235">
     <span class='ocr_line' id='line_1_115' title="bbox 2273 5164 3897 5235; baseline -0.001 -16"><span class='ocrx_word' id='word_1_794' title='bbox 2273 5166 2384 5233; x_wconf 71' lang='lat' dir='ltr'>(Ex</span> <span class='ocrx_word' id='word_1_795' title='bbox 2414 5166 2575 5219; x_wconf 81' lang='lat' dir='ltr'>dictis</span> <span class='ocrx_word' id='word_1_796' title='bbox 2600 5164 3019 5235; x_wconf 84' lang='lat' dir='ltr'>Isidori.)Quia</span> <span class='ocrx_word' id='word_1_797' title='bbox 3071 5180 3208 5233; x_wconf 90' lang='lat' dir='ltr'>ergo</span> <span class='ocrx_word' id='word_1_798' title='bbox 3242 5165 3386 5217; x_wconf 89' lang='lat' dir='ltr'>Deus</span> <span class='ocrx_word' id='word_1_799' title='bbox 3443 5164 3605 5217; x_wconf 88' lang='lat' dir='ltr'>nulla</span> <span class='ocrx_word' id='word_1_800' title='bbox 3653 5164 3897 5219; x_wconf 87' lang='lat' dir='ltr'>necessi-</span> 
     </span>
    </p>
   </div>
   <div class='ocr_carea' id='block_1_116' title="bbox 2203 5252 3901 5324">
    <p class='ocr_par' dir='ltr' id='par_1_116' title="bbox 2203 5252 3901 5324">
     <span class='ocr_line' id='line_1_116' title="bbox 2203 5252 3901 5324; baseline -0.001 -17"><span class='ocrx_word' id='word_1_801' title='bbox 2203 5258 2318 5308; x_wconf 88' lang='lat' dir='ltr'>tate</span> <span class='ocrx_word' id='word_1_802' title='bbox 2348 5254 2734 5324; x_wconf 88' lang='lat' dir='ltr'>compellitur,</span> <span class='ocrx_word' id='word_1_803' title='bbox 2770 5259 2833 5307; x_wconf 88' lang='lat' dir='ltr'>ut</span> <span class='ocrx_word' id='word_1_804' title='bbox 2862 5252 3077 5324; x_wconf 90' lang='lat' dir='ltr'>aliquid</span> <span class='ocrx_word' id='word_1_805' title='bbox 3110 5252 3311 5306; x_wconf 88' lang='lat' dir='ltr'>nolens</span> <span class='ocrx_word' id='word_1_806' title='bbox 3338 5252 3651 5323; x_wconf 89' lang='lat' dir='ltr'>promittat.</span> <span class='ocrx_word' id='word_1_807' title='bbox 3679 5253 3901 5306; x_wconf 86' lang='lat' dir='ltr'>Nullius</span> 
     </span>
    </p>
   </div>
   <div class='ocr_carea' id='block_1_117' title="bbox 2201 5342 3898 5413">
    <p class='ocr_par' dir='ltr' id='par_1_117' title="bbox 2201 5342 3898 5413">
     <span class='ocr_line' id='line_1_117' title="bbox 2201 5342 3898 5413; baseline -0.001 -16"><span class='ocrx_word' id='word_1_808' title='bbox 2201 5344 2401 5413; x_wconf 90' lang='lat' dir='ltr'>utique</span> <span class='ocrx_word' id='word_1_809' title='bbox 2434 5343 2791 5397; x_wconf 85' lang='lat' dir='ltr'>adversitatis</span> <span class='ocrx_word' id='word_1_810' title='bbox 2822 5342 3135 5412; x_wconf 89' lang='lat' dir='ltr'>impeditur</span> <span class='ocrx_word' id='word_1_811' title='bbox 3162 5342 3480 5410; x_wconf 88' lang='lat' dir='ltr'>obstaculo,</span> <span class='ocrx_word' id='word_1_812' title='bbox 3512 5358 3627 5412; x_wconf 90' lang='lat' dir='ltr'>quo</span> <span class='ocrx_word' id='word_1_813' title='bbox 3658 5342 3714 5395; x_wconf 92' lang='lat' dir='ltr'>id</span> <span class='ocrx_word' id='word_1_814' title='bbox 3745 5342 3898 5412; x_wconf 90' lang='lat' dir='ltr'>quod</span> 
     </span>
    </p>
   </div>
   <div class='ocr_carea' id='block_1_118' title="bbox 2201 5429 3894 5502">
    <p class='ocr_par' dir='ltr' id='par_1_118' title="bbox 2201 5429 3894 5502">
     <span class='ocr_line' id='line_1_118' title="bbox 2201 5429 3894 5502; baseline -0.001 -17"><span class='ocrx_word' id='word_1_815' title='bbox 2201 5431 2486 5502; x_wconf 89' lang='lat' dir='ltr'>promisit,</span> <span class='ocrx_word' id='word_1_816' title='bbox 2529 5436 2626 5485; x_wconf 87' lang='lat' dir='ltr'>aut</span> <span class='ocrx_word' id='word_1_817' title='bbox 2676 5431 2866 5484; x_wconf 91' lang='lat' dir='ltr'>minus</span> <span class='ocrx_word' id='word_1_818' title='bbox 2900 5446 3075 5501; x_wconf 91' lang='lat' dir='ltr'>quam</span> <span class='ocrx_word' id='word_1_819' title='bbox 3105 5432 3245 5497; x_wconf 91' lang='lat' dir='ltr'>vult,</span> <span class='ocrx_word' id='word_1_820' title='bbox 3281 5436 3380 5485; x_wconf 90' lang='lat' dir='ltr'>aut</span> <span class='ocrx_word' id='word_1_821' title='bbox 3434 5431 3652 5485; x_wconf 88' lang='lat' dir='ltr'>tardius</span> <span class='ocrx_word' id='word_1_822' title='bbox 3710 5429 3894 5483; x_wconf 87' lang='lat' dir='ltr'>faciat.</span> 
     </span>
    </p>
   </div>
   <div class='ocr_carea' id='block_1_119' title="bbox 2203 5517 3899 5591">
    <p class='ocr_par' dir='ltr' id='par_1_119' title="bbox 2203 5517 3899 5591">
     <span class='ocr_line' id='line_1_119' title="bbox 2203 5517 3899 5591; baseline -0.002 -15"><span class='ocrx_word' id='word_1_823' title='bbox 2203 5522 2445 5577; x_wconf 88' lang='lat' dir='ltr'>Proinde</span> <span class='ocrx_word' id='word_1_824' title='bbox 2474 5520 2682 5591; x_wconf 88' lang='lat' dir='ltr'>potuit,</span> <span class='ocrx_word' id='word_1_825' title='bbox 2740 5521 2885 5574; x_wconf 90' lang='lat' dir='ltr'>sicut</span> <span class='ocrx_word' id='word_1_826' title='bbox 2916 5519 3113 5587; x_wconf 87' lang='lat' dir='ltr'>voluit,</span> <span class='ocrx_word' id='word_1_827' title='bbox 3164 5520 3574 5591; x_wconf 76' lang='lat' dir='ltr'>praedestinare</span> <span class='ocrx_word' id='word_1_828' title='bbox 3620 5517 3899 5589; x_wconf 89' lang='lat' dir='ltr'>quosdam</span> 
     </span>
    </p>
   </div>
  </div>
