4010 6194
167 361 299 413 1027

1241 356 1418 412 BURC
1431 358 1470 411 H
1483 357 1645 411 ARDI
1689 354 2230 412 WORMACIENSIS
2269 353 2604 410 EPISCOPI.

3545 359 3684 410 1028

162 483 229 537 ad
258 485 524 554 gloriam,
558 500 703 555 quos
735 484 849 537 lam
882 482 952 536 ad
987 498 1234 552 poenam.
1273 481 1382 537 Sed
1439 498 1584 552 quos
1634 481 1864 552 praede-
1895 488 1939 538 Α
1983 483 2172 536 minus
2204 483 2260 536 in
2286 480 2504 551 judicio
2531 497 2650 535 non
2678 481 2868 534 solum
2896 480 3081 548 bonis,
3117 488 3182 536 ut
3227 484 3546 555 percipiant
3578 501 3680 538 ra—

159 573 392 628 stinavit
421 574 489 628 ad
519 574 782 644 gloriam,
817 571 1246 642 praedestinavit
1276 571 1344 625 ad
1369 571 1674 641 justitiam.
1709 571 1862 635 Quos

158 670 353 716 autem
388 661 813 733 praedestinavit
843 661 910 714 ad
942 675 1194 728 poenam,
1247 676 1361 713 non
1438 660 1864 730 praedestinavit

159 751 226 804 ad
259 752 508 820 culpam.
557 752 698 804 Item
753 750 924 819 paulo
970 748 1231 801 inferius.
1289 749 1353 801 In
1412 749 1624 801 sanctis
1684 749 1860 818 igitur

158 845 399 892 coronat
426 838 894 908 Deusjustitiam,
929 852 1102 907 quam
1124 836 1206 889 eis
1245 837 1425 907 gratis
1454 837 1576 907 ipse
1633 838 1854 902 tribuit,

153 929 335 998 gratis
375 928 636 992 servavit,
695 927 989 996 gratisque
1047 927 1304 995 perfecit.
1367 926 1603 996 Iniquos
1662 932 1857 980 autem

155 1017 560 1070 condemnavit
591 1032 693 1086 pro
725 1015 1041 1084 impietate,
1075 1016 1161 1068 vel
1190 1015 1431 1083 justitia,
1465 1032 1638 1085 quam
1673 1017 1731 1069 in
1776 1017 1858 1069 eis

152 1106 274 1174 ipse
306 1122 420 1159 non
453 1105 600 1158 fecit.
641 1105 703 1158 In
739 1105 852 1157 illis
872 1105 1026 1156 enim
1077 1120 1252 1173 opera
1283 1120 1384 1157 sua
1441 1105 1746 1174 gloriticat,
1796 1104 1857 1158 in

152 1194 276 1247 istis
316 1204 509 1248 autem
538 1209 714 1262 opera
741 1210 854 1246 non
887 1210 988 1245 sua
1019 1193 1385 1247 condemnat.

367 1283 497 1337 CAP.
529 1283 732 1336 XXXII.
776 1311 841 1322 ——
875 1284 1008 1336 Item
1039 1282 1104 1335 de
1137 1282 1637 1350 praedestinatione.

227 1372 333 1438 (Ea:
362 1372 526 1424 dictis
569 1370 831 1439 August.)
867 1370 1153 1423 Fidelibus
1195 1370 1460 1440 congruit
1515 1371 1769 1438 credere,
1801 1375 1858 1424 et

155 1458 319 1511 fateri
345 1460 523 1511 Deum
553 1458 792 1523 bonum,
828 1458 1144 1527 etjustum,
1178 1458 1469 1528 praescisse
1483 1458 1711 1528 qaidem
1732 1475 1855 1529 pec-

155 1551 373 1598 catores
413 1546 678 1599 homines
711 1563 723 1598 :
761 1547 894 1616 quia
925 1545 1069 1598 nihil
1101 1563 1232 1599 eum
1267 1548 1440 1599 latere
1489 1547 1677 1616 potuit
1706 1547 1854 1601 futu-

153 1650 372 1688 rorum.
412 1636 607 1704 Neque
638 1635 792 1686 enim
819 1635 906 1686 vel
929 1636 1123 1687 futura
1151 1641 1360 1701 essent,
1397 1635 1444 1687 si
1475 1634 1534 1688 in
1561 1636 1681 1704 ejus
1714 1653 1854 1706 prae-

153 1723 336 1776 sentia
365 1723 760 1788 nont'uissent,
797 1739 914 1774 non
946 1729 1139 1775 tamen
1179 1723 1618 1792 praedestinasse
1650 1741 1852 1794 quem-

152 1809 294 1862 libet
325 1810 396 1864 ad
428 1816 744 1880 peccatum.
771 1810 932 1874 Quod
961 1811 1007 1862 si
1032 1811 1096 1864 ad
1127 1818 1423 1880 peccatum
1449 1813 1677 1882 aliquod
1704 1814 1851 1866 Deus

152 1897 447 1952 hominem
485 1900 940 1968 praedestinaret,
976 1915 1078 1968 pro
1110 1900 1354 1969 peccatis
1396 1901 1688 1954 hominem
1732 1918 1848 1954 non

151 1988 405 2056 puniret.
444 1987 544 2041 Dei
565 1988 719 2040 enim
760 1987 1281 2058 prmdestinationc,
1336 1995 1435 2042 aut
1483 1997 1851 2059 peccatorum

151 2084 478 2146 praeparata
507 2082 590 2129 est
645 2077 741 2146 pia
798 2077 1083 2145 remissio,
1124 2083 1223 2130 aut
1278 2084 1643 2148 peccatorum
1694 2080 1852 2150 justa

153 2165 402 2236 punitio.

368 2253 495 2307 CAP.
529 2253 747 2308 XXXIII.
785 2281 851 2293 —
884 2255 1015 2306 Item
1045 2253 1111 2306 de
1138 2253 1634 2322 praedestinatione.

224 2343 342 2412 (Ea:
371 2341 533 2396 dictis
556 2342 836 2410 Ambros.)
868 2342 1104 2412 Iniquos
1126 2341 1340 2412 itaque,
1382 2359 1524 2412 quos
1568 2342 1852 2413 praescivit

157 2431 303 2484 Deus
323 2430 468 2483 hanc
490 2431 666 2484 vitam
695 2431 755 2482 iu
806 2437 1034 2500 peccato
1069 2433 1478 2484 terminaturos
1527 2431 1853 2502 prazsdesti-

151 2519 311 2572 navit
340 2518 620 2588 supplicio
650 2518 1068 2572 interminabili
1100 2519 1441 2588 puniendos.
1475 2521 1537 2573 In
1561 2537 1674 2591 quo
1709 2521 1853 2574 sicut

151 2608 434 2676 culpanda
464 2623 577 2661 non
625 2613 709 2660 est
761 2607 1119 2677 praescientia
1174 2609 1446 2662 humanae
1503 2609 1846 2679 iniquitatis,

150 2695 232 2749 ita
265 2696 694 2766 praedestinatio
722 2695 1057 2765 justissimaa
1088 2697 1372 2750 laudanda
1404 2702 1487 2750 est
1512 2699 1767 2765 ultionis,
1787 2705 1850 2752 ut

149 2791 578 2854 agnosceretur,
609 2801 726 2838 non
774 2785 843 2837 ab
903 2801 969 2838 eo
1017 2785 1493 2854 praedestinatum
1555 2786 1846 2841 hominem

154 2877 220 2930 ad
254 2876 652 2947 qualecunque
684 2881 1002 2946 peccatum,
1037 2892 1210 2947 quem
1257 2879 1686 2948 praedestinavit
1718 2896 1847 2948 pec-

151 2965 261 3018 cati
284 2964 490 3018 merito
512 2965 895 3034 puniendum,
921 2966 1072 3018 Deus
1107 2964 1297 3036 itaque
1321 2966 1514 3020 omnia
1537 2967 1840 3020 hominum

150 3069 344 3122 opera,
379 3053 492 3107 sive
523 3053 691 3120 bona,
729 3069 827 3107 seu
854 3053 1005 3107 mala
1037 3055 1352 3122 praescivit:
1389 3056 1525 3125 quia
1582 3072 1716 3109 eum
1765 3056 1845 3109 la-
1879 3049 1918 3102 C

151 3147 270 3196 tere
302 3143 445 3196 nihil
479 3143 690 3212 potuit,
718 3142 817 3196 sed
859 3143 977 3196 sola
1029 3143 1180 3196 bona
1221 3144 1669 3212 praedestinavit,
1717 3161 1846 3214 quae

152 3246 209 3284 se
261 3231 322 3283 in
378 3229 512 3283 ﬁliis
564 3229 760 3300 gratim
815 3231 1101 3283 facturum
1155 3247 1274 3284 esse
1341 3232 1641 3301 praescivit.
1703 3234 1846 3286 Mala

151 3335 283 3372 vero
317 3319 510 3372 futura
541 3334 714 3388 opera
765 3319 1016 3383 illorum,
1068 3335 1210 3388 quos
1253 3335 1368 3372 non
1422 3320 1848 3389 praedestinavit

152 3408 222 3461 ad
248 3423 513 3477 regnum,
547 3407 646 3460 sed
679 3407 751 3460 ad
785 3407 1103 3473 interitum,
1140 3408 1419 3478 prtescivit
1447 3409 1846 3478 potentissima

152 3497 381 3562 deitate,
411 3501 467 3549 et
495 3496 782 3549 ordinavit
813 3496 1048 3566 provida
1077 3496 1353 3550 bonitate.

377 3585 504 3638 Car.
538 3585 752 3638 XXXIV.
784 3613 857 3624 —
876 3585 1004 3638 Item
1032 3585 1097 3638 de
1119 3586 1615 3653 prwdestinatione.

225 3676 328 3743 (Ea:
357 3674 520 3728 dictis
549 3673 820 3742 August.)
858 3673 1131 3727 Dominus
1159 3675 1279 3744 ipse
1311 3691 1414 3728 suo
1444 3691 1709 3729 sermone
1742 3692 1846 3730 nos

149 3762 464 3832 perdocuit,
493 3761 553 3814 in
584 3778 650 3815 eo
673 3761 825 3831 quod
855 3777 887 3814 a
917 3778 975 3814 se
1003 3763 1252 3816 ostendit
1299 3768 1564 3833 paratum
1605 3781 1719 3818 non
1749 3781 1844 3817 so-

151 3851 269 3904 lum
298 3867 564 3921 regnum,
588 3851 686 3904 ubi
718 3851 984 3903 laetentur
1013 3851 1168 3916 boni,
1205 3851 1300 3904 sed
1344 3857 1399 3904 et
1435 3851 1629 3921 ignem
1678 3857 1843 3906 aeter-

149 3955 312 4004 num,
346 3939 442 3993 ubi
468 3940 795 3992 crucientur
825 3938 982 3992 mali.
1017 3939 1189 3992 Bonis
1219 3939 1432 3992 etenim
1463 3941 1718 3994 dicturus
1741 3947 1842 3995 est:

150 4028 368 4095 Venite,
398 4027 682 4081 benedicti
705 4027 883 4096 patris
908 4027 1039 4093 mei,
1074 4027 1351 4097 percipite
1393 4045 1659 4100 regnum,
1692 4030 1845 4100 quod

148 4116 308 4170 vobis
341 4121 606 4185 paratum
639 4121 726 4168 est
754 4132 784 4166 a
823 4114 1230 4169 constitutione
1276 4117 1496 4170 mundi.
1554 4117 1712 4171 Malis
1749 4134 1848 4170 au-

149 4207 266 4258 tem
296 4205 551 4258 dicturus
582 4209 702 4257 est:
739 4204 840 4268 Ite,
871 4202 1180 4265 maledicti,
1210 4204 1269 4257 in
1292 4205 1489 4275 ignem
1537 4210 1842 4273 aeternum,

147 4293 245 4362 qui
275 4299 510 4362 paratus
534 4297 619 4345 est
648 4291 897 4358 diabolo,
932 4297 987 4345 et
1014 4294 1234 4364 angelis
1261 4294 1401 4363 ejus.
1431 4295 1567 4348 Ecce
1599 4294 1666 4347 ad
1700 4311 1844 4364 quos

151 4381 430 4434 Dominus
460 4379 714 4450 iniquos,
756 4384 810 4432 et
862 4379 1071 4450 impios
1127 4381 1580 4450 praedestinavit,
1640 4382 1696 4436 id
1738 4389 1840 4448 est,

146 4469 217 4522 ad
245 4467 833 4538 suppliciumjustum
865 4485 980 4522 non
1003 4470 1070 4523 ad
1102 4469 1334 4539 aliquod
1366 4486 1508 4539 opus
1537 4470 1838 4541 injustam.

147 4557 228 4610 Ad
263 4573 514 4628 poenam,
551 4573 665 4610 non
695 4557 765 4610 ad
795 4558 1046 4627 culpam,
1083 4558 1155 4611 ad
1185 4558 1569 4627 punitionem,
1607 4575 1723 4612 non
1770 4560 1839 4614 ad

147 4645 659 4716 transgressionem
695 4663 708 4700 :
742 4646 811 4700 ad
842 4646 1138 4699 interitum
1163 4661 1335 4716 quem
1362 4646 1444 4699 ira
1467 4647 1609 4716 justi
1635 4648 1844 4717 judicis

146 4734 516 4802 peccantibus
534 4734 802 4799 reddidit,
823 4750 941 4786 non
957 4735 1024 4788 ad
1056 4734 1372 4800 interitum,
1397 4736 1592 4806 quoin
1613 4753 1671 4790 se
1698 4736 1842 4790 iram

150 4823 250 4875 Dei
271 4823 629 4892 peccantium
653 4822 926 4891 iniquitas
953 4822 1299 4892 provocavit.
1328 4823 1489 4888 Quod
1509 4824 1657 4878 beati
1684 4829 1844 4895 Apo-

147 4911 278 4964 stoli
300 4911 629 4981 praedicatio
645 4910 991 4974 manifestat,
1016 4911 1117 4981 qui
1134 4913 1316 4965 malos
1333 4930 1476 4984 quos
1489 4913 1548 4966 in
1563 4919 1844 4968 aeternum

146 4999 524 5054 damnaturus
555 5005 639 5053 est
679 4999 847 5066 Deus,
879 5015 1011 5053 vasa
1030 5007 1194 5054 vocat
1222 5001 1344 5067 ira-3,
1372 5018 1491 5055 non
1515 5003 1719 5072 culpae.
1747 5004 1846 5057 Ait

150 5088 305 5141 enim
339 5105 350 5141 :
381 5088 541 5151 Quod
574 5088 622 5140 si
654 5088 848 5140 volens
882 5088 1029 5142 Deus
1055 5090 1354 5143 ostendere
1387 5090 1534 5144 iram
1573 5097 1630 5144 et
1646 5096 1843 5144 notam

147 5176 330 5229 facere
357 5177 679 5246 potentiam
721 5192 906 5243 suam,
940 5177 1216 5231 sustinuit
1245 5177 1305 5230 in
1354 5180 1536 5232 multa
1567 5179 1844 5249 patientia

146 5281 278 5318 vasa
302 5265 427 5330 iraa,
471 5271 661 5333 aptata
709 5265 767 5318 in
788 5265 1110 5330 interitum,
1161 5273 1222 5320 ut
1252 5267 1582 5320 ostenderet
1611 5267 1840 5320 divitias

147 5353 348 5422 gloriae
376 5368 494 5406 suae
517 5352 576 5406 in
608 5369 741 5406 vasa
764 5353 1193 5419 misericordiae,
1229 5369 1356 5424 qua:
1387 5355 1610 5422 paravit
1635 5354 1692 5406 in
1718 5355 1840 5424 glo-

145 5440 312 5496 riam.
343 5442 407 5494 In
438 5440 543 5494 hac
564 5448 821 5494 extrema
845 5441 1134 5496 sententia
1183 5441 1524 5508 notandum,
1576 5443 1732 5513 quod
1772 5443 1840 5496 de

145 5530 444 5602 evangelio
492 5546 728 5586 sumens
773 5531 1189 5596 testimonium,
1248 5530 1344 5598 ait,
1405 5531 1840 5601 prmdestinatos

143 5619 324 5674 malos
356 5618 417 5672 in
440 5619 638 5690 ignem
667 5623 964 5684 aeternum,
1023 5636 1089 5673 eo
1122 5619 1276 5690 quod
1315 5620 1569 5674 dicturus
1613 5625 1698 5673 est
1729 5620 1838 5673 Do-

1975 589 2154 644 gnum
2182 572 2289 625 sibi
2329 576 2596 642 paratum
2645 588 2676 624 a
2724 572 3133 626 constitutione
3188 575 3407 636 mundi,
3467 591 3671 628 verum

1975 662 2123 732 quod
2159 662 2324 715 malis
2363 661 2619 715 dicturus
2675 665 2806 714 est:
2849 661 2952 728 Ite,
3003 661 3308 728 maledicti,
3362 663 3417 716 in
3482 663 3678 732 ignem

1975 757 2278 816 aeternum,
2309 750 2408 820 qui
2439 756 2670 819 paratus
2714 754 2798 803 est
2851 749 3097 816 diabolo,
3155 757 3209 804 et
3259 752 3481 822 angelis
3527 753 3674 821 ejus.

1978 841 2046 892 lix
2078 840 2183 892 hoc
2212 839 2366 892 enim
2397 839 2698 908 approbat,
2733 838 2886 908 quod
2931 838 3161 909 iniquos
3205 845 3259 893 et
3319 840 3529 909 impios
3562 842 3677 893 Do-

1972 929 2163 981 minus
2192 927 2687 998 praedestinaverit
2717 926 2790 980 ad
2822 928 3194 997 supplicium,
3223 944 3286 982 ex
3309 945 3376 981 eo
3416 929 3570 998 quod
3605 929 3674 982 il-

1969 1016 2039 1069 lis
2071 1018 2326 1071 dicturus
2362 1021 2444 1069 est
2477 1031 2490 1068 :
2551 1016 2631 1068 Ite
2677 1015 2737 1068 in
2772 1016 2966 1085 ignem
3023 1023 3323 1070 internum.
3363 1017 3523 1071 Unde
3565 1017 3669 1087 qui

1968 1107 2165 1159 volunt
2211 1105 2420 1171 dicere,
2481 1103 2636 1174 quod
2684 1105 3092 1173 praedestinata
3136 1106 3209 1158 sit
3255 1106 3507 1175 injustis,
3547 1123 3673 1158 non

1968 1193 2164 1264 injusti
2196 1191 2588 1263 praedestinati
2619 1199 2749 1246 sunt
2765 1194 2831 1246 ad
2862 1209 3110 1262 poenam,
3143 1193 3388 1248 viderint
3421 1194 3674 1264 qualiter

1967 1283 2138 1354 hujus
2169 1281 2419 1337 auctoris
2478 1281 2629 1334 dicta
2675 1281 3012 1351 intelligant.
3070 1282 3173 1336 Cui
3233 1283 3387 1336 enim
3428 1289 3672 1354 paratur

1966 1389 2154 1444 paena,
2189 1372 2237 1424 is
2269 1371 2548 1424 nimirum
2591 1377 2949 1440 praeparatur
2986 1370 3056 1424 ad
3090 1387 3338 1440 poenam.

2204 1460 2330 1514 CAP.
2357 1459 2548 1513 XXXV.
2581 1489 2648 1498 —
2679 1461 2811 1512 Item
2841 1458 2904 1512 de
2925 1457 3418 1526 pradestinatione.

2038 1550 2198 1613 (Item
2227 1550 2613 1616 Augustinus.)
2647 1547 2802 1599 Vasis
2825 1563 2955 1600 vero
3002 1547 3102 1600 irae
3149 1564 3448 1618 nunquam
3520 1550 3668 1602 Deus

1964 1638 2230 1692 redderet
2263 1638 2583 1700 interitum,
2615 1637 2660 1688 si
2710 1652 2828 1689 non
2876 1643 3257 1706 spontaneum
3307 1637 3668 1691 inveniretur

1964 1726 2136 1780 homo
2167 1725 2375 1779 habere
2412 1730 2726 1795 peccatum.
2761 1724 2904 1788 Quia
2935 1741 3039 1778 nec
3072 1726 3219 1778 Deus
3246 1726 3519 1796 peccandi
3556 1727 3661 1780 ho-

1963 1815 2102 1868 mini
2122 1817 2276 1884 juste
2307 1813 2547 1866 inferret
2575 1813 2740 1879 iram,
2775 1813 2825 1866 si
2865 1813 3037 1868 homo
3080 1831 3144 1867 ex
3193 1815 3660 1885 prmdestinatio-

1959 1920 2031 1958 ne
2061 1903 2161 1958 Dei
2190 1902 2486 1956 cecidisset
2515 1901 2574 1954 in
2605 1902 2854 1971 culpam.

2174 1990 2303 2045 Car.
2337 1989 2559 2044 XXXVI.
2585 2017 2654 2028 —
2691 1990 2824 2042 Item
2853 1989 2918 2042 de
2942 1989 3442 2057 prazdestinatione.

2032 2079 2140 2149 (Ea:
2169 2079 2331 2132 dictis
2352 2078 2680 2144 Fulgentii.)
2707 2077 2861 2131 Sicut
2890 2076 3044 2131 enim
3074 2078 3436 2148 praescientia
3474 2078 3654 2130 nemi-

1959 2184 2092 2221 nem
2115 2166 2407 2236 compellit
2436 2167 2504 2220 ad
2546 2171 2865 2234 peccatum,
2917 2181 3048 2219 cum
3097 2166 3294 2236 utique
3346 2165 3656 2236 praescierit

1959 2256 2320 2325 singulorum
2358 2261 2491 2307 ante
2523 2255 2728 2306 saecula
2759 2257 2995 2307 externa
3025 2260 3274 2324 peccata,
3310 2254 3390 2307 ita
3424 2271 3651 2324 quoque

1959 2349 2018 2398 et
2045 2343 2471 2413 praedestinatio
2501 2342 2624 2412 ejus
2652 2342 2944 2395 neminem
2975 2343 3267 2412 compellit
3296 2342 3370 2396 ad
3402 2358 3650 2412 pugnam.

1959 2433 2113 2487 Licet
2155 2438 2213 2486 et
2259 2437 2567 2502 antequam
2617 2436 2900 2493 nascatur,
2946 2430 3154 2500 aliquis
3207 2431 3651 2500 prmdestinatus

1957 2521 2050 2591 sit,
2082 2521 2129 2575 si
2161 2536 2568 2591 permansurus
2589 2525 2673 2572 est
2701 2519 2759 2572 in
2783 2518 3091 2590 iniquitate
3122 2519 3190 2572 ad
3221 2535 3476 2588 pasnam.

2157 2611 2288 2664 Cap.
2323 2608 2579 2662 XXXVII.
2601 2637 2672 2645 —
2700 2609 2828 2660 Item
2859 2606 2925 2659 de
2951 2605 3458 2676 praedestinatz‘one.

2030 2699 2138 2768 (Ea:
2167 2695 2330 2752 dictis
2360 2695 2636 2766 Ambros.)
2671 2694 2825 2749 Sicut
2854 2695 3010 2748 enim
3047 2710 3214 2748 nemo
3249 2700 3445 2764 potest
3472 2696 3659 2763 impu-

1957 2792 2077 2841 tare
2108 2787 2222 2840 Deo
2254 2785 2406 2856 quod
2439 2789 2651 2854 peccat,
2684 2783 2762 2836 ita
2793 2800 3022 2854 quoque
3065 2783 3217 2853 quod
3262 2782 3512 2852 peccatis
3542 2799 3657 2852 pu-

1958 2876 2201 2929 niendus
2235 2874 2323 2927 sit.
2387 2875 2586 2927 Peccat
2615 2872 2769 2925 enim
2822 2872 3060 2942 propria
3115 2872 3410 2925 voluntate
3469 2871 3655 2924 delin-

1958 2979 2161 3036 quens,
2198 2962 2524 3034 puniendus
2563 2965 2646 3014 est
2675 2967 2867 3014 autem
2888 2960 3045 3029 justo
3067 2959 3289 3030 judicio
3316 2958 3650 3029 judicantis,

1957 3059 2013 3107 et
2041 3053 2186 3106 sicut
2215 3051 2432 3122 peccati
2471 3066 2640 3103 causa
2680 3065 2793 3102 non
2840 3065 2907 3102 ex
2957 3049 3060 3102 Dei
3099 3049 3465 3118 prmscientia
3519 3049 3652 3102 des-

1958 3141 2169 3208 cendit,
2201 3140 2337 3211 quia
2366 3139 2558 3192 nullus
2585 3137 2796 3191 idcirco
2844 3143 3042 3208 peccat
3075 3154 3087 3191 :
3121 3136 3254 3208 quia
3314 3137 3467 3191 Deus
3516 3153 3648 3190 cum

1957 3236 2324 3302 peccaturum
2357 3227 2689 3299 prmscierit,
2737 3227 2832 3281 sed
2880 3225 3092 3280 idcirco
3129 3228 3265 3298 quia
3312 3227 3498 3297 magis
3529 3243 3654 3296 pro-

1955 3321 2079 3391 prie
2128 3317 2602 3386 concupiscentim
2649 3315 2944 3380 obedierit,
2990 3332 3164 3386 quam
3209 3323 3496 3387 praecepto
3526 3332 3656 3387 pro-

1953 3408 2205 3463 hibentis
2239 3405 2340 3460 Dei
2369 3422 2401 3459 a
2426 3410 2655 3476 peccato
2687 3404 2765 3458 ita
2809 3420 3042 3475 quoque
3088 3405 3281 3458 nullus
3321 3403 3538 3458 idcirco
3584 3404 3652 3457 ad

1956 3513 2187 3567 pcenam
2219 3494 2374 3548 vadit
2404 3510 2417 3547 :
2470 3493 2606 3564 quia
2632 3494 2739 3546 hoc
2764 3493 2821 3546 in
2855 3492 3356 3562 praedestinatione
3395 3492 3494 3546 Dei
3519 3497 3655 3545 ante

1955 3587 2161 3639 fuerat.
2193 3585 2273 3637 Ex
2327 3599 2394 3638 eo
2439 3583 2595 3636 enim
2645 3581 2800 3652 quod
2856 3582 3151 3651 pmscitus
3181 3586 3268 3634 est
3311 3581 3370 3634 in
3406 3581 3655 3651 peccatis

1953 3688 2385 3744 permansurus,
2419 3677 2476 3726 et
2503 3671 2627 3724 sine
2657 3669 3014 3740 paenitentiae
3045 3670 3254 3736 fructu,
3286 3669 3464 3722 vitam
3496 3685 3652 3739 prae-

1957 3768 2177 3817 sentem
2209 3761 2642 3827 terminaturus,
2683 3775 2752 3813 ex
2807 3775 2874 3812 eo
2907 3759 3217 3829 deputatus
3277 3763 3365 3812 est
3419 3758 3490 3811 ad
3537 3772 3654 3827 po:-

1959 3868 2110 3905 uam.
2143 3852 2208 3905 Et
2238 3851 2384 3904 sicut
2421 3865 2589 3903 causa
2636 3847 2854 3918 peccati
2895 3846 3363 3918 concupiscentia
3392 3852 3497 3912 est,
3540 3862 3654 3916 qua

1959 3940 2139 4010 magis
2170 3938 2438 3992 obeditur
2473 3937 2754 3991 voluntati
2782 3936 2992 4001 carnis,
3026 3952 3197 4006 quam
3230 3940 3521 4006 praecepto
3575 3934 3657 3987 di-

1956 4031 2112 4098 vino,
2144 4029 2223 4082 ita
2253 4045 2399 4098 pene
2445 4026 2762 4096 deputatio,
2824 4042 2996 4078 causa
3047 4031 3133 4078 est
3189 4024 3406 4094 peccati
3448 4039 3655 4094 perpe-

1956 4117 2144 4184 tratio,
2202 4123 2258 4170 et
2311 4121 2510 4186 postea
2563 4131 2669 4184 pro
2726 4119 2958 4185 peccato
3011 4114 3170 4168 nulla
3216 4113 3396 4184 digna
3443 4112 3659 4165 satisfa-

1956 4206 2087 4260 ctio.

2133 4293 2262 4347 CAP.
2297 4293 2568 4348 XXXVIII.
2601 4321 2669 4330 -—
2705 4293 2836 4345 Item
2864 4291 2930 4344 de
2971 4289 3470 4360 prardestinatione.

2027 4385 2133 4451 (Em
2158 4381 2319 4435 dictis
2342 4379 2621 4450 Ambros.)
2659 4379 2726 4432 Et
2774 4379 3060 4448 scriptura
3099 4379 3234 4432 dicit
3265 4396 3279 4432 :
3337 4378 3656 4433 Considera

1956 4487 2131 4540 opera
2164 4469 2427 4523 Domini:
2481 4469 2619 4539 quia
2665 4485 2855 4522 memo
2902 4473 3093 4538 potest
3136 4467 3426 4538 corrigere
3478 4483 3656 4538 quem

1955 4559 2051 4613 ille
2081 4558 2420 4628 despexerit.

2168 4649 2294 4700 Car.
2329 4647 2548 4700 XXXIX.
2583 4675 2654 4687 -—
2682 4647 2814 4700 Item
2842 4645 2906 4699 de
2929 4645 3433 4715 przdestinatione.

2027 4736 2129 4803 (Ea:
2182 4736 2345 4790 dictis
2399 4737 2664 4803 August.)
2723 4735 2902 4788 Nemo
2959 4735 3059 4805 qui
3124 4734 3269 4788 bene
3349 4734 3534 4788 credit
3596 4735 3656 4787 in

1955 4825 2156 4890 Deum,
2190 4824 2410 4878 dubitat
2452 4823 2811 4894 prescientia
2852 4823 3006 4876 illius
3055 4823 3282 4888 celum,
3316 4828 3656 4892 terramque

1952 4912 2254 4976 contineri,
2288 4913 2684 4982 mundumque
2729 4911 3105 4980 providentiae
3155 4911 3350 4964 divina
3411 4912 3656 4980 κείρει

1951 5001 2098 5054 sicut
2125 5000 2270 5054 nihil
2301 5002 2441 5054 latet
2469 5001 2808 5070 sapientiam
2842 5000 2985 5070 ejus,
3019 5000 3097 5053 ita
3144 4999 3445 5069 dispositio
3497 5000 3656 5053 illius

1950 5090 2217 5143 universa
2247 5089 2576 5143 moderatur
2596 5095 2652 5142 et
2673 5089 2841 5159 regit.
2879 5088 2968 5142 Sic
2997 5088 3150 5142 enim
3183 5090 3342 5142 nulla
3380 5094 3469 5142 est
3496 5105 3654 5142 crea-

1951 5182 2080 5232 tura
2108 5179 2349 5244 occulta,
2383 5178 2442 5231 in
2473 5183 2778 5248 conspectu
2812 5177 2990 5230 illius.

2237 5267 2362 5321 CAP.
2397 5267 2499 5320 XL.
2529 5297 2599 5305 --
2629 5270 2706 5321 De
2733 5269 3001 5321 creatione
3031 5265 3364 5333 angelorum.

2024 5353 2236 5425 (Idem)
2287 5355 2350 5407 In
2406 5354 2690 5426 principio
2747 5354 2962 5408 creavit
2993 5355 3138 5407 Deus
3202 5355 3407 5407 caelum
3459 5358 3514 5407 et
3542 5359 3657 5407 ter-

1951 5458 2094 5506 ram,
2156 5447 2213 5496 et
2270 5458 2478 5512 aquam
2526 5459 2595 5496 ex
2650 5443 2850 5504 nihilo,
2902 5446 2960 5495 et
3012 5457 3142 5495 cum
3197 5457 3408 5511 aquam
3463 5441 3652 5511 ipsam

1953 5531 2137 5584 adhuc
2169 5531 2422 5585 tenebrae
2457 5532 2825 5597 occultarent,
2868 5535 2924 5583 et
2951 5545 3161 5601 aquam
3208 5534 3361 5581 terra
3418 5528 3654 5582 abscon-

1953 5619 2136 5688 deret,
2171 5619 2302 5674 Iacti
2327 5625 2461 5674 sunt
2489 5619 2703 5690 angeli,
2739 5623 2795 5674 et
2830 5634 3030 5673 omnes
3087 5617 3343 5672 caelestes
3379 5616 3644 5671 virtutes.
