4010 6194
206 263 225 314 t
241 261 348 314 029

1142 268 1616 328 DECRETORUM
1661 275 1845 329 LIBRI
1886 274 1991 328 XX.
2033 304 2099 312 ——
2144 274 2345 331 LIBER
2391 278 2776 337 VICESIMUS.

3597 304 3728 356 1030

205 387 272 436 ut
301 398 418 436 non
447 388 592 438 esset
628 382 822 438 ociosa
853 384 956 440 Dei
987 387 1231 458 bonitas,
1261 395 1356 448 sed
1387 395 1624 451 haberet
1669 397 1728 450 in
1783 397 1914 467 qui-
1943 400 1989 452 Α
2028 395 2155 452 CAP.
2191 397 2396 454 XLVII.
2431 431 2500 442 --
2535 404 2698 491 Quod
2725 409 3289 491 singulis‘hominibus
3311 421 3519 486 singuli
3545 427 3730 491 angeli

205 471 315 524 bus
345 487 449 540 per
479 474 658 525 multa
705 479 839 526 ante
899 477 1089 545 spacia
1138 479 1452 536 bonitatem
1509 501 1671 538 suam
1729 491 1916 538 osten-

203 559 415 612 deret:
483 565 539 613 et
601 561 682 614 ita
740 561 834 615 hic
886 565 1128 619 visibilis
1183 571 1434 624 mundus
1497 589 1560 626 ex
1626 574 1715 626 his
1780 590 1912 644 qum

202 653 398 702 creata
426 649 674 714 fuerant,
704 649 888 704 factus
917 659 1022 719 est,
1057 661 1113 707 et
1156 664 1411 712 ornatus.

205 737 341 791 CAP.
374 738 500 792 XLI.
532 769 604 778 —
629 740 783 809 Quod
814 743 956 797 nihil
983 745 1055 794 sit
1098 746 1492 812 incorporeum,
1533 754 1584 802 et
1635 750 1916 803 invisibile

742 819 946 878 praeter
974 817 1148 867 solum
1180 817 1372 869 Deum.

282 897 511 967 (Idem)
542 897 692 952 Nihil
742 900 1124 970 incorporem,
1183 909 1239 956 et
1268 905 1552 960 invisibile
1593 907 1652 961 in
1708 915 1913 963 natura

203 985 581 1053 credendum,
613 987 724 1040 nisi
747 988 935 1042 Solum
969 991 1169 1046 Deum.
1203 993 1308 1056 Qui
1359 994 1487 1048 ideo
1536 996 1912 1066 incorporeus

203 1075 464 1127 creditur
496 1091 508 1128 :
540 1075 677 1145 quia
709 1077 920 1147 ubique
951 1086 1056 1146 est,
1099 1087 1156 1133 et
1208 1082 1402 1135 omnia
1453 1084 1674 1154 implet,
1737 1093 1910 1156 atque

203 1163 568 1232 constringit.
603 1165 733 1225 Ideo
781 1166 1086 1220 invisibilis
1142 1172 1410 1224 omnibus
1467 1174 1744 1227 creaturis
1802 1180 1905 1242 est,

204 1251 347 1320 quia
381 1251 754 1321 incorporeus
783 1260 887 1308 est.

201 1338 339 1394 CAP.
374 1341 528 1394 XLII.
561 1371 628 1379 —
651 1341 804 1406 Quod
841 1348 1013 1397 omnis
1047 1352 1300 1400 creatura
1321 1349 1396 1401 sit
1415 1363 1689 1416 corporea.

282 1428 501 1497 (ldem.)
537 1429 806 1483 Creatura
828 1431 1014 1485 omnis
1037 1450 1332 1503 corporea,
1373 1437 1587 1506 angeli,
1620 1443 1676 1490 et
1707 1453 1906 1491 omnes

200 1518 471 1589 ccelcstes
507 1518 742 1571 virtutes
787 1535 1105 1589 corporeae,
1148 1525 1280 1576 licet
1326 1539 1442 1576 non
1500 1541 1669 1578 carne
1715 1526 1904 1579 subsi-

201 1609 381 1658 stant.
417 1606 548 1658 Ideo
600 1612 790 1660 autem
847 1624 1152 1679 Corporeas
1210 1629 1332 1664 esse
1390 1614 1677 1666 credimus
1728 1615 1903 1668 intel—

201 1694 480 1747 lectuales
512 1700 760 1760 naturas,
803 1699 1078 1767 quoniam
1138 1701 1398 1754 localiter
1453 1702 1902 1758 circumscribun-

200 1787 320 1844 tur,
359 1783 502 1835 sicut
527 1789 582 1837 et
633 1785 828 1838 anima
875 1788 1143 1855 humana,
1183 1806 1310 1859 quae
1374 1807 1543 1844 carne
1596 1793 1901 1862 clauditur,

202 1877 264 1926 et
298 1872 587 1925 daemones
617 1874 715 1944 qui
748 1876 1064 1928 substantia
1095 1880 1365 1948 angelicae
1397 1886 1616 1934 naturae
1639 1887 1791 1934 sunt.

202 1960 340 2013 Car.
403 1960 590 2014 XLIII.
641 1991 710 2000 ——
763 1963 918 2027 Quod
973 1980 1150 2018 omnes
1223 1968 1608 2022 iutellectuales
1691 1975 1904 2023 natura

810 2038 1136 2089 immortales
1164 2039 1294 2090 sint.

279 2118 505 2187 (Idem)
552 2121 907 2174 [mmortales
963 2140 1082 2176 esse
1143 2125 1429 2179 credimus
1487 2126 1902 2186 intellectuales

200 2210 456 2270 naturas,
488 2223 612 2276 quae
643 2216 1056 2274 carne-carent,
1085 2228 1189 2264 nec
1239 2215 1452 2266 habent
1501 2215 1657 2284 quod
1711 2217 1896 2285 cadat,

202 2300 271 2347 ut
303 2297 716 2350 resurrectione
748 2305 914 2368 egeat
943 2305 1073 2368 post
1115 2301 1361 2354 ruinam.

199 2384 335 2438 CAP.
369 2385 552 2439 XLIV.
585 2416 656 2425 —
685 2386 837 2451 Quod
865 2393 1127 2456 apostatae
1158 2392 1340 2454 angeli
1371 2397 1496 2446 ante
1515 2395 1734 2448 ruinam
1761 2395 1897 2450 libe-

665 2473 786 2510 rum
825 2461 1117 2512 arbitrium
1157 2462 1431 2515 haberent.

273 2545 461 2612 (Greg.
515 2547 574 2598 in
629 2549 743 2600 suis
792 2548 1132 2618 litoralibus.)
1189 2550 1556 2622 Unaquaeque
1615 2555 1769 2608 enim
1811 2571 1900 2608 res

199 2632 367 2703 quasi
399 2639 480 2687 tot
508 2635 769 2704 passibus
801 2636 872 2689 ad
898 2637 1048 2690 aliud
1085 2638 1288 2703 tendit,
1322 2648 1462 2709 quot
1495 2643 1899 2696 mutabilitatis

200 2737 322 2774 sum
349 2723 597 2776 motibus
623 2724 890 2793 subjacet.
926 2726 1058 2778 Sola
1089 2731 1280 2779 autem
1323 2734 1527 2782 natura
1572 2730 1897 2801 incompre-

200 2809 504 2863 hensibilis
534 2811 603 2865 ab
634 2817 782 2865 statu
810 2829 910 2866 suo
946 2814 1127 2866 nescit
1146 2816 1360 2868 moveri
1391 2834 1519 2886 quae
1549 2820 1619 2871 ab
1651 2837 1717 2872 eo
1741 2822 1896 2890 quod

202 2913 432 2967 semper
457 2899 608 2952 idem
662 2905 760 2962 est,
797 2901 975 2954 nescit
1031 2900 1347 2956 immutari.
1387 2905 1526 2958 Nam
1569 2907 1615 2958 si
1665 2909 1896 2977 angelo-

201 3001 336 3039 rum
361 2987 1182 3043 substantiaimniutabilitatis
1228 2998 1386 3045 motu
1437 2994 1636 3048 fuisset
1693 2997 1763 3048 ab
1803 3013 1900 3050 au-

202 3080 360 3127 ctore
390 3075 637 3140 condita,
704 3093 1067 3148 nequaquam
1121 3095 1151 3131 a
1193 3079 1563 3134 beatitudinis
1611 3099 1728 3137 suae
1773 3100 1900 3137 arce

203 3163 511 3218 cecidisset.
568 3166 704 3220 Mire
757 3171 950 3218 autem
1011 3167 1374 3237 omnipotens
1434 3170 1580 3223 Deus
1630 3179 1897 3225 naturam

201 3268 560 3307 summorum
583 3254 891 3324 spirituum
925 3255 1155 3322 bonam,
1198 3257 1294 3310 sed
1340 3261 1675 3312 mutabilem
1709 3262 1902 3315 condi-

204 3341 291 3394 dit
327 3358 340 3394 :
377 3347 435 3395 ut
467 3348 521 3396 et
551 3343 652 3413 qui
682 3359 1020 3412 permanere
1053 3346 1294 3411 nollent,
1328 3355 1580 3411 ruerent,
1615 3356 1671 3403 et
1709 3351 1810 3420 qui
1841 3351 1900 3402 in

205 3431 534 3485 conditione
583 3431 972 3501 persistereut,
1033 3438 1195 3487 tanto
1251 3434 1311 3487 in
1368 3452 1434 3488 ea
1485 3435 1605 3504 jam
1666 3438 1896 3507 dignus,

204 3526 419 3589 quanto
450 3527 506 3574 et
534 3537 600 3574 ex
647 3520 884 3574 arbitrio
934 3527 1194 3575 starent:
1227 3526 1284 3575 et
1339 3538 1406 3575 eo
1462 3525 1694 3591 majoris
1750 3525 1901 3595 apud

205 3609 386 3661 Deum
420 3609 608 3662 meriti
653 3609 881 3676 ﬁerent,
909 3627 1022 3680 quo
1058 3608 1455 3664 mutabilitatis
1485 3628 1604 3665 suae
1653 3618 1900 3681 motum,

200 3695 512 3749 voluntatis
541 3697 785 3751 statione
816 3699 1093 3751 ﬁxissent.

204 3785 334 3839 CAP.
367 3785 512 3841 XLV.
545 3817 615 3826 —
655 3788 774 3840 Cur
811 3788 1124 3853 angelorum
1166 3788 1396 3854 spiritus
1442 3789 1902 3843 irremissibiliter

863 3863 1238 3926 peccaverunt.

276 3944 387 4014 (Ea:
414 3947 655 4014 eisdem.)
686 3947 1037 4017 Angelorum
1068 3947 1304 4016 spiritus
1346 3946 1555 4000 idcirco
1603 3947 1903 4001 irremissi-

198 4033 395 4088 biliter
416 4041 838 4105 peccaverunt:
876 4036 1011 4105 quia
1042 4041 1201 4088 tanto
1252 4036 1542 4089 robustius
1596 4041 1744 4091 stare
1803 4053 1901 4108 po-

198 4128 413 4189 terant,
437 4130 651 4194 qnanto
673 4140 770 4177 eos
799 4123 984 4176 carnis
1004 4124 1241 4176 amixtio
1266 4140 1381 4177 non
1413 4125 1663 4178 tenebat.
1717 4127 1898 4181 Homo

2634 476 2831 531 dentur
2861 483 3122 536 custodes.

2099 579 2208 641 (Ea:
2239 578 2400 634 dictis
2423 582 2711 648 cujusdam
2745 588 2802 640 in
2841 589 2968 641 Vita
2996 592 3265 663 Patrum.)
3295 596 3480 650 Abbas
3518 601 3730 655 Paulus

2025 663 2266 734 simplex
2300 668 2544 722 habebat
2587 673 2834 740 gratiam
2884 682 2946 730 ut
2999 678 3388 747 ingredientes
3417 686 3478 740 in
3541 689 3729 742 Eccle-

2023 752 2169 806 siam
2199 771 2362 809 senes
2387 757 2669 826 aspiceret
2702 777 2714 814 :
2749 767 2804 815 et
2834 779 2902 816 ex
2938 763 3061 834 ipsa
3095 768 3234 823 facie
3285 788 3484 827 eorum
3536 778 3730 830 unius-

2022 843 2301 913 cujusque
2327 846 2724 915 cogitationes,
2774 851 2891 904 sive
2946 856 3109 909 mala:
3166 868 3372 926 essent,
3426 880 3524 918 seu
3554 865 3726 920 bonae

2021 931 2279 985 sentiret.
2316 937 2458 987 Cum
2486 951 2623 1006 ergo
2649 939 2900 993 venisset
2926 943 2997 996 ad
3052 946 3375 1016 Ecclesiam,
3431 959 3488 1006 et
3536 953 3727 1024 ingre—

2020 1019 2297 1074 derentur
2328 1039 2511 1084 senes.
2548 1027 2690 1081 vidit
2712 1045 2809 1082 eos
2846 1031 2998 1084 clara
3055 1035 3217 1102 facie,
3252 1041 3307 1091 et
3340 1040 3469 1094 laeto
3527 1019 3724 1098 animo

2018 1107 2267 1178 ingredi,
2305 1118 2356 1164 et
2383 1113 2616 1181 angelos
2667 1132 2864 1171 eorum
2893 1135 3020 1174 cum
3056 1126 3265 1192 gaudio
3325 1130 3540 1197 pariter
3592 1148 3724 1186 cum

2017 1196 2176 1266 ipsis.
2215 1200 2400 1254 Unum
2431 1208 2623 1256 autem
2655 1205 2886 1275 nigrum
2919 1215 2974 1263 et
3019 1196 3363 1269 nebulosum
3415 1217 3721 1274 habentem

2018 1301 2245 1354 corpus,
2281 1293 2335 1340 et
2364 1289 2656 1345 daemones
2686 1293 2842 1360 hinc,
2874 1301 3044 1367 atque
3077 1300 3208 1354 inde
3242 1305 3531 1361 trahentes
3563 1325 3721 1376 eum,

2017 1389 2149 1428 cum
2184 1376 2434 1430 admisso
2466 1378 2627 1432 freno
2657 1380 2718 1434 in
2761 1384 3016 1453 naribus,
3063 1394 3118 1441 et
3148 1393 3416 1461 angelum
3458 1403 3721 1452 sanctum

2018 1462 2143 1530 ejus
2171 1463 2239 1516 de
2273 1465 2442 1534 longe
2473 1475 2808 1536 sequentem
2843 1473 3088 1528 tristem.
3127 1479 3328 1532 Beatus
3353 1497 3490 1552 ergo
3512 1486 3721 1540 Paulus

2016 1551 2190 1618 coapit
2242 1551 2380 1605 flere
2437 1557 2812 1625 amarissime,
2878 1568 2933 1614 et
2968 1571 3162 1632 pectus
3219 1585 3387 1622 suum
3431 1551 3718 1639 tundere,

1935 1667 1974 1720 Β
2017 1639 2221 1692 sedens
2252 1646 2382 1694 ante
2415 1643 2718 1700 Ecclesium
2754 1655 2987 1719 propter
3018 1669 3148 1708 eum
3207 1673 3378 1725 quem
3433 1662 3606 1716 talem
3649 1665 3721 1717 vi-

2014 1726 2198 1782 derat.
2242 1728 2451 1782 Omnes
2509 1739 2699 1786 antem
2757 1737 2855 1790 alii
2911 1756 3074 1794 senes
3131 1744 3390 1799 videntes
3445 1764 3577 1803 eum
3642 1753 3721 1805 sic

2011 1814 2271 1877 ﬂentem,
2307 1827 2606 1886 caeperunt
2649 1839 2781 1877 eum
2835 1842 3056 1895 rogare,
3094 1837 3155 1884 ut
3211 1833 3257 1885 si
3315 1835 3455 1904 quid
3487 1837 3548 1891 in
3603 1840 3719 1893 illis

2012 1904 2269 1965 vidisset,
2303 1920 2432 1959 cum
2465 1907 2546 1959 eis
2614 1910 3013 1978 ingrederetur
3063 1919 3122 1971 in
3181 1926 3716 1992 congregationem.

2013 1990 2116 2045 Ille
2140 1997 2332 2045 autem
2367 1996 2551 2048 noluit
2583 1996 2829 2068 ingredi,
2874 2005 2968 2056 sed
3009 2022 3234 2075 semper
3273 1990 3449 2066 ﬂebat
3482 2022 3720 2084 propter

2013 2093 2146 2132 eum
2182 2096 2354 2149 quem
2385 2082 2464 2134 sic
2513 2084 2746 2140 viderat.
2783 2090 2913 2143 Post
2955 2095 3254 2161 paululum
3313 2082 3530 2166 autem,
3584 2082 3717 2157 cum

2012 2169 2276 2221 absoluta
2330 2174 2698 2242 congregatio
2759 2175 3092 2247 discederet,
3171 2185 3381 2241 iterum
3451 2191 3716 2246 omnium

2012 2256 2206 2309 vultus
2235 2256 2726 2328 circunspiciebat,
2762 2265 2808 2317 si
2837 2267 2975 2320 tales
3025 2273 3451 2341 egrederentur,
3513 2282 3715 2350 quales

2011 2339 2257 2414 ingressi
2281 2352 2430 2399 sunt.
2454 2348 2523 2401 Et
2551 2350 2689 2403 vidit
2729 2353 2892 2408 illum
2919 2339 3090 2427 quem
3143 2368 3311 2416 antea
3373 2339 3590 2421 viderat
3623 2369 3712 2422 ni-

2012 2624 2169 2675 eum,
2227 2617 2488 2666 sanctum
2561 2622 2755 2671 autem
2834 2625 3102 2693 angelum
3152 2627 3267 2697 ejes
3324 2647 3502 2703 prope
3577 2651 3713 2689 eum

2009 2697 2278 2766 hilarem,
2313 2705 2367 2752 et
2396 2703 2741 2772 gaudentem
2769 2724 2943 2779 super
2975 2728 3104 2766 eum
3135 2716 3324 2772 nimis.

2012 2803 2140 2893 Car:
2183 2807 2311 2893 XLV
2319 2809 2509 2893 llol.._—
2547 2813 2702 2893 Quod
2730 2814 2952 2893 demteru
2988 2819 3109 2883 Dei,
3144 2822 3215 2873 sit
3242 2840 3376 2890 pars
3397 2828 3711 2893 angelorum

2082 2878 2265 2961 electa,
2313 2882 2542 2934 sinistra
2599 2889 2781 2938 autem
2839 2889 2975 2955 ejus,
3027 2878 3159 2957 pars
3226 2878 3708 2961 ἁηειειονιῖιὴψἦ)ζ

2076 2949 2271 3014 proba.

2087 3054 2269 3123 (Greg.
2303 3059 2362 3110 in
2390 3062 2505 3113 suis
2534 3061 2831 3116 Moralibus
2862 3065 2996 3120 dicit
3029 3072 3067 3133 :)
3097 3067 3240 3132 Quid
3275 3076 3358 3124 est
3382 3090 3518 3145 ergo
3551 3077 3708 3147 quod

2012 3145 2298 3198 exercitus
2327 3148 2452 3200 caeli
2497 3165 2529 3201 a
2555 3149 2786 3217 dextris,
2845 3159 2903 3206 et
2931 3155 3178 3211 sinistris
3234 3160 3354 3229 ejus
3399 3168 3546 3217 stare
3569 3145 3708 3236 per-

2010 3229 2290 3286 hibetur?
2326 3235 2474 3288 Deus
2505 3237 2655 3290 enim
2682 3239 2781 3310 qui
2808 3241 2884 3294 ita
2899 3249 2983 3296 est
3013 3245 3162 3299 intra
3190 3250 3404 3315 omnia,
3442 3259 3505 3306 ut
3535 3229 3708 3310 etiam

2012 3316 2085 3369 sit
2112 3326 2269 3373 extra
2300 3323 2514 3388 omnia,
2560 3341 2663 3378 nec
2708 3327 2938 3382 dextera
2987 3349 3087 3386 nec
3141 3336 3370 3392 sinistra
3421 3343 3711 3396 concludi~

2009 3408 2124 3472 tur,
2156 3409 2252 3462 sed
2283 3409 2513 3463 dextera
2549 3413 2645 3465 Dei
2685 3419 3021 3483 angelorum
3054 3438 3186 3490 pars
3209 3426 3383 3480 electa
3419 3445 3430 3480 :
3480 3430 3710 3485 sinistra

2013 3499 2204 3548 autem
2267 3497 2385 3563 Dei,
2444 3515 2575 3566 pars
2650 3505 2989 3571 angelorum
3057 3514 3300 3580 reproba
3351 3517 3704 3587 designatur.

2013 3580 2136 3635 Non
2168 3585 2320 3636 enim
2357 3586 2704 3668 ministrant.
2741 3591 3099 3650 solummodo
3132 3599 3269 3654 boni
3294 3605 3392 3672 qui
3415 3580 3704 3675 adjuvent.

2013 3669 2111 3722 sed
2141 3670 2311 3723 etiam
2346 3671 2445 3724 alii
2476 3673 2574 3741 qui
2607 3676 2934 3746 reprobent,
2964 3681 3016 3734 id
3048 3690 3152 3750 est,
3206 3669 3326 3741 non
3380 3669 3566 3746 solum
3608 3697 3708 3766 qui

2011 3772 2044 3808 a
2073 3759 2239 3827 culpa
2274 3761 2580 3813 redeuntes
2629 3765 2950 3836 sublevent,
3003 3774 3100 3826 sed
3155 3776 3325 3829 etiam
3368 3781 3467 3848 qui
3521 3759 3705 3839 redire

2010 3847 2271 3900 nolentes
2301 3856 2558 3918 gravent.
2599 3852 2709 3904 Nec
2733 3855 2886 3923 quod
2937 3860 3064 3912 coeli
3126 3847 3428 3933 exercitus,
3497 3870 3706 3928 dicitur

2012 3936 2348 4004 angelorum
2391 3955 2521 4007 pars
2555 3942 2799 4010 reproba
2837 3945 2894 3996 iu
2924 3962 2989 3999 eo
3022 3949 3267 4022 intelligi
3320 3972 3487 4024 posse
3518 3962 3707 4028 perhi-

2009 4022 2194 4076 betur.
2230 4024 2378 4088 Quas
2436 4027 2590 4080 enim
2643 4032 2910 4100 suspendi
2944 4032 3002 4088 in
3065 4055 3195 4092 aere
3253 4022 3538 4113 novimus,
3576 4066 3705 4104 aves

2011 4111 2138 4165 coeli
2187 4115 2574 4168 nominamus.
2637 4118 2702 4170 Et
2756 4120 2824 4173 de
2880 4121 3082 4178 iisdem
3138 4129 3434 4198 spiritibus
3493 4111 3704 4194 Paulus

197 4227 339 4264 vero
372 4211 578 4267 idcirco
613 4217 742 4282 post
771 4213 998 4283 culpam
1039 4212 1265 4265 veniam
1314 4214 1545 4280 meruit,
1605 4213 1742 4284 quia
1798 4231 1901 4285 per
1933 4222 1974 4275 Ι)
2014 4199 2192 4254 die”:
2254 4201 2461 4257 contra
2533 4205 2809 4274 spiritalia
2886 4215 3160 4282 nequitiae
3220 4218 3281 4271 in
3357 4223 3699 4282 coelestibus.

196 4301 429 4354 carnale
459 4317 660 4371 corpus
687 4301 906 4371 aliquid
958 4317 1073 4370 quo
1131 4302 1437 4372 semetipso
1486 4302 1675 4356 minor
1731 4305 1896 4371 esset,

193 4388 440 4458 accepit.
471 4391 631 4444 Unde
660 4390 808 4459 apud
841 4396 1166 4459 respectum
1187 4390 1443 4459 judicem
1488 4397 1895 4460 argumentum

193 4476 431 4547 pietatis
463 4483 548 4532 est
578 4479 698 4531 hmc
729 4479 928 4532 eadem
961 4477 1267 4530 inﬁrmitas
1306 4479 1512 4532 carnis.

193 4567 329 4620 CAP.
362 4566 537 4620 XLVI.
565 4595 632 4606 —
663 4567 815 4631 Quod
841 4568 1022 4633 angeli
1051 4568 1292 4690 gustodes
1347 4568 1654 4623 hominibus
1690 4585 1895 4639 praepo-

940 4653 1051 4690 nan
1079 4654 1163 4690 ur.

940 4653 1163 4690 nuntur.

272 4725 462 4794 (Greg.
503 4726 562 4777 in
594 4726 708 4778 suis
748 4725 1046 4778 Moralibus
1094 4725 1273 4795 dicit.)
1319 4726 1461 4790 Quia
1511 4744 1642 4782 \cro
1704 4730 1893 4800 angeli

189 4813 530 4868 hominibus
563 4813 821 4882 praesint,
855 4829 956 4883 per
979 4816 1320 4883 prophetam
1355 4823 1596 4872 testatur
1624 4819 1880 4887 angelus,

189 4901 439 4956 dicens:
525 4903 795 4971 Princeps
876 4902 1040 4972 regni
1099 4905 1400 4958 Persarum
1461 4906 1668 4960 restitit
1722 4907 1886 4961 mihi.

186 4991 358 5054 Quod
387 5007 518 5044 vero
558 4992 748 5061 angeli
778 5008 811 5044 a
839 4991 1205 5060 superiorum
1254 4995 1590 5064 angelorum
1636 5001 1886 5064 potesta-

185 5081 346 5132 tibus
411 5079 832 5150 dispensentur,
893 5082 1192 5135 Zacharias
1261 5083 1527 5152 perhibet
1583 5085 1885 5153 propheta,

189 5169 294 5239 qui
330 5168 406 5222 ait
437 5185 450 5222 :
487 5170 626 5224 Ecce
676 5171 913 5240 angelus
943 5170 1042 5240 qui
1100 5171 1447 5241 loquebatur
1488 5171 1549 5225 iu
1582 5188 1694 5239 me,
1729 5190 1889 5244 egre-

187 5258 478 5324 diebatur,
509 5263 564 5312 et
601 5259 841 5330 angelus
875 5259 1018 5312 alius
1049 5260 1450 5330 egrediebatur
1479 5261 1538 5314 in
1585 5277 1884 5316 occursum

189 5348 339 5417 ejus,
373 5351 428 5400 et
451 5347 592 5401 dixit
618 5349 688 5402 ad
731 5365 910 5402 eum:
960 5349 1158 5415 Curre,
1218 5349 1454 5420 loquere
1514 5350 1581 5404 ad
1639 5367 1884 5421 puerum

188 5436 389 5501 istum,
450 5435 642 5490 dicens
693 5454 705 5491 :
765 5437 993 5509 Absque
1054 5454 1220 5492 muro
1280 5439 1632 5494 habitabitur
1682 5439 1883 5495 Hieru-

190 5525 393 5576 salem.
866 5538 879 5551 '

2011 4289 2267 4352 Quorum
2323 4299 2493 4362 caput
2549 4297 2882 4366 enunciaus,
2941 4302 3060 4357 ait:
3115 4305 3442 4366 Secundum
3492 4315 3702 4384 princi-

2006 4394 2139 4447 pem
2183 4380 2330 4432 aeris
2379 4381 2568 4451 hujus.
2606 4387 2652 4436 Α
2683 4385 2881 4440 dextra
2923 4405 3060 4460 ergo
3107 4394 3205 4448 Dei
3237 4401 3293 4450 et
3334 4380 3565 4457 sinistra
3595 4423 3702 4458 an-

2005 4467 2268 4536 gelorum
2314 4471 2589 4524 exercitus
2633 4477 2780 4527 stat:
2825 4477 2958 4546 quia
2991 4485 3045 4533 et
3084 4484 3344 4540 voluntas
3387 4491 3702 4550 electorum

2003 4555 2332 4624 spirituum,
2375 4559 2584 4613 divinae
2620 4562 2818 4630 pietati
2867 4571 3192 4637 concordat,
3226 4578 3281 4626 et
3324 4581 3700 4648 reproborum

2002 4661 2203 4698 sensus
2235 4662 2351 4699 suae
2375 4648 2606 4702 malitiae
2639 4650 2910 4720 serviens,
2939 4654 3155 4724 judicio
3175 4660 3544 4721 districtionis
3578 4672 3701 4740 ejus

2001 4740 2378 4804 optemperat.
2410 4737 2567 4791 Unde
2596 4743 2653 4790 et
2674 4754 2802 4792 mox
2825 4742 2992 4796 fallax
3022 4746 3320 4814 spiritibus
3353 4753 3412 4807 in
3445 4737 3698 4814 medium

2000 4823 2327 4891 prosiluisse
2347 4823 2704 4892 describitur,
2721 4843 3004 4899 perquem
3023 4835 3213 4888 Achab
3229 4853 3322 4892 rex
3337 4843 3698 4913 exigentibus

1999 4911 2116 4962 suis
2148 4911 2365 4965 meritis
2411 4912 2748 4983 decipiatur.
2792 4917 2988 4988 Neque
3020 4923 3172 4976 enim
3220 4926 3302 4980 fas
3330 4937 3415 4984 est
3439 4911 3692 5005 credere,

1999 4999 2216 5052 bonum
2264 5000 2528 5068 spiritum
2568 5003 2806 5058 fallaciae
2837 5007 3121 5064 deservire
3153 5015 3421 5083 voluisse,
3456 5028 3519 5074 ut
3554 4999 3697 5079 dice-

1996 5095 2120 5140 ret:
2161 5088 2448 5156 Egrediar,
2481 5095 2537 5143 et
2560 5106 2658 5144 ero
2689 5095 2932 5148 mendax
2957 5097 3193 5166 spiritus
3225 5103 3283 5155 in
3311 5122 3407 5160 ore
3429 5111 3691 5166 omnium

1996 5176 2406 5245 prophetarum
2439 5180 2582 5248 ejus.
2616 5179 2728 5234 Sed
2757 5183 2892 5252 quia
2912 5185 3105 5241 Achab
3138 5205 3236 5243 rex
3267 5197 3512 5262 peccatis
3541 5216 3694 5269 proe-

1995 5263 2326 5318 cedentibus
2364 5266 2572 5335 dignus
2593 5273 2733 5337 erat,
2790 5277 2850 5324 ut
2892 5273 2992 5326 tali
3033 5275 3326 5336 debuisset
3358 5263 3691 5357 deceptione

1995 5351 2278 5422 damnari,
2307 5362 2592 5425 quatenus
2633 5358 2733 5429 qui
2776 5375 2928 5430 saepe
2962 5364 3155 5419 volens
3185 5370 3466 5428 ceciderat
3500 5351 3688 5449 culpa,

1995 5442 2343 5514 quandoque
2407 5445 2607 5499 nolens
2699 5455 2999 5518 caperetur
3048 5455 3118 5508 ad
3174 5473 3403 5527 poenam
3468 5442 3687 5519 occulta

1987 5531 2232 5601 justitia,
2291 5532 2520 5587 licentia
2572 5537 2839 5607 malignis
2901 5540 3192 5611 spiritibus
3226 5548 3412 5613 datur,
3447 5557 3509 5604 ut
3545 5569 3686 5623 quos
