4014 6200
349 275 477 326 1031

1428 264 1834 320 BURCHARDI
1873 255 2406 318 WORMACIENSIS
2446 253 2777 310 EPISCOPl.

3719 253 3866 304 1032

345 392 601 446 volentes
645 390 703 444 in
753 387 968 460 peccati
1018 387 1226 457 laqueo
1278 385 1656 454 strangulant.
1719 385 1780 438 in
1824 382 2044 454 peccati
2073 384 2120 436 Α
2159 376 2508 434 desiderium
2539 372 2850 428 voluntatis
2879 371 3127 443 injusta.
3166 370 3701 460 FormidaAriigitur
3747 385 3867 423 non

345 496 574 552 panem
622 479 793 534 etiam
845 477 1106 530 nolentes
1154 475 1402 528 trahant.
1459 473 1622 538 Quod
1674 489 1810 543 ergo
1866 473 2044 525 illica

348 569 559 624 dextris
603 573 776 638 atque
823 565 1067 620 sinistris
1117 563 1235 630 Dei,
1289 562 1571 616 exercitus
1625 563 1751 615 creti
1799 561 2043 614 astitisse

346 658 705 724 describitur,
739 658 848 710 hoc
894 655 987 707 hic
1037 654 1188 706 inter
1239 651 1388 704 ﬁlios
1432 651 1531 704 Dei
1578 650 1749 705 Satan
1798 650 2044 703 adfuisse

349 745 706 818 perhibetur.
746 745 879 797 Ecce
913 759 945 796 a
974 740 1186 795 dextris
1235 740 1336 794 Dei
1382 743 1661 794 steterunt
1700 739 1910 808 angeli,
1946 738 2041 808 qui

345 833 721 890 nominantur
765 831 870 885 ﬁlii
910 831 1034 896 Dei,
1087 846 1214 884 ecce
1262 846 1292 882 a
1325 828 1571 882 sinistris
1614 833 1769 882 stant
1811 826 2043 896 angeli:

348 923 485 995 quia
515 921 699 977 adfuit
724 921 876 975 inter
901 935 1000 973 eos
1026 919 1201 972 etiam
1230 916 1422 972 Satan.

349 1047 476 1102 CAP.
511 1047 684 1100 XLIX.
711 1076 774 1084 —
800 1044 954 1115 Quod
973 1043 1243 1115 immundi
1263 1043 1494 1110 spiritus
1513 1043 1574 1094 in
1597 1040 1696 1094 hoc
1728 1041 1846 1094 cali
1873 1044 2051 1094 terra-

882 1131 984 1185 que
1013 1114 1188 1168 medio
1225 1119 1512 1180 vagentur.

422 1242 604 1313 (Greg.
636 1243 696 1294 in
728 1242 841 1294 suis
871 1240 1064 1294 Morai.
1114 1238 1251 1292 dicit
1284 1236 1320 1307 :)
1353 1235 1530 1290 Paulo
1579 1239 1710 1288 ante
1749 1234 1870 1304 jam
1903 1233 2051 1287 dixi-

351 1346 499 1396 mus,
561 1329 709 1384 nnde
765 1333 819 1382 et
873 1343 1004 1381 aves
1059 1326 1189 1380 coeli
1244 1325 1626 1379 nominamus.
1695 1323 1761 1376 Et
1819 1323 2050 1386 scimus,

353 1419 505 1490 quod
553 1418 838 1472 immundi
892 1417 1150 1486 spiritus,
1202 1414 1298 1484 qui
1347 1431 1377 1467 e
1424 1415 1564 1467 calo
1609 1414 1858 1466 atliereo
1907 1411 2052 1482 lapsi

354 1513 506 1572 sunt,
557 1507 615 1560 in
663 1507 771 1560 hoc
823 1506 950 1560 cali
1006 1509 1289 1572 terraque
1351 1503 1538 1555 medio
1593 1505 1892 1570 vagantur.
1945 1500 2053 1563 Qui

353 1600 513 1649 tanto
545 1593 730 1664 magis
759 1592 931 1647 corda
978 1591 1280 1645 hominum
1332 1590 1636 1644 ascendere
1686 1591 1752 1642 ad
1805 1589 2056 1643 coelestia

2156 468 2343 532 debet,
2377 466 2478 537 qui
2505 465 2648 518 nihil
2679 462 2789 516 nisi
2833 460 3150 532 permissus
3192 460 3360 514 valet.
3413 457 3544 513 Sola
3581 475 3730 529 ergo
3787 460 3868 510 vis

2155 558 2254 610 illa
2277 554 2528 609 timenda
2561 558 2666 618 est,
2703 567 2832 622 qua
2858 565 2988 604 cum
3017 550 3240 603 hostem
3275 547 3473 602 savire
3506 547 3863 618 permiserit.

2157 646 2210 698 ei
2240 660 2405 698 usum
2425 641 2569 712 justi
2588 639 2815 711 judicii,
2845 644 2901 692 et
2924 639 3135 706 injusta
3163 637 3316 690 illius
3348 636 3632 700 voluntas,
3667 636 3865 688 servit.

2162 733 2459 787 Paululum
2510 746 2642 784 vero
2691 744 2928 782 manum
2976 727 3223 798 postulat
3267 724 3499 779 extendi
3531 741 3544 777 :
3575 723 3729 794 quia
3777 739 3865 777 ex-

2157 822 2372 876 teriora
2405 824 2538 874 sunt
2566 833 2694 889 qua
2726 817 2944 887 expetit
2968 815 3203 869 conteri.
3250 815 3443 884 Neque
3491 813 3650 867 enim
3708 818 3865 866 satan

2158 911 2344 965 facere
2373 924 2429 962 se
2461 907 2675 978 aliquid
2707 907 2952 960 multum
2991 909 3177 975 putat,
3225 903 3334 957 nisi
3376 918 3506 956 cum
3553 903 3616 955 iu
3671 902 3864 955 anima

2161 999 2397 1061 sauciat,
2434 1001 2496 1050 ut
2521 997 2591 1050 ab
2616 996 2714 1050 illa
2743 994 2929 1066 patria
2960 993 3168 1048 feriens
3199 997 3461 1046 revocet.
3595 981 3598 985 ’

2162 1106 2287 1161 CAP.
2327 1105 2437 1158 LII.
2470 1132 2542 1144 —
2582 1101 2734 1168 Quod
2776 1105 3010 1170 quatuor
3059 1099 3232 1152 modis
3282 1099 3542 1170 loquatur
3591 1100 3747 1152 Deus
3795 1097 3860 1149 ad

2315 1175 2614 1242 diabolum,
2646 1179 2694 1226 et
2720 1169 2894 1226 tribus
2923 1171 3097 1224 modis
3128 1169 3374 1223 diabolus
3405 1169 3479 1221 ad
3508 1171 3710 1223 Deum.

2234 1265 2488 1335 (Gregor.
2534 1265 2593 1316 in
2629 1264 2744 1317 suis
2787 1260 3087 1316 Moralibus
3119 1262 3158 1326 :)
3207 1257 3518 1312 Sciendum
3568 1272 3711 1310 vero
3761 1261 3857 1321 est,

2163 1353 2298 1424 quia
2326 1352 2472 1405 sicut
2503 1352 2606 1404 hoc
2638 1351 2760 1403 loco
2794 1348 3088 1415 discimus,
3122 1348 3190 1400 IV
3222 1346 3407 1400 modis
3430 1346 3695 1416 loquitur
3720 1346 3859 1399 Deus

2164 1442 2234 1496 ad
2265 1441 2556 1496 diabolum
2590 1457 2602 1493 ε
2643 1438 2821 1492 tribus
2854 1438 3038 1491 modis
3069 1437 3329 1490 diabolus
3361 1436 3426 1489 ad
3473 1435 3680 1488 Deum.
3717 1435 3859 1498 Qua-

2166 1537 2296 1585 tuor
2326 1529 2508 1583 modis
2547 1527 2803 1598 loquitur
2849 1527 2995 1579 Deus
3045 1525 3114 1579 ad
3156 1524 3467 1590 diabolum,
3519 1529 3578 1578 et
3621 1523 3864 1592 injustas

2165 1620 2284 1673 vias
2315 1621 2436 1688 ejus
2469 1617 2680 1687 arguit.
2725 1621 2781 1669 et
2827 1616 3136 1669 electorum
3186 1629 3418 1666 suorum
3463 1617 3666 1666 contra
3704 1612 3864 1666 illum

354 1683 635 1780 invident}.
671 1687 886 1780 Quanto
931 1697 998 1780 _se
1038 1698 1072 1733 a
1111 1679 1433 1780 caf’llestibus
1480 1696 1583 1749 per
1631 1678 1894 1732 elationis
1937 1693 2054 1732 sum
2089 1665 2127 1718 Β
2162 1665 2442 1780 justitiam
2473 1665 2766 1776 przponit,
2797 1709 2855 1757 et
2883 1702 3216 1757 tentandam
3245 1717 3441 1754 eorum
3471 1701 3862 1754 innocentiam

353 1771 788 1825 immundiciam
820 1771 1107 1839 proiectos
1139 1768 1351 1821 vident.

427 1860 554 1913 CAP.
589 1859 647 1912 L.
683 1887 751 1898 —
779 1861 846 1912 De
876 1859 970 1911 hoc
999 1860 1051 1911 si
1079 1873 1193 1926 pax
1222 1859 1278 1910 in
1311 1856 1632 1910 sublimibus
1657 1857 1979 1910 retineatur.

427 1947 540 2018 (Em
570 1946 805 2011 iisdem.)
837 1945 942 1999 Sed
994 1945 1144 1998 inter
1173 1943 1292 1997 hac
1314 1944 1454 1997 libet
1503 1943 1814 2013 inquirere,
1865 1944 1912 1997 si
1945 1959 2055 2014 pax

358 2037 416 2089 in
452 2035 795 2089 sublimibus
826 2049 1051 2087 summa
1096 2033 1396 2098 retinetur,
1446 2031 1585 2102 quid
1635 2037 1720 2086 est
1762 2033 1914 2102 quod
1953 2048 2058 2102 per

359 2125 624 2194 angelum
662 2122 880 2176 Danieli
909 2120 1164 2176 dicitur?
1195 2122 1308 2191 Ego
1342 2121 1469 2174 veni
1501 2125 1736 2190 propter
1765 2137 2057 2174 sermones

356 2217 502 2277 tuos,
537 2211 802 2282 princeps
833 2217 1022 2264 autem
1065 2209 1229 2279 regni
1279 2210 1580 2263 Persarum
1630 2209 1841 2262 restitit
1887 2209 2054 2276 mihi,

359 2301 449 2356 XX
479 2307 534 2354 et
564 2317 676 2353 uno
710 2299 932 2366 diebus,
982 2309 1038 2352 et
1084 2315 1209 2352 ecce
1245 2298 1478 2352 Michael
1507 2313 1656 2350 unus
1687 2298 1755 2352 de
1786 2297 2059 2369 principi-

349 2388 487 2455 ‘bus,
509 2387 728 2457 primus
755 2385 912 2438 venit
942 2386 999 2437 iu
1024 2385 1376 2454 adjutorium
1401 2383 1559 2437 mihi.
1591 2384 1655 2438 Et
1685 2385 1856 2454 paulo
1888 2389 2051 2454 post:

360 2477 523 2529 Nunc
567 2480 819 2528 revertar
860 2479 925 2526 ut
971 2473 1200 2542 pralier
1245 2473 1515 2526 adversus
1556 2472 1878 2542 principem
1927 2474 2056 2526 Per-

363 2581 573 2618 sarum.
642 2564 784 2618 Cum
851 2562 1004 2616 enim
1073 2562 1400 2632 egrederer,
1468 2561 1737 2631 apparuit
1789 2563 2055 2632 princeps

361 2652 687 2706 Gracorum
739 2651 1068 2705 adveniens.
1125 2649 1278 2714 Quos
1328 2650 1522 2720 itaque
1576 2649 1718 2703 alios
1765 2650 2055 2721 principes

362 2741 621 2810 gentium
680 2739 790 2792 nisi
848 2740 1084 2808 angelos
1137 2739 1408 2809 appellat,
1469 2737 1568 2807 qui
1637 2737 1744 2791 sibi
1793 2739 2056 2792 resistere

364 2829 592 2884 exeunti
623 2827 993 2900 potuissent?
1021 2826 1156 2890 Qua
1189 2841 1325 2897 ergo
1355 2842 1476 2879 esse
1500 2841 1629 2896 ,pax
1679 2825 1739 2879 in
1788 2827 2056 2880 sublimi-

359 2917 466 2971 bus
485 2923 702 3018 potest,
736 2918 782 2970 si
815 2916 973 3018 inter
1014 2917 1168 3018 ipsos
1213 2931 1442 3014 quoque
1487 2915 1775 2985 angelicos
1822 2916 2056 3018 spiritus
2091 2947 2130 3002 ρ
2168 2947 2268 3000 lat.
2316 2915 2442 3000 “eis
2487 2946 2706 3018 quippe
2750 2961 2880 3000 suas
2937 2944 3213 3012 insinuat,
3273 2943 3374 3014 qui
3422 2943 3503 2996 ait

359 3005 663 3076 praliandi
713 3009 1006 3059 certamen
1049 3005 1259 3074 agitur,
1312 3004 1411 3074 qui
1461 3019 1687 3074 semper
1729 3003 2058 3074 conspectui

362 3095 617 3150 veritatis
646 3095 965 3148 assistunt?
1011 3092 1119 3147 Sed
1174 3093 1309 3163 quia
1356 3098 1512 3146 certa
1559 3093 1898 3162 angelorum
1949 3093 2054 3146 mi-

364 3183 598 3237 nisteria
657 3182 1054 3252 dispensandis
1098 3181 1361 3250 singulis,
1423 3181 1747 3251 quibusque
1794 3181 2056 3251 gentibus

365 3271 480 3324 sint
522 3271 778 3340 pralata,
826 3284 955 3321 cum
1001 3267 1385 3338 subjectorum
1421 3283 1611 3321 mores
1655 3269 1955 3322 adversum
1996 3283 2054 3321 se

362 3359 610 3412 vicissim
674 3356 1120 3428 prapositorum
1157 3356 1466 3426 spirituum
1507 3373 1675 3428 opem
1738 3363 2054 3424 merentur,

362 3446 472 3517 ipsi
502 3447 600 3517 qui
632 3451 888 3517 prasunt
921 3444 1156 3515 spiritus
1203 3449 1400 3498 contra
1444 3461 1502 3498 se
1555 3445 1747 3499 venire
1798 3446 2054 3501 referun-

359 3539 474 3589 tur.
504 3535 554 3588 ls
584 3550 832 3605 namque
858 3534 1099 3603 angelus
1131 3533 1228 3603 qui
1265 3533 1484 3587 Danieli
1514 3534 2056 3604 loquebatur,capti-

360 3624 444 3677 vis
490 3622 784 3676 Israelitici
839 3622 1035 3692 populi
1069 3621 1126 3674 in
1169 3621 1398 3674 Perside
1429 3622 1756 3676 constitutis
1785 3621 2057 3692 pralatus

362 3713 694 3782 agnoscitur
745 3711 978 3765 Michael
1042 3714 1231 3764 autem
1287 3726 1505 3778 eorum,
1570 3710 1669 3781 qui
1727 3726 1792 3764 ex
1854 3711 2056 3765 eadem

362 3801 531 3872 plebe
572 3801 633 3853 in
677 3800 872 3853 Judaa
920 3804 1072 3853 terra
1117 3803 1527 3866 remanserant,
1580 3800 1922 3869 praepositus
1974 3800 2058 3852 in-

361 3888 610 3942 venitur.
649 3888 807 3943 Unde
841 3887 912 3940 ab
942 3888 1146 3941 eodem
1197 3887 1400 3956 angelo
1442 3888 1613 3958 paulo
1659 3891 1788 3956 post
1838 3887 2058 3941 Danieli

365 3976 576 4032 dicitur
605 3993 618 4030 :
658 3978 836 4030 Nemo
866 3980 950 4029 est
980 3976 1205 4045 adjutor
1239 3991 1400 4030 meus
1432 3975 1491 4028 in
1516 3975 1783 4028 omnibus
1813 3973 1922 4036 his,
1948 3973 2058 4026 nisi

365 4064 596 4120 Michael
629 4065 893 4134 princeps
924 4069 1124 4117 vester.
1164 4064 1240 4117 De
1271 4080 1384 4134 quo
1415 4067 1471 4117 et
1499 4063 1607 4117 hoc
1637 4063 1788 4133 quod
1830 4062 2058 4133 prami—

364 4153 563 4222 simus,
598 4153 775 4208 dicit:
809 4153 877 4206 Et
921 4168 1048 4206 ecce
1092 4151 1325 4206 Michael
1366 4167 1518 4205 unus
1566 4153 1634 4206 de
1678 4150 2050 4222 principibus,

363 4244 585 4314 primus
617 4242 770 4296 venit
796 4242 854 4294 in
903 4241 1256 4310 adjutorium
1305 4240 1471 4294 mihi.
1517 4239 1625 4303 Qui
1670 4240 1806 4294 dum
1846 4255 2056 4310 uequa-
2087 4227 2130 4281 Ι)

364 4347 538 4402 quam
574 4329 745 4384 simul
777 4343 921 4393 esse,
969 4328 1067 4382 sed
1117 4327 1311 4381 venire
1344 4327 1403 4381 in
1447 4327 1798 4398 adjutorium
1827 4328 2056 4392 dicitur,

365 4425 560 4489 aperte
613 4418 664 4472 ei
712 4417 928 4488 populo
959 4417 1231 4486 praelatus
1263 4417 1611 4488 agnoscitur,
1639 4417 1738 4487 qui
1769 4422 1970 4486 captus
1999 4418 2060 4471 in

363 4507 474 4560 alia
506 4510 668 4577 parte
692 4505 1013 4560 tenebatur.

365 4629 494 4686 CAP.
529 4629 612 4684 LI.
645 4659 718 4672 —
741 4630 893 4696 Quod
921 4630 1130 4684 diaboli
1173 4629 1422 4685 voluntas
1472 4645 1679 4700 semper
1722 4634 1794 4686 sit
1843 4633 2058 4701 iniqua,

635 4707 870 4772 potestas
903 4707 1083 4755 autem
1111 4702 1228 4770 ejus
1255 4717 1536 4771 nunquam
1561 4703 1792 4771 injusta.

437 4810 548 4878 (Ea:
578 4808 818 4878 eisdem.)
857 4808 1164 4863 Sciendum
1210 4823 1345 4862 vero
1395 4811 1483 4862 est
1533 4808 1670 4878 quia
1701 4809 1924 4864 Satana
1955 4825 2062 4862 vo-

364 4899 555 4953 luntas
587 4913 814 4967 semper
841 4896 1044 4967 iniqua
1073 4901 1178 4966 est,
1225 4897 1322 4951 sed
1357 4912 1653 4968 nunquam
1686 4902 1938 4967 potestas
1968 4898 2063 4952 in-

361 4987 515 5058 justa
560 5003 573 5040 :
618 4987 756 5058 quia
802 5003 836 5039 a
882 4985 1188 5055 semetipso
1245 4986 1598 5040 voluntatem
1649 4985 1838 5054 habet,
1886 4987 1983 5041 sed
2031 5003 2064 5040 a

368 5076 613 5130 Domino
645 5079 1008 5145 potestatem.
1053 5073 1217 5137 Quod
1263 5073 1416 5127 enim
1467 5074 1588 5145 ipse
1635 5075 1819 5128 facere
1865 5074 2063 5146 inique

367 5165 605 5235 appetit,
640 5164 747 5219 hoc
781 5164 929 5218 Deus
960 5163 1085 5217 ﬁeri
1113 5179 1226 5216 non
1257 5163 1538 5232 nisijuste
1567 5163 1867 5232 permittit.
1905 5164 2063 5218 Unde

367 5251 514 5307 bene
558 5254 617 5306 in
649 5252 808 5307 libris
843 5253 1063 5322 Regum
1105 5252 1312 5306 dicitur
1345 5266 1357 5304 :
1391 5251 1637 5322 Spiritus
1679 5253 1905 5307 Domini
1951 5270 2066 5307 ma-

367 5337 459 5394 lus
504 5341 760 5396 irruebat
803 5341 860 5394 in
911 5340 1066 5395 Saul.
1118 5341 1255 5394 Ecce
1288 5355 1434 5394 unus
1486 5341 1753 5412 idemque
1805 5342 2065 5412 spiritus,

369 5433 426 5483 et
485 5429 716 5483 Domini
771 5429 1116 5500 appellatur,
1166 5435 1222 5484 et
1271 5429 1454 5484 malus
1518 5430 1747 5484 Domini
1802 5431 2066 5485 videlicet

369 5533 472 5590 per
526 5518 814 5573 licentiam
868 5519 1165 5588 potestatis
1222 5517 1412 5588 justa,
1469 5519 1656 5573 malus
1709 5523 1899 5576 autem
1961 5537 2064 5591 per

2167 1797 2218 1852 ei
2251 1796 2614 1851 concedendo
2650 1793 2952 1865 permittit,
3002 1797 3059 1845 et
3103 1791 3415 1861 aliquando
3459 1805 3593 1844 cum
3638 1805 3710 1842 ue
3744 1795 3863 1842 teu-

2165 1891 2285 1941 tare
2316 1884 2526 1939 audeat
2556 1882 2842 1954 prohibet.
2879 1882 3126 1951 lnjustas
3171 1880 3322 1933 enim
3353 1879 3471 1933 vias
3504 1881 3631 1948 ejus
3672 1878 3863 1932 redar-

2166 1973 2308 2043 guit,
2338 1973 2480 2027 sicut
2508 1972 2626 2042 jam
2661 1971 2878 2024 dictum
2910 1975 2993 2023 est
3024 1987 3040 2022 :
3075 1969 3236 2025 Unde
3289 1969 3442 2022 venis
3466 1968 3495 2021 ?
3539 1968 3856 2021 Electorum

2166 2075 2399 2116 suorum
2431 2067 2626 2115 contra
2658 2060 2819 2114 illum
2867 2058 3146 2128 justitiam
3197 2057 3488 2127 proponit,
3539 2055 3689 2108 sicut
3737 2056 3855 2108 ait:

2167 2149 2552 2205 Considerasti
2606 2164 2833 2202 servum
2884 2162 3078 2201 meum
3126 2145 3252 2208 Job,
3307 2146 3456 2216 quod
3518 2161 3637 2198 non
3691 2145 3761 2197 sit
3810 2142 3861 2197 ei

2168 2239 2370 2292 similis
2414 2254 2588 2308 super
2637 2237 2898 2290 terram?
2944 2235 3296 2290 Tentandam
3347 2249 3548 2288 eorum
3591 2233 3860 2287 innocen-

2164 2330 2305 2384 tiam
2363 2327 2416 2381 ei
2470 2326 2838 2381 concedendo
2897 2324 3200 2396 permittit,
3261 2324 3407 2377 sicut
3461 2323 3603 2377 dicit
3657 2339 3670 2374 :
3727 2321 3859 2374 Ecce

2165 2417 2430 2470 universa
2459 2432 2588 2488 qua
2622 2415 2813 2483 habet,
2848 2415 2908 2468 iu
2941 2429 3118 2467 manu
3148 2417 3246 2467 tua
3289 2417 3424 2466 sunt
3494 2412 3857 2480 Rursumque

2166 2521 2299 2559 eum
2345 2522 2379 2558 a
2429 2505 2746 2558 tentatione
2795 2503 3083 2574 prohibet,
3133 2516 3264 2555 cum
3306 2500 3442 2554 dicit
3475 2517 3489 2554 :
3521 2501 3769 2554 Tantum
3803 2499 3860 2551 in

2167 2610 2299 2648 eum
2333 2609 2404 2647 ne
2432 2592 2698 2648 extendas
2746 2608 2982 2646 manum
3015 2596 3192 2644 tuam.
3224 2589 3425 2644 Tribus
3453 2596 3654 2642 autem
3684 2588 3860 2642 modis

2165 2681 2421 2753 loquitur
2469 2681 2730 2735 diabolus
2773 2681 2844 2735 ad
2893 2681 3094 2746 Deum,
3129 2695 3258 2733 cum
3289 2678 3379 2732 vel
3407 2678 3528 2732 vias
3557 2695 3694 2732 suas
3723 2676 3860 2731 insi-

2167 2775 2326 2836 nuat,
2379 2769 2467 2823 vel
2516 2771 2827 2824 electorum
2886 2768 3273 2822 innocentiam
3323 2767 3467 2822 ﬁctis
3524 2765 3860 2820 criminibus

2166 2863 2409 2923 accusat,
2443 2859 2530 2912 vel
2560 2857 2890 2912 tentandam
2937 2858 3197 2912 eamdem
3241 2854 3634 2910 innocentiam
3672 2860 3858 2925 postu-

3552 2959 3564 2996 :
3624 2940 3861 2996 Circuivi

2168 3039 2398 3102 terram,
2434 3040 2488 3088 et
2517 3033 2911 3106 perambulavi
2943 3049 3089 3087 eam.
3126 3033 3446 3087 Electorum
3474 3030 3863 3084 innocentiam

2167 3128 2392 3178 accusat
2443 3141 2456 3178 :
2511 3124 2646 3194 quia
2693 3123 2829 3177 dicit
2881 3139 2894 3177 :
2953 3121 3224 3192 Nunquid
3276 3121 3488 3175 frustra
3537 3119 3648 3174 Job
3706 3119 3865 3172 timet

2169 3213 2395 3268 Deum?
2448 3213 2647 3268 Nonne
2706 3217 2767 3266 tu
2819 3211 3042 3266 vallasti
3100 3227 3254 3277 eum,
3305 3225 3369 3264 ac
3427 3209 3670 3264 domum
3719 3207 3862 3278 ejus,

2168 3302 2609 3373 universamque
2655 3300 3032 3355 substantiam
3074 3316 3177 3371 per
3220 3299 3573 3352 circuitum?
3619 3299 3864 3352 Tentan-

2166 3390 2299 3445 dam
2332 3391 2592 3445 eamdem
2624 3389 3014 3444 innocentiam
3043 3388 3315 3460 postulat,
3357 3403 3489 3442 cum
3533 3387 3682 3442 dixit
3712 3405 3727 3439 :
3762 3385 3865 3438 Ex-

2163 3479 2332 3534 tende
2365 3495 2600 3533 manum
2629 3484 2812 3545 tuam,
2842 3483 2898 3531 et
2935 3483 3108 3548 tange
3157 3482 3357 3531 cuncta
3404 3491 3538 3546 qua
3591 3475 3866 3546 possidet,

2165 3567 2277 3621 nisi
2304 3567 2363 3621 in
2397 3567 2598 3621 faciem
2629 3567 2985 3621 benedixerit
3011 3565 3136 3620 tibi.

2165 3673 2295 3728 CAP.
2331 3673 2468 3727 LIII.
2501 3702 2570 3712 —
2595 3672 2748 3740 Quod
2774 3687 2880 3727 non
2918 3675 2993 3726 sit
3033 3672 3221 3741 palma
3249 3671 3488 3725 victoriae
3531 3671 3649 3723 sine
3678 3670 3870 3724 labore

2853 3744 3179 3798 certaminis.

2239 3832 2347 3903 (Ea:
2396 3832 2613 3901 dialogo
2655 3832 2840 3902 Greg.)
2903 3831 3037 3886 Sine
3086 3832 3280 3886 labore
3337 3827 3687 3897 certaminis,
3752 3845 3875 3883 non

2169 3927 2256 3974 est
2303 3920 2496 3992 palma
2537 3921 2811 3975 victoria.
2865 3921 3022 3975 Unde
3065 3936 3203 3990 ergo
3254 3919 3513 3984 victores,
3563 3919 3675 3972 nisi
3729 3918 3876 3988 quia

2169 4021 2366 4072 contra
2406 4017 2632 4088 antiqui
2675 4018 2854 4071 hostis
2905 4017 3142 4072 insidias
3188 4014 3668 4071 decertaveruut?
3716 4014 3881 4069 Mali-

2171 4123 2319 4178 gnus
2374 4106 2588 4177 quippe
2642 4106 2876 4177 spiritus
2924 4106 3284 4176 cogitationi,
3335 4103 3630 4172 locutioni,
3690 4109 3876 4174 atque

2171 4193 2332 4265 operi
2382 4200 2579 4248 nostro
2631 4211 2858 4265 semper
2905 4195 3113 4249 assistit
3162 4211 3176 4248 :
3218 4194 3264 4248 si
3306 4194 3542 4248 fortasse
3586 4192 3727 4263 quid
3780 4192 3873 4246 in-

2169 4283 2380 4351 veniat,
2411 4282 2564 4336 unde
2595 4283 2746 4354 apud
2790 4299 3028 4338 examen
3071 4283 3272 4337 aterui
3310 4282 3523 4353 judicis
3575 4287 3878 4334 accusator

2171 4372 2394 4426 existat.
2447 4371 2537 4424 Vis
2581 4371 2794 4425 etenim
2844 4388 3006 4425 nosse
3037 4371 3328 4442 quomodo
3358 4370 3429 4424 ad
3461 4369 3871 4439 decipiendum

2171 4475 2398 4531 semper
2439 4459 2704 4515 assistat?
2734 4459 2975 4524 Quidam
3017 4460 3117 4530 qui
3162 4476 3314 4514 nunc
3362 4458 3664 4514 nobiscum
3712 4463 3864 4522 sunt,

2170 4565 2294 4604 rem
2338 4565 2511 4620 quam
2544 4565 2714 4603 narro
2762 4554 3064 4604 testantur.
3107 4550 3269 4614 Quod
3319 4549 3406 4602 vir
3454 4549 3580 4602 vita
3625 4563 3864 4602 venerao

2169 4639 2302 4694 bilis
2332 4638 2654 4708 Stephanus
2700 4639 2953 4703 nomine,
2997 4638 3233 4692 Valeria
3277 4638 3582 4708 provincia
3631 4637 3858 4708 presby-

2171 4733 2260 4781 ter
2286 4726 2417 4792 fuit,
2449 4727 2619 4797 hujus
2647 4728 2830 4781 nostri
2860 4726 3134 4781 Bonifacii
3163 4726 3409 4790 diaconi,
3432 4731 3604 4796 atque
3635 4725 3859 4795 dispen-

2172 4815 2375 4869 satoris
2408 4816 2679 4883 ecclesia,
2715 4816 3056 4886 cognatione
3105 4815 3418 4885 proximus.
3465 4814 3572 4879 Qui
3619 4814 3860 4886 quadam

2173 4903 2266 4958 die
2289 4903 2357 4957 de
2387 4903 2593 4958 itinere
2631 4905 2866 4958 domum
2918 4919 3228 4974 regressus,
3279 4905 3567 4975 mancipio
3615 4920 3720 4956 suo
3768 4919 3861 4956 ne-

2170 4991 2455 5061 gligenter
2503 4993 2739 5063 loquens
2789 4995 3062 5064 pracepit
3103 4993 3344 5047 dicens:
3403 4993 3560 5057 Veni,
3613 4992 3863 5057 diabole,

2172 5080 2434 5134 discalcia
2466 5097 2574 5135 me.
2612 5081 2697 5136 Ad
2728 5083 2890 5152 cujus
2933 5097 3128 5135 vocem
3160 5097 3294 5135 mox
3337 5085 3633 5153 caperunt
3679 5097 3738 5135 se
3777 5096 3862 5133 ca-

2172 5169 2420 5239 ligarum
2450 5170 2712 5241 corrigia
2740 5170 2800 5224 in
2832 5186 3057 5224 summa
3095 5171 3391 5224 velocitate
3425 5171 3759 5234 dissolvere,
3808 5170 3866 5221 ut

2173 5264 2368 5328 aperte
2393 5264 2703 5329 constaret,
2735 5259 2887 5330 quod
2935 5261 2988 5313 ei
3034 5258 3156 5330 ipse
3207 5259 3308 5330 qui
3355 5259 3693 5313 nominatus
3740 5256 3860 5319 fuit,

2174 5341 2240 5400 ad
2309 5348 2683 5402 extrahendas
2744 5349 2975 5418 caligas,
3031 5348 3296 5402 diabolus
3350 5347 3654 5402 obedisset.
3707 5342 3859 5410 Quod

2176 5450 2306 5488 mox
2356 5442 2422 5489 ut
2471 5437 2771 5508 presbyter
2811 5437 2973 5497 vidit,
3021 5437 3395 5492 vehementer
3444 5436 3690 5507 expavit,
3742 5448 3859 5488 ma-

2174 5524 2416 5595 gnisque
2483 5525 2712 5580 vocibus
2775 5527 3020 5580 clamare
3084 5525 3256 5597 capit
3318 5526 3512 5580 dicens
3570 5541 3583 5577 :
3647 5521 3858 5579 Recede
