4014 6200
189 240 315 292 1033

1111 241 1577 297 DECRETORUM
1624 243 1805 297 LlBRI
1844 244 1949 299 XX.
1986 273 2054 283 --
2096 246 2305 300 LIBER
2345 246 2735 301 VlGESlMUS.

3534 249 3667 301 1034

177 363 368 428 miser,
402 362 599 416 recede
632 379 643 416 :
694 379 809 417 non
866 364 1019 417 enim
1080 363 1205 431 tibi,
1266 364 1361 418 sed
1402 367 1688 436 mancipio
1731 383 1856 420 meo
1896 375 1937 425 Α
1976 383 2232 422 reversus
2264 375 2348 423 est
2385 369 2452 423 ad
2489 368 2903 440 paenitentiam,
2941 368 3078 423 dum
3109 385 3167 423 se
3188 369 3522 425 inferiorem
3545 386 3666 424 esse

175 450 398 504 locutus
429 468 576 506 sum.
611 452 689 505 Ad
736 452 897 521 cujus
948 469 1141 506 vocem
1183 453 1447 522 protinus
1503 455 1754 518 recessit,
1788 455 1867 509 ita

175 545 238 593 ut
265 540 507 593 inventa
537 540 648 593 sint
696 557 903 610 magna
928 542 1046 610 jam
1076 557 1140 594 ex
1191 548 1350 612 parte
1399 542 1690 596 dissoluta
1742 560 1865 596 cor-

176 628 357 696 rigia,
388 645 453 681 ex
486 633 645 697 parte
676 630 1075 682 remanserint.
1112 629 1231 692 Qua
1265 630 1323 682 in
1366 646 1425 683 re
1455 630 1649 699 colligi
1682 637 1868 701 potest

175 716 443 786 antiquus
487 716 684 782 hostis,
747 718 845 787 qui
891 718 1007 786 jam
1064 722 1273 787 prasto
1329 724 1414 772 est
1467 720 1866 789 corporalibus

172 804 353 870 factis,
402 820 574 875 quam
627 805 820 859 nimiis
867 805 1112 874 insidiis,
1152 806 1358 859 nostris
1416 806 1865 877 cogitationibus

172 892 400 946 insistit.

169 1044 299 1097 CAP.
338 1044 470 1098 LIV.
505 1073 571 1085 -
605 1047 675 1097 De
712 1050 983 1106 creatura,
1025 1051 1074 1098 et
1102 1050 1324 1110 natura,
1351 1051 1402 1100 et
1431 1048 1729 1101 ministerio
1766 1063 1863 1101 an-

500 1117 758 1183 gelorum,
794 1122 844 1170 et
875 1117 939 1169 de
968 1133 1097 1169 casa
1129 1123 1524 1185 apostatarum.

170 1244 248 1313 (S.
284 1244 479 1299 Isidor.
530 1247 587 1298 in
639 1246 777 1299 libro
825 1247 1128 1314 ofﬁciorum
1182 1248 1259 1300 sic
1326 1247 1610 1315 loquitur.)
1672 1249 1862 1317 Ange-

168 1331 357 1385 lorum
392 1348 600 1385 nomen
640 1333 813 1385 ofﬁcii
847 1339 948 1400 est,
1000 1349 1115 1387 non
1163 1339 1402 1387 natura.
1460 1335 1601 1388 Nam
1661 1352 1860 1389 secun-

167 1420 305 1473 dum
339 1426 622 1482 naturam,
667 1421 901 1491 spiritus
947 1429 1370 1492 nuncupantur.
1421 1424 1659 1488 Quando
1706 1426 1860 1478 enim

165 1508 236 1560 de
278 1510 431 1563 calls
461 1510 528 1562 ad
564 1510 1025 1564 annunciandum
1056 1511 1388 1565 hominibus
1422 1512 1731 1565 mittuntur
1756 1530 1768 1566 :
1792 1529 1861 1565 ex

162 1596 289 1665 ipsa
316 1598 758 1651 annunciatione
806 1599 995 1667 angeli
1048 1600 1398 1653 nominatur.
1445 1601 1656 1653 Natura
1705 1601 1858 1653 enim

162 1686 400 1753 spiritus
449 1691 600 1740 sunt.
638 1688 793 1740 Tunc
825 1693 1015 1739 autem
1048 1687 1238 1756 angeli
1290 1693 1583 1753 vocantur,
1626 1689 1855 1758 quando

160 1774 493 1827 mittuntur.
530 1776 740 1827 Natura
770 1776 1106 1842 angelorum
1142 1775 1431 1828 mutabilis
1463 1782 1568 1842 est,
1603 1776 1697 1829 sed
1722 1776 1857 1829 facit

158 1878 261 1915 eos
294 1865 653 1934 incorruptos
696 1864 939 1916 Charitas
988 1863 1354 1933 sempiterna.
1391 1864 1580 1917 Gratia
1611 1865 1856 1917 dii-imus

155 1964 281 2002 non
314 1956 516 2003 natura
570 1966 690 2002 esse
754 1950 1249 2003 incommutabiles
1308 1952 1563 2019 angelos.
1627 1952 1766 2005 Nam
1809 1951 1856 2004 si

155 2043 370 2090 natura
400 2037 899 2091 incommiituhiles
938 2043 1149 2104 essent,
1196 2039 1459 2091 diabolus
1509 2039 1705 2108 utique
1741 2056 1856 2093 non

149 2126 475 2179 cecidisset.
510 2126 942 2179 Mutabilitatem
984 2126 1176 2197 itaque
1218 2133 1436 2179 natura
1487 2128 1761 2197 sutfragat
1796 2128 1856 2180 in

146 2213 280 2267 illis
319 2215 727 2283 contemplatio
788 2215 1089 2268 Creatoris.
1142 2215 1284 2268 Inde
1347 2220 1398 2268 et
1458 2216 1714 2285 privatus
1773 2220 1858 2269 est

148 2307 418 2370 apostata
480 2303 738 2372 angelus,
797 2303 931 2355 dum
986 2302 1379 2356 fortitudinem
1437 2320 1598 2357 suam
1660 2321 1770 2357 non
1825 2321 1858 2357 a

150 2390 303 2454 Deo,
338 2390 430 2443 sed
480 2406 508 2441 a
538 2405 597 2442 se
638 2390 814 2442 voluit
852 2391 1157 2443 custodire.
1217 2392 1358 2443 Ante
1418 2407 1650 2445 omnem
1704 2408 1857 2445 crea-

148 2482 350 2530 turam
384 2477 570 2546 angeli
611 2477 740 2530 facti
774 2484 925 2545 sunt,
968 2479 1102 2531 dum
1136 2479 1348 2531 dictum
1389 2485 1521 2533 est:
1570 2480 1689 2533 Fiat
1735 2480 1852 2533 lux.

151 2566 237 2618 De
276 2565 411 2635 ipsis
442 2565 594 2619 enim
629 2567 767 2619 dicit
796 2565 1088 2635 Scriptura
1119 2583 1132 2620 :
1170 2567 1328 2620 Prior
1352 2569 1615 2622 omnium
1666 2575 1855 2623 creata

150 2659 243 2706 est
276 2653 570 2723 sapientia.
609 2654 721 2706 Lux
754 2655 905 2707 enim
937 2654 1226 2721 dicuntur,
1268 2656 1665 2726 participando
1715 2659 1853 2712 lucis

150 2748 427 2795 aterna:
463 2742 758 2810 sapientia
786 2759 919 2795 vero
964 2744 1252 2805 dicuntur,
1290 2744 1485 2814 ignita
1516 2745 1851 2800 inharendo

150 2830 474 2901 sapientia.
509 2830 577 2882 Et
606 2846 733 2883 cum
767 2830 881 2883 sint
912 2832 1213 2885 mutabiles
1244 2839 1468 2897 natura,
1503 2850 1619 2887 non
1660 2840 1853 2889 tamen

1973 457 2274 527 cognoscit.
2311 457 2573 510 Diabolus
2600 474 2732 511 vero
2764 474 2877 511 non
2900 457 3165 511 solumin
3199 458 3307 511 hoc
3341 462 3663 524 contentus,

1974 545 2127 615 quod
2170 562 2226 598 se
2274 547 2385 599 Deo
2435 547 2715 616 aqualem
2773 546 3107 599 existimans
3154 546 3380 615 cecidit,
3432 548 3666 616 insuper

1973 633 2144 686 etiam
2179 633 2533 703 superiorem
2594 634 2706 687 Deo
2756 649 2814 686 se
2846 634 2999 699 dicit,
3042 635 3357 687 secundum
3419 634 3665 702 apostoli

1973 721 2142 787 dicta,
2185 723 2283 793 qui
2334 722 2413 775 ait
2465 724 2535 777 de
2592 722 2986 776 Antichristo:
3046 723 3152 786 Qui
3209 724 3562 789 adversatur,
3608 728 3666 777 et

1972 810 2260 865 extollitur
2295 827 2468 881 supra
2506 827 2674 864 omne
2706 812 2859 881 quod
2908 811 3117 864 dicitur
3180 812 3346 878 Deus,
3380 817 3477 866 aut
3507 812 3665 883 quod

1971 898 2195 953 colitur.
2235 898 2503 953 Diabolus
2530 899 2660 953 ideo
2684 898 2807 969 jam
2854 914 2967 952 non
3000 903 3156 968 petet
3204 900 3428 953 veniam
3466 916 3478 954 :
3528 900 3667 971 quia

1970 1003 2088 1041 non
2122 988 2533 1058 compungitur
2552 988 2621 1041 ad
2657 987 3072 1057 panitentiam.
3103 987 3349 1041 Membra
3379 1004 3512 1042 vero
3541 990 3665 1059 ejus

1969 1091 2118 1145 sape
2148 1092 2251 1146 per
2301 1075 2629 1146 hypocrisin
2682 1076 3084 1145 deprecantur,
3116 1075 3269 1145 quod
3328 1082 3517 1129 tamen
3561 1094 3663 1147 pro

1972 1164 2121 1217 mala
2178 1164 2523 1217 conscientia
2595 1162 2834 1233 adipisci
2904 1179 3020 1216 non
3102 1168 3417 1217 merentur.
3482 1165 3665 1220 Discat

1969 1251 2224 1304 humana
2273 1251 2525 1317 miseria,
2576 1251 2729 1323 quod
2762 1268 2827 1305 ea
2883 1267 3052 1304 causa
3103 1251 3269 1304 citius
3323 1258 3664 1321 provocetur

1972 1339 2120 1392 Deus
2189 1344 2461 1409 prastare
2517 1340 2765 1405 veniam,
2821 1339 2956 1393 dum
3027 1339 3260 1393 infirmo
3317 1340 3663 1410 compatitur

1970 1426 2238 1480 homini:
2277 1428 2410 1498 quia
2459 1428 2580 1497 ipse
2638 1429 2809 1481 homo
2855 1427 3031 1481 traxit
3068 1444 3134 1481 ex
3178 1432 3340 1497 parte
3402 1428 3660 1483 inferiori

1968 1514 2360 1568 inﬁrmitatem
2423 1516 2711 1584 peccandi,
2744 1516 2849 1569 hoc
2896 1521 2997 1576 est.
3050 1533 3117 1569 ex
3178 1532 3366 1576 carne.
3424 1533 3536 1586 qua
3566 1516 3661 1570 in—

1968 1603 2119 1655 clusa
2149 1604 2338 1656 anima
2380 1604 2683 1657 detinetur.
2719 1609 3001 1672 Apostata
3034 1605 3219 1673 angeli
3256 1605 3383 1656 ideo
3436 1605 3659 1658 veniam

1971 1708 2081 1744 non
2118 1692 2375 1745 habent:
2434 1693 2568 1762 quia
2613 1693 2857 1745 carnalis
2903 1692 3228 1762 fragilitatis
3285 1692 3439 1745 nulla
3498 1692 3659 1746 inﬁr-

1968 1778 2165 1832 mitate
2197 1781 2413 1849 gravati
2469 1784 2601 1833 sunt
2660 1785 2720 1832 ut
2762 1784 3082 1849 peccarent.
3148 1780 3412 1833 Homines
3468 1784 3659 1833 autem

1965 1871 2091 1936 post
2164 1873 2458 1937 peccatum
2538 1868 2751 1921 idcirco
2815 1873 3182 1921 revertuntur
3258 1869 3329 1922 ad
3410 1869 3657 1936 veniam,

1965 1959 2200 2025 propter
2246 1955 2399 2025 quod
2454 1971 2517 2008 ex
2574 1956 2728 2007 lutea
2783 1957 3022 2009 materia
3078 1956 3304 2024 pondus
3363 1961 3661 2011 traxerunt

1964 2042 2335 2109 inﬁrmitatis,
2370 2044 2612 2113 ideoque
2638 2060 2738 2113 pro
2787 2043 3018 2096 inﬁrma
3065 2044 3252 2096 carnis
3308 2045 3656 2111 conditione,

1966 2131 2178 2185 reditus
2226 2136 2382 2202 patet
2427 2132 2645 2185 homini
2691 2131 2759 2184 ad
2792 2132 3053 2184 salutem.
3091 2131 3244 2184 Sicut
3283 2135 3339 2184 et
3400 2132 3660 2185 Psalmus

1964 2220 2128 2274 dicit:
2153 2222 2278 2290 Ipse
2292 2220 2397 2273 scit
2417 2220 2759 2290 ﬁgmentum
2780 2225 3058 2272 nostrum.
3087 2220 3387 2285 Memento,
3420 2220 3658 2275 Domine

1963 2309 2117 2378 quod
2138 2313 2287 2362 terra
2320 2324 2551 2373 sumus;
2576 2314 2632 2360 et
2654 2308 2860 2360 iterum
2898 2324 2911 2359 :
2938 2308 3266 2372 Memorare,
3293 2306 3505 2377 inquit,
3528 2308 3655 2379 qua

1963 2398 2034 2450 sit
2058 2413 2182 2450 mea
2224 2397 2557 2450 substantia.
2582 2399 2887 2467 Postquam
2910 2401 3185 2466 apostata
3211 2396 3400 2466 angeli
3430 2397 3656 2451 cecide-

1964 2491 2119 2548 runt,
2152 2485 2359 2555 reliqui
2388 2486 2868 2556 perseverantiam
2901 2490 3130 2537 aeterna
3160 2484 3530 2538 beatitudinis
3567 2503 3656 2540 so-

1962 2572 2123 2626 lidati
2152 2579 2304 2625 sunt.
2343 2574 2498 2626 Unde
2541 2578 2597 2625 et
2657 2577 2783 2642 post
2813 2572 2939 2626 cali
2991 2572 3338 2626 creationem
3392 2573 3449 2625 in
3493 2572 3654 2642 prin-

1962 2661 2110 2732 cipio
2142 2661 2461 2730 repetitur:
2510 2661 2628 2715 Fiat
2670 2662 3122 2725 ﬁrmamentum,
3165 2666 3220 2714 ct
3263 2666 3524 2714 vocatum
3572 2666 3657 2716 est

1962 2752 2390 2805 ﬁrmamentum
2453 2750 2687 2815 coelum;
2758 2749 3033 2802 nimirum
3110 2748 3433 2812 ostendens,
3501 2749 3655 2819 quod

1961 2844 2089 2909 post
2109 2839 2446 2907 angelorum
2487 2838 2815 2903 ruinam,bi
2867 2837 2962 2907 qui
2994 2842 3453 2906 permanserunt,
3479 2836 3657 2890 ﬁrmi-

151 2919 293 2973 sinit
325 2936 420 2973 eos
452 2920 861 2989 contemplatio
915 2923 1125 2974 mutari
1166 2922 1377 2976 divina.
1425 2926 1569 2977 Ante
1617 2940 1849 2978 omnem
1885 2929 1925 2983 C
1962 2932 2137 2980 tatem
2171 2931 2502 2979 meruerunt
2552 2930 2782 2979 aterna
2813 2925 3252 2995 perseverantia
3302 2929 3359 2979 et
3409 2925 3653 2978 beatitu-

151 3009 507 3063 creationem
539 3008 761 3075 mundi,
794 3010 968 3063 creati
991 3015 1125 3063 sunt
1154 3012 1439 3080 angeli,et
1465 3016 1594 3066 ante
1621 3029 1849 3068 omnem

152 3098 504 3151 creationem
539 3098 898 3167 angelorum,
940 3098 1200 3151 diabolus
1239 3100 1500 3153 conditus
1554 3107 1657 3164 est,
1708 3102 1853 3155 sicut

153 3186 432 3255 scriptum
489 3190 573 3238 est
629 3202 640 3238 :
725 3187 850 3254 Ipse
897 3190 980 3239 est
1035 3187 1387 3256 principium
1444 3189 1664 3242 viarum
1726 3189 1846 3243 Dei.

157 3276 320 3343 Unpe
351 3280 405 3327 et
434 3274 499 3328 ad
526 3274 1013 3343 comparationem
1061 3277 1419 3345 angelorum,
1473 3277 1851 3347 archangelus

153 3362 477 3433 appellatus
508 3368 609 3415 est.
657 3362 821 3415 Prius
878 3363 1033 3416 enim
1093 3370 1315 3417 creatus
1372 3365 1585 3418 exstitit
1631 3367 1850 3419 ordinis

158 3450 511 3520 pralatione,
544 3467 657 3503 non
692 3451 967 3519 temporis
998 3452 1333 3522 quantitate.
1384 3453 1697 3506 Primatum
1750 3455 1850 3507 lia-

152 3539 349 3593 huisse
381 3540 713 3609 angelorum
757 3540 1049 3592 diabolum
1106 3540 1334 3607 scimus,
1368 3556 1436 3593 ex
1484 3557 1598 3610 qua
1643 3542 1851 3595 ﬁducia

156 3628 379 3691 cecidit,
418 3628 495 3680 ita
523 3633 583 3680 ut
610 3628 730 3681 sine
763 3628 1125 3698 reparatione
1155 3628 1462 3693 laberetur,
1507 3630 1669 3699 cujus
1703 3646 1847 3699 pra-

155 3716 389 3771 lationis
419 3716 810 3770 excellentiam
837 3717 1119 3786 propheta
1150 3717 1236 3770 his
1261 3718 1446 3771 verbis
1494 3718 1803 3771 annunciat
1833 3735 1845 3773 :

156 3805 325 3859 Cedri
382 3821 495 3857 non
555 3805 787 3857 fuerunt
839 3805 1067 3858 altiores
1129 3804 1227 3858 illo
1284 3805 1343 3857 in
1395 3806 1662 3874 paradiso
1728 3806 1847 3873 Dei,

156 3894 372 3947 abietes
405 3909 517 3946 non
553 3893 998 3963 adaquaverunt
1028 3894 1413 3947 summitatem
1448 3894 1621 3947 illius.
1669 3894 1847 3948 Omne

160 3983 381 4052 lignum
410 3981 655 4052 paradisi
690 3998 807 4035 non
858 3988 944 4035 est
982 3981 1361 4035 assimilatum
1398 3983 1477 4035 illi
1510 4000 1523 4035 :
1572 3983 1849 4053 quoniam

158 4070 564 4140 speciosiorem
590 4069 721 4122 fecit
755 4086 884 4123 eum
937 4072 1101 4123 Deus.
1140 4070 1322 4123 Distat
1374 4071 1626 4123 conditio
1658 4072 1850 4141 angeli

157 4177 191 4213 a
219 4158 549 4213 conditione
582 4158 849 4211 hominis.
899 4160 1078 4213 Homo
1112 4159 1265 4212 enim
1307 4159 1374 4212 ad
1428 4160 1526 4213 Dei
1575 4159 1849 4214 similitu-

158 4248 354 4302 dinem
412 4247 677 4300 conditus
733 4255 834 4300 est.
878 4248 1265 4316 Archangelus
1316 4263 1448 4301 vero
1502 4249 1601 4317 qui
1662 4250 1851 4319 lapsus

156 4343 260 4401 est,
340 4335 694 4405 signaculum
751 4335 852 4389 Dei
931 4335 1320 4389 similitudinis
1376 4337 1697 4406 appellatus
1747 4342 1850 4404 est,

155 4429 406 4478 testante
438 4424 678 4477 Domino
729 4439 832 4493 per
867 4423 1157 4477 Ezechiel:
1191 4424 1273 4477 Tu
1306 4422 1664 4493 signaculum
1692 4424 1850 4479 simi-

156 4512 420 4567 litudiuis
456 4512 574 4577 Dei,
617 4513 822 4581 plenus
849 4511 1146 4581 sapientia,
1202 4512 1483 4581 perfectus
1533 4514 1756 4579 decore,
1791 4514 1851 4567 in

156 4600 378 4655 deliciis
410 4602 659 4670 paradisi
692 4600 792 4653 Dei
818 4600 992 4654 fuisti.
1036 4600 1258 4664 Quanto
1288 4600 1441 4654 enim
1474 4600 1737 4653 subtilior
1769 4606 1854 4653 est

155 4692 283 4760 ejus
316 4694 518 4742 natura
552 4695 709 4743 tanto
769 4689 997 4759 plenius
1038 4689 1253 4743 exstitit
1295 4690 1365 4741 ad
1418 4689 1849 4742 similitudinem

156 4778 370 4832 divina
403 4778 654 4831 veritatis
685 4793 1032 4847 expressam.
1087 4776 1247 4830 Prius
1279 4777 1347 4829 de
1397 4777 1537 4830 calo
1584 4776 1850 4830 cecidisse

154 4868 450 4921 diabolum
482 4871 722 4930 constat,
756 4882 929 4936 quam
952 4865 1125 4918 homo
1148 4864 1515 4918 conderetur.
1544 4866 1685 4918 Nam
1720 4882 1849 4920 mox

155 4960 220 5008 ut
249 4955 430 5008 factus
450 4959 551 5019 est,
584 4954 642 5006 in
677 4954 1007 5023 superbiam
1041 4954 1251 5022 erupit,
1286 4957 1341 5005 et
1365 4953 1757 5023 pracipitatus
1780 4954 1850 5008 de

154 5044 299 5098 caelo
331 5046 435 5095 est.
469 5043 611 5095 Nam
636 5042 799 5112 juxta
833 5041 1093 5095 Veritatis
1115 5041 1533 5105 testimonium,
1577 5040 1648 5093 ab
1680 5040 1848 5093 initio

153 5131 402 5185 mendax
434 5131 561 5196 fuit,
603 5138 659 5184 et
691 5131 748 5184 in
800 5130 1035 5183 veritate
1103 5146 1219 5183 non
1260 5128 1432 5194 stetit,
1468 5128 1602 5198 quia
1657 5128 1850 5181 statim

152 5226 220 5273 ut
277 5220 455 5272 factus
535 5224 637 5284 est,
701 5218 920 5272 cecidit.
1015 5217 1139 5272 Fuit
1192 5218 1421 5288 quidem
1486 5217 1545 5270 in
1612 5218 1848 5271 veritate

153 5309 437 5371 conditus,
489 5307 583 5361 sed
651 5323 769 5360 non
822 5306 1023 5359 stando
1089 5307 1387 5360 confestim
1419 5322 1451 5359 a
1502 5305 1738 5359 veritate
1766 5310 1849 5358 est

156 5399 368 5467 lapsus.
394 5397 515 5449 Uno
550 5396 831 5465 superbia
862 5396 1044 5464 lapsu,
1083 5395 1219 5448 dum
1264 5396 1375 5448 Deo
1422 5410 1525 5464 per
1562 5398 1849 5447 tumorem

153 5501 216 5538 se
247 5482 571 5550 conferunt,
610 5488 665 5536 et
688 5482 861 5536 homo
894 5482 1114 5549 cecidit,
1150 5488 1205 5536 ct
1234 5482 1510 5537 diabolus.
1535 5482 1641 5535 Sed
1675 5482 1847 5535 homo

522 5589 796 5652 PATROL.
851 5590 1027 5654 CXL.

1964 3014 2134 3078 diuis,
2170 3030 2341 3084 quam
2374 3018 2539 3067 antea
2579 3014 2769 3067 minus
2826 3017 3161 3084 acceperant
3197 3030 3209 3067 :
3260 3018 3389 3083 post
3440 3013 3655 3068 diaboli

1962 3103 2359 3173 dejectionem,
2391 3103 2729 3171 angelorum
2758 3108 3085 3161 sanctorum
3126 3102 3392 3155 collatam
3442 3102 3653 3155 sancti-

1962 3191 2091 3244 tatis
2140 3191 2644 3259 perseverantiam,
2700 3194 2753 3242 et
2784 3189 3199 3243 beatitudinem
3259 3204 3431 3259 quam
3465 3190 3655 3242 minus

1964 3285 2326 3348 acceperint:
2384 3278 2536 3331 unde
2581 3282 2811 3347 oportet
2868 3276 3132 3347 cognosci
3164 3277 3317 3347 quod
3367 3278 3654 3331 malorum

1963 3368 2252 3437 iniquitas,
2305 3372 2630 3420 sanctorum
2674 3365 2881 3419 serviat
2917 3365 3230 3419 humilitati
3264 3382 3276 3419 :
3331 3365 3465 3435 quia
3506 3366 3654 3420 unde

1965 3455 2099 3508 mali
2121 3459 2415 3519 corruunt,
2446 3454 2577 3507 inde
2600 3453 2735 3506 boni
2758 3454 3082 3523 proﬁciunt.
3111 3454 3402 3506 Bonorum
3425 3455 3656 3522 angelo-

1963 3560 2089 3597 rum
2110 3559 2400 3607 numerus,
2417 3542 2515 3612 qui
2530 3547 2659 3610 post
2672 3541 2898 3594 ruinam
2916 3541 3253 3611 angelorum
3268 3542 3552 3595 malorum
3571 3546 3657 3596 est

1963 3631 2301 3696 diminutas,
2318 3645 2383 3682 ex
2402 3644 2642 3682 numero
2656 3629 2967 3681 electorum
2982 3626 3245 3680 omnium
3270 3628 3651 3697 supplebitur,

1963 3719 2060 3790 qui
2077 3733 2368 3782 numerus,
2383 3717 2487 3770 soli
2508 3718 2621 3769 Deo
2640 3720 2723 3767 est
2735 3714 3017 3784 cognitus.
3033 3716 3189 3768 Inter
3199 3715 3431 3783 angelos
3446 3714 3655 3768 distan-

1961 3806 2038 3860 tia
2051 3810 2333 3875 potestatu
2345 3821 2397 3857 m
2415 3810 2516 3870 est,
2540 3810 2595 3856 et
2610 3820 2711 3871 pro
2725 3802 3008 3872 graduum
3023 3802 3320 3870 dignitate,
3336 3802 3655 3857 ministeria

1962 3895 2175 3949 eisdem
2199 3898 2332 3947 sunt
2352 3892 2671 3947 distributa.
2703 3890 2954 3959 Aliisque
2989 3890 3087 3942 alii
3117 3890 3505 3959 praeferuntur
3534 3894 3651 3944 tam

1963 3983 2208 4037 culmine
2260 3980 2574 4050 potestatis,
2610 3994 2782 4049 quam
2838 3978 3074 4032 scientia
3126 3977 3374 4031 virtutis.
3428 3978 3656 4032 Submi-

1964 4071 2205 4125 nistrant
2236 4069 2412 4140 igitur
2470 4068 2566 4121 alii
2621 4067 2867 4120 aliorum
2924 4066 3249 4136 praeceptis,
3307 4071 3479 4137 atque
3519 4067 3655 4121 obe-

1966 4160 2132 4213 diunt
2154 4159 2344 4228 jussis.
2382 4157 2537 4211 Unde
2569 4157 2634 4209 ad
2669 4155 3009 4226 prophetam
3042 4154 3370 4209 Zachariam
3413 4148 3658 4225 angelus

1966 4249 2236 4319 angelum
2281 4246 2477 4311 mittit,
2546 4250 2601 4299 et
2680 4260 3037 4315 quacunque
3089 4244 3392 4298 anuntiare
3449 4244 3655 4298 debeat

1963 4336 2238 4408 pracipit.
2270 4336 2480 4388 Novem
2538 4350 2658 4387 esse
2719 4332 3113 4386 distinctiones
3138 4332 3228 4385 vel
3284 4332 3512 4387 ordines
3551 4349 3655 4387 an-

1963 4425 2419 4497 gelorumsacra
2464 4421 2771 4492 Scriptura
2802 4425 3109 4488 testantur,
3152 4420 3211 4474 id
3271 4425 3377 4488 est,
3438 4421 3653 4492 angeli,

1963 4511 2306 4583 archangeli,
2357 4510 2570 4576 throni,
2626 4509 3068 4576 dominationes,
3128 4508 3383 4577 virtutes,
3434 4509 3656 4580 princi—

1961 4607 2148 4673 patus,
2206 4605 2532 4672 potestates,
2600 4599 2902 4664 cherubin,
2962 4604 3019 4652 et
3084 4598 3373 4669 seraphin.
3439 4600 3654 4653 Horum

1963 4691 2228 4745 ordinum
2262 4704 2566 4743 numerum
2599 4688 2770 4741 etiam
2805 4686 3057 4740 Ezechiel
3083 4686 3367 4755 propheta
3384 4686 3655 4741 describit

1962 4779 2068 4833 sub
2096 4778 2333 4833 totidem
2376 4775 2704 4830 nominibus
2747 4774 3028 4843 lapidum,
3090 4788 3219 4826 cum
3276 4772 3347 4827 de
3398 4773 3654 4844 primatu

1961 4872 2229 4938 apostata
2289 4864 2482 4935 angeli
2533 4865 2916 4934 loqueretur:
2974 4861 3172 4916 Omnis
3221 4861 3434 4931 inquit,
3505 4863 3653 4931 lapis

1962 4956 2384 5026 operimentum
2412 4956 2596 5017 tuum,
2640 4951 2883 5014 sardius,
2936 4954 2992 5003 et
3044 4949 3323 5019 topazius,
3372 4952 3428 5002 et
3450 4948 3650 5019 jaspis,

1960 5042 2374 5113 chrysolythus,
2429 5044 2485 5093 et
2527 5055 2695 5110 onyx,
2754 5044 2810 5092 et
2861 5038 3119 5104 herillus,
3179 5036 3480 5107 saphyrus,
3524 5051 3649 5089 car-

1959 5131 2261 5196 bunculus,
2292 5133 2347 5183 et
2376 5127 2728 5196 smaragdus.
2761 5127 2883 5190 Quo
2933 5140 3175 5179 numero
3229 5124 3507 5194 lapidum,
3544 5123 3655 5194 ipsi

1962 5219 2192 5274 ordines
2246 5216 2528 5287 designati
2585 5219 2718 5269 sunt
2772 5215 3132 5285 angelorum.
3182 5212 3331 5277 Quos
3398 5217 3656 5284 apostata

1962 5308 2198 5375 angelus
2224 5311 2355 5358 ante
2385 5305 2609 5374 lapsum
2650 5304 2813 5373 quasi
2853 5303 2912 5355 in
2942 5301 3284 5355 vestimento
3334 5300 3658 5355 ornamenti

1960 5394 2047 5447 sui
2109 5392 2305 5446 afﬁxos
2383 5392 2587 5445 habuit
2655 5408 2667 5445 :
2729 5391 2800 5445 ad
2860 5406 3108 5461 quorum
3164 5391 3657 5460 comparationem

1961 5483 2098 5536 dum
2124 5497 2182 5534 se
2231 5480 2530 5534 clariorem
2582 5480 2799 5534 cunctis
2858 5478 3096 5549 aspexit,
3149 5478 3448 5533 confestim
3508 5478 3658 5531 intu-

3268 5590 3347 5646 33
