4010 6194
346 205 483 259 1035

1426 200 1831 258 BURCHARDI
1877 200 2412 258 WORMACIENSIS
2452 200 2783 257 EPISCOPI.
2846 232 2857 245 κ

3727 205 3880 257 1038

332 326 503 391 muit,
536 332 592 381 et
644 342 742 381 cor
794 341 962 380 suum
1019 323 1090 378 ad
1143 323 1476 394 superbiam
1528 322 1785 378 elevavit.
1827 322 2036 393 Angeli
2067 326 2113 378 Α
2150 323 2340 395 pturis
2370 323 2583 377 sanctis
2614 340 2717 394 pro
2753 325 2862 377 Deo
2883 324 3123 395 angelus
3158 324 3435 394 ponitur:
3489 341 3610 379 non
3674 326 3880 392 Pater,

336 431 566 484 semper
593 416 653 470 in
688 417 800 470 Deo
827 414 1099 485 gaudent,
1135 429 1250 466 non
1296 413 1356 466 in
1386 428 1467 465 se.
1519 412 1695 465 Malus
1741 428 1875 466 vero
1908 412 2041 466 inde

335 510 424 557 est
451 503 732 565 diabolus,
765 503 903 574 quia
931 518 1051 555 non
1095 517 1224 571 quae
1285 500 1409 569 Dei,
1448 500 1543 554 sed
1579 516 1708 571 qum
1764 516 1868 554 sua
1906 504 2044 554 sunt

337 591 656 662 requisivit.
693 592 858 645 Nulla
910 596 1103 643 autem
1155 589 1338 659 major
1384 587 1659 658 iniquitas
1697 604 1872 659 quam
1921 604 2040 642 non

338 680 402 734 in
437 681 573 748 Deo,
606 680 705 733 sed
748 680 809 732 in
850 694 910 733 se
951 677 1092 732 velle
1139 676 1472 748 quempiam
1512 675 1768 747 gloriari.
1833 675 2040 747 Angeli

337 783 474 822 vero
502 766 601 821 Dei
633 771 987 837 cognoscunt
1009 766 1206 820 omnia
1232 770 1544 837 antequam
1580 764 1637 819 in
1672 781 1732 819 re
1780 764 1958 819 ﬁant:
1984 768 2040 818 et

340 872 470 927 quae
504 855 655 925 apud
687 855 952 910 homines
1006 855 1194 909 adhuc
1224 856 1417 908 futura
1461 858 1616 920 sunt,
1658 852 1851 925 angeli
1912 853 2037 923 jam

341 946 627 999 revelante
650 945 764 999 Deo
796 949 1103 999 noverunt.
1128 942 1596 998 Prasvaricatores
1623 940 1831 1013 angeli,
1865 941 2037 995 etiam

343 1035 639 1087 sanctitate
695 1033 925 1099 amissa,
985 1048 1099 1085 non
1155 1037 1348 1085 tamen
1423 1030 1720 1085 amiserint
1783 1029 2036 1084 vivacem

342 1127 619 1177 creaturae
641 1121 915 1191 angelicas
948 1136 1197 1174 sensum.
1227 1118 1454 1189 Triplici
1484 1118 1638 1172 enim
1683 1118 1848 1173 modo
1886 1134 2034 1188 prte-

344 1209 598 1265 scientiaa
624 1208 888 1263 acumine
943 1207 1157 1278 vigent,
1189 1207 1247 1261 id
1278 1212 1385 1274 est,
1434 1206 1743 1262 subtilitate
1794 1211 2033 1274 naturae,

342 1297 694 1369 experientia
733 1301 1086 1367 temporum.
1130 1296 1475 1351 revelatione
1519 1295 1879 1366 superiorum
1932 1311 2035 1365 po-

342 1391 634 1441 testatum.
706 1386 940 1450 Quoties
1001 1386 1149 1439 Deus
1229 1399 1575 1455 quocunque
1624 1383 1851 1453 ﬂagello
1903 1383 2039 1438 huic

341 1474 561 1529 mundo
594 1474 877 1541 irascitur,
913 1472 983 1526 ad
1034 1472 1416 1526 ministerium
1459 1471 1723 1525 vindicta:
1763 1476 2037 1542 apostatm

342 1563 535 1633 angeli
566 1562 877 1616 mittuntur
906 1579 922 1614 :
954 1560 1055 1631 qui
1086 1566 1278 1613 tamen
1318 1560 1510 1614 divina
1554 1564 1829 1629 potestate
1876 1575 2035 1613 coer-

343 1656 566 1715 centur,
600 1666 671 1702 ne
712 1655 935 1702 tantum
966 1652 1232 1714 noceant,
1275 1654 1555 1718 quantum
1588 1647 1848 1717 cupiunt.
1904 1646 2040 1702 Boni

344 1744 539 1792 autem
570 1737 759 1806 angeli
790 1736 859 1790 ad
889 1736 1272 1789 ministerium
1314 1736 1515 1789 salutis
1541 1736 1809 1789 humana:
1855 1736 2042 1807 depu-

343 1824 446 1878 tati
481 1830 656 1890 sunt;
691 1830 753 1878 ut
783 1839 947 1877 curas
1008 1824 1413 1878 administrent
1452 1824 1678 1891 mundi,
1730 1827 1785 1877 et
1841 1830 2043 1894 regant.

344 1912 537 1966 omnia
561 1914 721 1982 jussu
759 1912 878 1979 Dei,
910 1917 1153 1965 testante
1202 1913 1477 1981 Apostolo
1508 1928 1521 1966 :
1574 1913 1770 1966 Nonne
1819 1928 2039 1980 omnes,

342 1997 553 2069 inquit,
585 2005 715 2052 sunt
746 1997 1219 2053 administratorii
1251 1999 1506 2067 spiritus,
1542 1998 1602 2051 in
1656 1998 2043 2054 ministerium

342 2087 526 2154 missi,
561 2091 796 2157 propter
825 2102 923 2140 eos
955 2086 1053 2156 qui
1079 2086 1475 2140 hereditatem
1526 2086 1760 2157 capiunt
1807 2088 2045 2142 salutis?

341 2175 549 2246 Angeli
583 2191 822 2245 corpora
852 2175 910 2228 in
930 2175 1139 2245 quibus
1189 2175 1522 2228 hominibus
1551 2181 1828 2246 apparent
1866 2176 1924 2229 in
1947 2192 2040 2229 su-

342 2281 524 2336 perno
547 2281 678 2319 aere
704 2269 960 2328 sumunt,
983 2262 1344 2333 solidamque
1368 2264 1614 2334 speciem
1632 2280 1697 2319 ex
1711 2264 2045 2318 cmlestiele-

342 2358 540 2407 mento
572 2353 870 2418 inducunt,
898 2368 1001 2423 per
1031 2367 1205 2422 quam
1233 2352 1504 2406 humanis
1534 2352 1828 2407 obtutibus
1857 2352 2040 2407 mani-

341 2441 541 2497 festius
565 2441 1054 2496 demonstrantur.
1079 2440 1331 2511 Singulae
1350 2446 1550 2511 gentes
1584 2442 1919 2511 praepositos
1940 2457 2041 2496 an-

342 2530 500 2599 gelos
530 2528 740 2584 habere
785 2528 1121 2596 creduntur,
1152 2530 1305 2599 quod
1352 2530 1673 2583 ostenditur
1708 2528 2040 2584 testimonio

340 2618 533 2688 angeli
558 2618 782 2672 Danieli
815 2617 1133 2687 loquentis:
1162 2617 1294 2687 Ego,
1316 2617 1524 2688 inquit,
1548 2617 1696 2686 veni,
1721 2624 1784 2671 ut
1803 2618 2039 2672 nuncia-

342 2722 460 2760 rem
497 2705 620 2771 tibi,
656 2704 751 2758 sed
786 2706 1051 2774 princeps
1083 2706 1242 2774 t'egu‘
1290 2707 1592 2759 Persarum
1620 2705 1832 2759 restitit
1875 2706 2035 2761 mihi.

338 2796 405 2848 Et
434 2801 564 2863 post
593 2794 706 2847 alia
736 2808 748 2846 :
788 2794 908 2846 Non
941 2801 1025 2846 est
1066 2794 1165 2863 qui
1200 2808 1289 2846 me
1331 2794 1580 2863 adJuvet,
1649 2793 1761 2848 nisi
1804 2793 2039 2849 Michael

2152 427 2272 466 non
2299 410 2546 481 Spiritus
2577 418 2826 477 sanctus,
2861 414 2956 466 sed
3012 429 3119 482 pro
3172 413 3595 466 incarnationis
3642 411 3889 483 dispen-

2153 498 2382 554 satione
2414 500 2571 554 solus
2604 502 2775 555 Filius
2812 501 3173 571 intelligiter.
3213 507 3356 554 Ante
3414 500 3742 555 Dominicaa
3784 500 3892 553 in-

2151 587 2506 643 carnationis
2571 589 2898 652 adventum,
2958 588 3240 643 discordia
3280 590 3437 643 inter
3505 589 3761 660 angelos
3824 592 3890 641 et

2151 674 2421 731 homines
2449 676 2576 730 fuit.
2633 677 2873 731 Veniens
2912 683 3101 731 autem
3132 677 3409 745 Christus,
3464 693 3678 748 pacem
3722 679 3787 731 in
3822 692 3890 729 se

2152 764 2379 835 angelis
2404 770 2460 819 et
2490 765 2821 820 hominibus
2867 766 3017 820 fecit.
3058 768 3133 821 Eo
3182 766 3399 837 quippe
3446 772 3610 831 nato,
3657 766 3889 819 clama-

2154 857 2361 907 verunt
2398 855 2586 924 angeli
2640 854 2698 908 in
2751 860 2944 908 terra:
3005 857 3115 909 Pax
3147 856 3482 909 hominibus
3535 855 3723 909 bonae
3779 870 3888 908 vo-

2151 940 2410 995 luntatis.
2444 943 2551 996 Per
2577 943 3027 997 incarnationem
3080 944 3259 1014 igitur
3315 942 3557 1008 Christi,
3610 959 3740 996 non
3786 958 3882 995 so-

2150 1029 2273 1084 lum
2311 1032 2424 1085 Deo
2455 1033 2846 1085 reconciliatus
2875 1038 2960 1084 est
3009 1032 3182 1085 homo
3217 1048 3230 1087 :
3286 1048 3491 1085 verum
3545 1031 3739 1083 etiam
3772 1046 3879 1099 pax

2150 1116 2306 1173 inter
2334 1121 2570 1189 angelos
2619 1126 2675 1173 et
2725 1119 2985 1173 homines
3027 1121 3334 1174 reformata
3398 1126 3509 1173 est.
3580 1119 3877 1174 Discordia

2145 1205 2331 1279 igitur
2357 1214 2490 1263 ante
2516 1208 2822 1263 adventum
2843 1208 3049 1263 Christi
3081 1211 3426 1280 angelorum
3458 1214 3518 1263 et
3563 1208 3873 1263 hominum

2148 1296 2326 1351 fuisse
2356 1313 2460 1367 per
2507 1297 2563 1352 id
2597 1298 2839 1352 maxime
2897 1299 3245 1367 agnoscitur,
3311 1298 3471 1369 quod
3521 1297 3771 1352 salutati
3812 1297 3870 1351 in

2150 1384 2343 1439 Veteri
2369 1387 2728 1440 Testamento
2767 1387 2839 1439 ab
2888 1386 3213 1440 hominibus
3256 1386 3477 1457 angeli,
3541 1385 3867 1455 despiciunt

2147 1474 2450 1528 resalutari
2482 1475 2553 1528 ab
2583 1473 2681 1528 eis.
2712 1474 2872 1539 Quod
2923 1476 2979 1527 in
3002 1476 3158 1528 Novo
3204 1476 3587 1529 Testamento
3628 1491 3666 1528 a
3701 1475 3865 1528 Joan-

2149 1576 2224 1614 ne
2258 1559 2494 1629 factum,
2546 1577 2662 1617 non
2712 1563 2897 1616 solum
2947 1567 3278 1615 reverenter
3307 1564 3561 1632 angelus
3614 1562 3868 1631 suscipit,

2150 1664 2350 1703 verum
2371 1650 2545 1703 etiam
2607 1666 2676 1704 ne
2735 1650 2905 1704 faciat
2944 1650 3252 1704 interdicit.
3296 1651 3381 1704 Ab
3443 1651 3559 1704 hoc
3615 1649 3869 1704 homoin

2149 1738 2341 1792 Veteri
2398 1739 2762 1793 Testamento
2830 1739 3160 1808 despicitur,
3208 1755 3314 1793 nec
3376 1739 3749 1792 resalutatnr
3799 1738 3868 1791 ab

2150 1827 2378 1897 angelo,
2410 1842 2478 1880 eo
2507 1826 2660 1896 quod
2697 1827 2871 1881 homo
2911 1827 3097 1881 adhuc
3154 1826 3411 1880 nondum
3473 1826 3867 1880 transissetin

2152 1916 2287 1970 Deo.
2336 1914 2655 1984 Suscipitur
2702 1921 2893 1969 autem
2943 1915 3114 1969 homo
3154 1932 3186 1968 a
3218 1916 3357 1981 Deo,
3412 1919 3473 1968 et
3531 1920 3867 1969 reverenter

2151 2003 2432 2057 salutatur
2462 2003 2532 2057 ab
2557 2005 2783 2075 angelo.
2819 2004 2955 2058 Nam
3006 2009 3064 2058 et
3091 2004 3321 2058 Mariam
3355 2004 3610 2073 angelus
3655 2002 3863 2073 legitur

2152 2094 2449 2159 salutasse,
2508 2097 2568 2145 et
2612 2093 2819 2147 Joanni
2867 2093 3136 2162 angelum
3180 2094 3479 2158 salutanti,
3534 2092 3611 2146 ab
3661 2092 3861 2146 eodem

2152 2181 2356 2251 angelo
2404 2181 2661 2234 dicitur:
2714 2181 2850 2235 Vide
2903 2197 2975 2235 ne
3022 2180 3244 2246 feceris,
3319 2196 3648 2235 conversus
3710 2179 3857 2234 enim

2150 2272 2285 2323 tuus
2312 2284 2463 2334 sum,
2493 2274 2550 2322 et
2576 2268 2815 2322 fratrum
2850 2276 3103 2322 tuorum.
3140 2270 3245 2323 Per
3273 2271 3435 2339 quod
3496 2269 3855 2339 agnoscitur,

2148 2372 2254 2426 per
2312 2357 2766 2412 incarnationem
2823 2358 3203 2424 Dominicam,
3244 2373 3451 2428 pacem
3523 2357 3859 2412 hominibus

2148 2446 2347 2512 fuisse,
2380 2452 2436 2500 et
2458 2446 2697 2516 angelis,
2732 2446 3035 2500 redditam.

2149 2554 2276 2608 CAP.
2331 2553 2434 2607 LV.
2493 2581 2562 2590 —
2619 2551 2776 2616 Quod
2835 2566 3191 2620 supernorum
3220 2554 3422 2607 civium
3473 2568 3770 2621 numerus,
3810 2560 3860 2607 et

2653 2626 2839 2690 ﬁnitus
2869 2626 2958 2687 sit,
2983 2630 3031 2675 et
3058 2622 3334 2692 inﬁnitus.

2220 2711 2401 2781 (Greg.
2459 2712 2520 2764 in
2572 2713 2688 2765 suis
2743 2712 2962 2780 Morel.)
3019 2711 3414 2782 Supernorum
3476 2711 3706 2767 civium
3754 2729 3857 2767 nu-

2150 2813 2343 2851 merus
2393 2803 2451 2851 et
2508 2797 2761 2850 inﬁnitus
2808 2800 2866 2850 et
2908 2796 3184 2851 deﬁnitus
3238 2798 3617 2868 exprimitur,
3672 2806 3737 2855 ut
3759 2802 3855 2871 qui

341 2888 608 2955 princeps
635 2891 837 2938 vester.
872 2884 1009 2937 Item
1044 2900 1242 2937 omnes
1274 2886 1536 2938 homines
1569 2886 1802 2956 angelos
1862 2885 2033 2940 habe-
2072 2888 2113 2944 C
2154 2887 2268 2942 Deo
2312 2893 2398 2940 est
2447 2885 2843 2951 numerabilis,
2891 2901 3013 2939 esse
3060 2886 3227 2939 nobis
3282 2886 3743 2942 innumerabilis
3767 2889 3854 2943 de-

342 2990 403 3028 re
462 2972 799 3043 probantur.
869 2974 1139 3042 loquente
1199 2974 1437 3026 Domino
1524 2973 1584 3027 in
1642 2974 1946 3043 Evangelio
2016 2990 2030 3029 :

339 3066 522 3116 Amen
550 3062 676 3114 dieu
708 3060 866 3114 vobis
898 3076 911 3113 :
946 3060 1084 3130 quia
1112 3061 1301 3130 angeli
1332 3076 1534 3116 eorum
1568 3076 1793 3131 semper
1840 3061 2036 3116 vident

342 3152 543 3207 faciem
580 3150 759 3203 Patris
806 3149 940 3217 mei,
983 3149 1079 3219 qui
1109 3150 1167 3202 in
1198 3150 1353 3203 cmlis
1392 3155 1494 3203 est.
1545 3149 1699 3204 Unde
1748 3154 1805 3203 et
1839 3150 2035 3204 Petrus

342 3239 400 3292 in
458 3241 692 3292 Actibus
769 3239 1186 3307 apostolorum,
1246 3253 1376 3290 cum
1428 3238 1724 3307 pulsarent
1772 3240 2031 3306 januam,

343 3327 608 3380 dixerunt
635 3325 790 3379 intus
822 3325 1069 3396 apostoli
1097 3340 1111 3378 :
1156 3325 1279 3378 Non
1303 3331 1390 3378 est
1421 3326 1641 3390 Petrus,
1693 3326 1792 3379 sed
1840 3330 2035 3396 Ange-

340 3417 430 3469 lus
459 3415 584 3485 ejus
622 3420 723 3468 est.
757 3414 815 3469 Si
849 3415 1027 3469 Deum
1069 3413 1258 3483 angeli
1298 3420 1661 3481 contuentur,
1714 3420 1770 3468 et
1816 3416 2031 3484 vident,

338 3520 440 3558 cur
479 3506 677 3559 Petrus
706 3504 1000 3573 apostolus
1044 3502 1182 3557 dicit
1221 3518 1234 3555 :
1272 3502 1335 3555 ln
1379 3517 1554 3572 quem
1583 3503 1909 3558 desiderant
1936 3521 2036 3559 an-

340 3594 452 3663 geli
483 3593 580 3648 Dei
607 3591 978 3661 conscipere?
1026 3591 1169 3645 Item
1221 3589 1269 3643 si
1320 3607 1452 3645 eum
1516 3607 1633 3646 non
1686 3597 2033 3648 contuentur

338 3698 442 3737 nec
482 3682 693 3747 vident,
725 3679 1015 3751 quomodo
1041 3682 1205 3749 juxta
1236 3680 1580 3734 sententiam
1624 3680 1853 3736 Domini
1886 3697 1898 3735 :
1929 3686 2034 3737 An-

339 3771 454 3841 geli
484 3786 683 3824 eorum
708 3784 935 3839 semper
959 3768 1156 3823 vident
1190 3768 1391 3822 faciem
1454 3769 1631 3822 Patris
1683 3770 1798 3824 mei
1846 3770 1945 3841 qui
1973 3770 2031 3826 in

338 3860 495 3913 caelis
544 3860 671 3912 est?
731 3858 830 3911 sed
867 3858 1014 3912 bene
1063 3864 1376 3928 utrumque
1402 3862 1509 3910 est.
1565 3858 1705 3911 Nam
1754 3859 2034 3914 veraciter

337 3948 623 4001 credimus
655 3945 809 4016 quod
836 3946 1014 4000 Deum
1046 3946 1258 4015 angeli,
1302 3949 1361 3999 et
1381 3944 1594 4013 vident,
1634 3949 1691 3999 et
1715 3946 1902 4001 videre
1926 3947 2033 4002 de—

338 4035 594 4089 siderant
628 4051 641 4088 :
675 4041 729 4087 et
754 4034 981 4101 habent,
1021 4039 1078 4087 et
1106 4033 1318 4087 habere
1360 4033 1631 4087 festinant
1662 4050 1678 4086 :
1719 4039 1776 4088 et
1814 4040 2031 4105 amant,

337 4130 395 4176 et
423 4139 619 4177 amare
649 4123 932 4177 nituntur.
966 4120 1024 4176 Si
1057 4121 1211 4175 enim
1247 4120 1327 4174 sic
1352 4120 1545 4175 videre
1590 4121 1918 4177 desiderant
1970 4129 2031 4179 ut

336 4211 540 4265 etfectu
592 4210 859 4264 desiderii
914 4224 1027 4261 non
1082 4209 1471 4278 perfruantur,
1530 4208 1874 4264 desiderium
1923 4212 2031 4266 hoc

337 4300 733 4353 necessitatem
762 4298 954 4362 habet,
988 4300 1043 4349 et
1100 4297 1404 4350 necessitas
1470 4299 1578 4350 ista
1625 4300 1865 4367 poenalis
1919 4306 2025 4354 est.

335 4387 445 4442 Sed
476 4387 657 4440 beatis
681 4385 901 4454 angelis
932 4385 1119 4438 omnis
1148 4401 1317 4454 paena
1346 4386 1517 4455 longe
1550 4392 1636 4440 est
1668 4402 1681 4440 :
1713 4387 1846 4457 quia
1879 4403 2027 4442 nun-

336 4489 512 4545 quam
571 4474 739 4526 simul
796 4489 962 4543 paena
1016 4480 1072 4526 et
1116 4474 1411 4527 beatitudo
1469 4474 1837 4528 conveniunt.
1890 4475 2029 4530 Rur-

338 4579 486 4629 sum,
534 4563 579 4616 si
629 4578 725 4615 eos
775 4561 1018 4614 dicimus
1066 4562 1164 4615 Dei
1230 4561 1448 4615 visione
1516 4561 1732 4628 satiari,
1800 4562 2030 4617 satietas

332 4651 627 4705 fastidium
657 4650 865 4704 habere
896 4650 1062 4715 solet,
1103 4655 1160 4703 et
1189 4651 1400 4702 scimus
1435 4649 1566 4701 illos
1615 4648 1711 4704 Dei
1746 4649 2026 4707 visionem

332 4755 505 4810 quam
534 4746 592 4793 et
610 4738 957 4803 desiderant,
1013 4737 1269 4791 fastidire
1318 4753 1433 4790 non
1478 4753 1669 4806 posse.
1702 4737 1847 4802 Quid
1886 4754 2023 4808 ergo

331 4834 433 4895 est,
465 4828 572 4881 nisi
601 4834 661 4880 ut
710 4827 856 4880 miro
920 4825 1089 4878 modo
1129 4824 1302 4877 simul
1350 4831 1661 4894 utrumque
1700 4826 2019 4895 credamus,

329 4919 465 4988 quia
488 4922 544 4970 et
574 4916 902 4971 desiderant
935 4922 994 4967 et
1021 4912 1344 4967 satiantur?
1375 4913 1484 4967 Sed
1526 4913 1856 4967 desiderant
1897 4915 2022 4970 sine

328 5007 545 5071 labore,
577 5011 636 5057 et
664 5002 944 5056 satiantur
974 5001 1097 5054 sine
1129 5001 1372 5055 fastidio.
1435 5003 1511 5055 Ne
1540 5002 1695 5054 enim
1725 5003 1796 5054 sit
1830 5002 1886 5055 in
1920 5002 2017 5056 de-

327 5094 539 5149 siderio
616 5097 942 5157 necessuas,
1019 5091 1406 5145 desiderantes
1452 5091 1750 5144 satiantur.
1805 5092 1867 5145 Et
1914 5092 2018 5147 ite-

325 5198 495 5236 rum:
530 5182 608 5237 Ne
657 5182 730 5234 sit
776 5181 1035 5234 satietate
1085 5180 1398 5245 fastidium,
1440 5179 1632 5233 satiari
1670 5178 2013 5235 desiderant.

326 5270 532 5325 Vident
553 5270 709 5324 enim
746 5270 937 5340 angeli
965 5270 1170 5323 faciem
1194 5269 1377 5322 Patris
1411 5283 1511 5337 per
1538 5265 1885 5334 satietatem,
1916 5269 2017 5323 sed

324 5360 461 5429 quia
492 5359 722 5413 satietas
776 5358 882 5412 ista
939 5358 1232 5412 fastidium
1301 5356 1495 5422 nescit,
1554 5355 1747 5427 angeli
1797 5354 2016 5411 deside-

323 5453 457 5500 rant
484 5447 544 5500 in
602 5462 669 5499 eo
714 5446 1039 5516 prospicere
1094 5461 1339 5515 semper.
1397 5444 1730 5514 Ubicunque
1776 5443 1834 5496 in
1865 5445 2013 5498 Seri-

2146 2982 2519 3039 monstretur,
2569 2975 2833 3044 quamvis
2874 2974 3028 3028 aliud
3077 2980 3166 3029 est
3211 2975 3510 3043 assistere,
3560 2977 3723 3030 aliud
3752 2977 3851 3030 mi-

2145 3063 2409 3118 nistrare.
2438 3064 2725 3117 Assistuut
2748 3062 2904 3117 enim
2936 3063 3051 3118 illa
3080 3063 3282 3134 procul
3311 3062 3491 3118 dubio
3520 3070 3850 3135 potestates,

2144 3168 2273 3223 quae
2305 3152 2374 3206 ad
2396 3152 2661 3222 quadam
2709 3151 3039 3206 hominibus
3087 3152 3419 3206 nuncianda
3466 3168 3594 3206 non
3629 3157 3851 3207 exeunt.

2145 3240 2463 3296 Ministrant
2491 3256 2624 3293 vero
2659 3240 2716 3293 hi
2747 3240 2846 3310 qui
2868 3240 2936 3295 ad
2972 3241 3255 3310 explenda
3273 3240 3469 3295 ofticia
3507 3241 3851 3296 nunciornm

2144 3330 2397 3394 veniunt,
2425 3328 2520 3382 sed
2552 3332 2745 3382 tamen
2774 3328 2886 3398 ipsi
2919 3344 3150 3399 quoque
3180 3344 3217 3383 a
3246 3324 3748 3399 contemplatione
3781 3330 3851 3384 ab

2143 3416 2363 3471 intimis
2391 3433 2511 3471 non
2550 3416 2842 3471 recedunt.
2902 3417 2972 3471 Et
3024 3417 3163 3487 quia
3200 3418 3399 3487 plures
3442 3425 3586 3471 sunt
3615 3420 3715 3489 qui
3750 3419 3853 3473 mi-

2141 3504 2387 3559 nistrant
2451 3519 2626 3575 quam
2693 3503 2755 3558 hi
2819 3503 2918 3573 qni
2971 3504 3375 3574 principaliter
3408 3506 3715 3571 assistunt,
3762 3523 3851 3559 as-

2141 3591 2462 3648 sistentium
2495 3607 2772 3645 numerus
2824 3591 2989 3661 quasi
3025 3590 3318 3659 deﬁnitus,
3380 3592 3842 3648 ministrantium

2141 3696 2275 3735 vero
2316 3680 2578 3734 inﬁnitus
2638 3678 2974 3734 ostenditur.
3041 3680 3346 3751 Angelicos
3417 3696 3554 3734 vero
3615 3681 3851 3751 spiritus

2142 3776 2294 3824 recte
2326 3768 2423 3823 Dei
2464 3768 2677 3822 milites
2728 3767 2972 3822 dicimus
3004 3784 3018 3821 :
3049 3767 3187 3838 quia
3232 3768 3533 3822 decertare
3583 3786 3682 3823 eos
3710 3786 3848 3824 con-

2142 3861 2233 3912 tra
2279 3862 2590 3928 potestates
2635 3855 2817 3910 aerias
2865 3871 2982 3909 non
3035 3855 3395 3925 ignoramus.
3454 3857 3598 3921 Quae
3652 3863 3850 3912 tamen

2142 3945 2452 4000 certamina
2480 3961 2594 3998 non
2639 3944 2856 4010 labore,
2890 3943 2988 3998 sed
3036 3944 3283 4014 imperio
3337 3951 3632 4015 peragunt
3661 3962 3677 3999 :
3711 3948 3848 4018 quia

2145 4034 2420 4105 quidquid
2454 4033 2675 4103 agendo
2725 4037 2924 4087 contra
2990 4031 3327 4087 immundos
3385 4034 3633 4102 spiritus
3679 4051 3846 4107 appe-

2143 4127 2291 4189 tunt,
2321 4138 2386 4177 ex
2416 4120 2700 4191 adjutorio
2733 4126 2936 4175 cuneta
2967 4120 3217 4190 regentis
3243 4130 3518 4191 possunt.

2142 4229 2269 4284 Car.
2307 4228 2440 4282 LVI.
2472 4258 2538 4267 ——
2563 4226 2717 4292 Quod
2741 4229 2912 4280 omnis
2949 4227 3112 4295 culpa
3140 4233 3266 4280 ante
3293 4226 3600 4283 discessum
3617 4229 3846 4285 οδιαιὶοο
3944 4242 3945 4275 l

2668 4301 2753 4352 nis
2792 4313 3005 4351 munere
3032 4299 3296 4352 solvatur.
3942 4356 3943 4375 η

2208 4387 2317 4459 (Ea:
2341 4388 2547 4455 dialog.
2584 4386 2773 4455 Greg.)
2804 4385 2912 4440 Sed
2945 4402 3130 4456 neque
3161 4387 3270 4440 hoc
3301 4386 3601 4441 silendum
3665 4390 3845 4443 existi~

2140 4490 2256 4543 mo,
2288 4476 2442 4547 quod
2472 4483 2661 4529 actum
2685 4477 2743 4528 in
2774 4490 2900 4527 meo
2933 4475 3279 4527 monasterio
3322 4484 3460 4527 ante
3496 4477 3613 4529 hoc
3662 4478 3838 4530 trien-

2136 4563 2297 4619 nium
2330 4564 2681 4618 remiuiscor.
2719 4562 2962 4626 Quidam
2994 4578 3247 4632 namque
3283 4566 3637 4630 monachus,
3662 4573 3838 4618 Justus

2136 4653 2391 4717 nomine,
2420 4652 2717 4705 medicinas
2749 4659 2870 4704 arte
2891 4650 3144 4704 imbutus
3172 4650 3431 4720 fuitkqui
3471 4652 3624 4706 mihi
3661 4655 3719 4707 in
3747 4670 3833 4705 eo-

2135 4740 2266 4794 dem
2306 4745 2650 4793 monasterio
2680 4744 3009 4805 constituto,
3058 4738 3256 4791 sedqu
3306 4740 3623 4809 obsequio,
3680 4750 3835 4810 atque

2134 4827 2196 4882 in
2215 4828 2459 4882 assiduis
2509 4828 2947 4899 egritudinibus
2996 4826 3138 4880 meis
3185 4828 3467 4881 excubare
3520 4830 3833 4884 consuevit.
3932 4856 3933 4869 ι

2135 4918 2232 4971 Hic
2259 4918 2451 4988 itaque
2476 4917 2750 4987 languore
2798 4916 3053 4986 corporis
3116 4922 3466 4986 przeveutus,
3527 4920 3602 4971 ad
3658 4928 3834 4973 extre—

2135 5020 2225 5059 ma
2281 5005 2557 5058 deductus
2606 5011 2709 5059 est.
2759 5004 2863 5059 Cui
2912 5004 2969 5057 in
3001 5003 3125 5074 ipsa
3189 5005 3454 5057 molestia
3501 5023 3615 5059 sua
3676 5008 3835 5060 frater

2131 5108 2460 5164 germanus,
2519 5094 2754 5146 nomine
2811 5092 3108 5162 Copiosus,
3181 5092 3494 5146 servwbat.
3561 5094 3681 5157 Qui
3726 5095 3833 5163 ipse

2130 5198 2359 5252 quoque
2392 5197 2543 5235 nunc
2571 5182 2628 5235 in
2659 5182 2764 5234 hac
2793 5183 2933 5234 urbe
2967 5197 3070 5251 per
3099 5182 3361 5233 eamdem
3396 5181 3723 5236 medicinae
3751 5198 3829 5235 ar-

2128 5273 2265 5337 tem,
2313 5269 2645 5339 temporalis
2708 5274 2840 5323 Vitie
2882 5268 3166 5339 stipendia
3213 5275 3493 5320 sectatur.
3534 5269 3656 5324 Sed
3697 5286 3825 5340 pra:-

2126 5356 2309 5412 dictus
2365 5358 2577 5423 Justus,
2625 5373 2753 5411 cum
2796 5356 2916 5427 jam
2972 5373 3032 5412 se
3092 5358 3160 5410 ad
3195 5365 3456 5410 extrema
3503 5362 3826 5429 pervenisse

2126 5444 2498 5516 cognovisset,
2524 5445 2708 5499 eidem
2759 5444 2922 5499 fratri
2979 5459 3083 5498 suo
3137 5444 3396 5515 Copioso,
3458 5447 3612 5517 quia
3656 5447 3823 5502 occul-
