4014 6200
126 288 247 337 103Τ

1041 290 1515 347 DECRETORUM
1562 293 1738 347 LIBRI
1781 294 1887 350 ΧΧ.
1930 325 1996 333 -
2043 294 2250 353 LIBER
2295 295 2678 352 VlGESlMUS.

3472 313 3604 365 {038

108 416 191 463 tos
225 415 341 464 tres
374 424 556 464 annos
585 408 842 476 haberet,
885 410 1157 465 innotuit.
1191 412 1349 475 Quod
1386 412 1659 466 nimirum
1693 414 1804 468 fra-
1837 418 1880 469 A
1920 412 2217 476 Quomodo
2257 416 2362 470 es?
2385 417 2486 472 Cui
2518 418 2613 472 ille
2644 421 2942 489 respondit
2970 437 2982 474 :
3024 422 3185 478 Nunc
3231 440 3411 497 usque
3455 429 3604 483 male

108 501 284 552 tribus
314 516 428 552 non
462 500 648 568 potuit
697 501 891 564 celari,
951 502 1049 553 sed
1098 501 1384 554 subtiliter
1435 500 1797 570 indagantes,

105 596 271 659 atque
304 588 456 641 illius
496 589 688 642 omnia
737 591 1156 644 medicamenta
1194 596 1642 660 perscrutantes,
1684 609 1801 644 eos-

106 677 229 729 dem
264 682 379 729 tres
428 694 629 729 aureos
681 678 739 731 in
792 679 1166 732 medicamine
1215 680 1522 733 absconsos
1566 680 1796 733 invene-

103 773 253 819 runt.
288 767 448 829 Quod
482 782 609 820 mox
647 774 708 819 ut
737 768 877 820 mihi
913 769 1243 821 nunciatum
1275 774 1375 832 est,
1409 774 1631 822 tantum
1675 784 1796 821 ma-

104 855 217 908 lum
252 856 321 909 de
354 856 529 909 fratre
563 856 660 926 qui
695 856 990 909 nobiscum
1035 856 1414 909 communiter
1444 857 1575 909 vixit
1607 874 1794 927 inqua-

103 942 334 995 nimiter
364 943 510 995 ferre
543 960 655 997 non
705 945 858 997 valui
892 960 906 998 :
942 945 1156 1015 quippe
1199 946 1333 1015 quia
1378 946 1635 1014 ejusdem
1683 962 1797 997 mo-

101 1030 331 1084 nasterii
365 1048 593 1101 semper
622 1034 823 1102 regula
854 1033 960 1085 fuit
992 1040 1053 1087 ut
1084 1033 1270 1086 cuncti
1303 1034 1505 1087 fratres
1536 1034 1613 1087 ita
1640 1050 1795 1087 com-

102 1120 354 1172 muniter
378 1120 649 1181 viverent,
691 1126 973 1190 quatenus
1011 1122 1091 1174 eis
1124 1122 1363 1192 singulis
1399 1123 1555 1175 nulla
1586 1122 1793 1176 habere

100 1208 331 1276 propria
361 1207 572 1260 liceret.
606 1210 762 1261 Tune
788 1210 967 1261 nimio
1024 1225 1266 1263 maerore
1308 1226 1631 1278 percussus,
1693 1226 1791 1262 co-

98 1297 276 1365 gitare
297 1297 462 1367 coepi,
504 1299 589 1350 vel
647 1298 800 1367 quod
846 1299 915 1352 ad
950 1299 1351 1368 purgationem
1387 1298 1680 1351 morientis
1711 1299 1791 1351 fa-

97 1402 306 1451 cerem,
353 1386 436 1438 vel
495 1387 649 1456 quod
729 1387 787 1439 in
834 1389 1097 1456 exemplo
1150 1387 1476 1441 viventibus
1526 1387 1793 1441 fratribus

98 1474 480 1543 providerem.
519 1475 777 1528 Precioso
806 1475 984 1545 igitur
1008 1476 1261 1545 ejusdem
1288 1476 1618 1528 monasterii
1644 1492 1790 1545 prte-

96 1564 282 1632 posito
315 1563 381 1615 ad
417 1580 505 1616 me
538 1564 734 1625 accito,
769 1564 951 1617 dixit:
1004 1565 1173 1631 Vade,
1224 1570 1279 1617 et
1323 1564 1514 1617 nullus
1568 1581 1633 1616 ex
1678 1564 1790 1616 fra-

96 1652 280 1704 tribus
316 1670 371 1705 se
403 1652 470 1705 ad
506 1668 635 1705 eum
671 1653 1010 1706 morientem
1035 1654 1262 1723 jungat,
1315 1669 1419 1706 nec
1463 1668 1787 1705 sermonem
1822 1693 1861 1746 Β

93 1740 499 1793 consolationis
531 1757 594 1793 ex
617 1740 919 1810 cujuslibet
964 1758 1161 1794 eorum
1197 1758 1294 1794 ore
1338 1740 1633 1810 percipiat,
1692 1741 1789 1793 sed

92 1844 226 1881 cum
264 1829 318 1881 in
349 1834 530 1882 morte
570 1831 906 1882 constitutus
954 1830 1156 1882 fratres
1208 1828 1518 1899 quaesierit,
1571 1830 1621 1881 ei
1656 1846 1791 1881 suus

89 1916 271 1969 frater
299 1918 541 1971 carnalis
589 1918 778 1971 dicat:
814 1918 947 1987 quia
1003 1934 1106 1986 pro
1139 1918 1332 1971 solidis
1377 1934 1519 1987 quos
1574 1917 1792 1971 occulte

88 2003 315 2068 habuit,
349 2023 379 2059 a
406 2006 623 2058 cunctis
654 2006 925 2058 fratribus
956 2005 1317 2059 abominatus
1347 2004 1437 2070 sit,
1472 2010 1533 2057 ut
1592 2006 1788 2057 saltem

86 2092 141 2145 in
174 2100 364 2147 morte
387 2096 456 2147 de
488 2096 654 2164 culpa
688 2100 938 2147 mentem
975 2094 1297 2147 amaritudo
1355 2092 1790 2159 transverberet,

87 2188 269 2252 atque
301 2201 333 2235 a
362 2189 591 2252 peccato
624 2183 773 2253 quod
808 2182 1158 2253 perpetravit
1207 2186 1430 2252 purget.
1467 2183 1605 2235 Cum
1661 2198 1791 2233 vero

87 2276 357 2322 mortuus
388 2270 578 2331 fuerit,
625 2288 827 2340 corpus
876 2271 1031 2324 illius
1074 2288 1203 2324 cum
1256 2271 1497 2323 fratrum
1549 2269 1793 2338 corpori-

88 2357 190 2410 bus
234 2374 347 2410 non
374 2364 643 2427 ponatur,
676 2362 769 2413 sed
800 2361 1055 2429 quolibet
1086 2360 1291 2413 fossam
1333 2359 1392 2411 in
1434 2358 1793 2428 sterquilinio

86 2446 277 2507 facite,
314 2445 370 2498 in
403 2462 469 2499 eo
489 2463 694 2517 corpus
721 2448 847 2517 ejus
870 2446 1151 2516 projicite,
1185 2446 1375 2517 ibique
1407 2463 1633 2516 semper
1662 2464 1791 2500 eum

87 2538 198 2586 tres
255 2549 455 2586 aureos
508 2550 652 2605 quos
706 2536 939 2605 reliquit
976 2536 1207 2605 jactate,
1257 2535 1425 2589 simul
1455 2552 1652 2589 omnes
1681 2538 1793 2588 cla-

87 2626 336 2687 mantes,
372 2622 619 2675 Pecunia
648 2628 743 2675 tua
781 2629 965 2676 tecum
1017 2624 1089 2676 sit
1127 2626 1185 2676 in
1218 2624 1560 2692 perditione,
1608 2630 1664 2677 et
1716 2624 1794 2677 sic

88 2727 228 2763 eum
262 2714 409 2762 terra
450 2712 689 2781 operite.
729 2713 789 2765 In
837 2714 1044 2782 quibus
1095 2713 1352 2784 utrisque
1402 2714 1575 2767 rebus
1618 2729 1792 2766 unam

88 2798 386 2867 morienti,
447 2801 685 2853 alteram
724 2817 857 2853 vero
907 2800 1061 2854 volui
1145 2802 1467 2855 viventibus
1523 2802 1794 2855 fratribus

86 2887 388 2956 prodesse,
411 2894 473 2941 ut
504 2894 561 2941 et
592 2890 753 2942 illum
785 2890 1107 2943 amaritudo
1140 2891 1342 2943 mortis
1374 2907 1405 2943 a
1431 2890 1598 2960 culpa
1633 2892 1790 2943 solu-

1910 501 2012 566 fui,
2049 504 2219 557 modo
2244 506 2365 574 jam
2394 507 2538 560 bene
2575 524 2700 561 sum
2735 524 2747 561 :
2778 509 2913 579 quia
2944 510 3115 564 hodie
3135 514 3603 571 communionem

1910 591 2308 660 recepi.Quod
2341 593 2494 647 idem
2546 595 2821 666 Copiosus
2852 584 3116 667 pergens,
3176 602 3435 670 protinus
3490 604 3604 658 fra-

1908 677 2092 732 tribus
2121 679 2179 733 in
2212 683 2563 737 monasterio
2590 684 2877 739 indicavit.
2914 687 3135 741 Fratres
3184 705 3318 743 vero
3362 692 3603 747 sollicite

1908 768 2322 837 computabant
2350 770 2490 838 dies,
2512 777 2570 825 et
2595 778 2929 842 repererant
2983 777 3133 845 quod
3188 776 3307 847 ipse
3353 779 3473 833 dies
3513 797 3602 835 ex-

1907 856 2070 923 stitit,
2101 874 2213 927 quo
2243 874 2346 928 pro
2379 876 2445 913 eo
2467 861 2761 930 trigesima
2783 862 2995 916 oblatio
3018 865 3125 918 fuit
3146 866 3401 936 impleta.
3430 870 3599 924 Cum-

1906 960 2018 1013 que
2058 951 2113 999 et
2141 946 2415 1015 Copiosus
2450 950 2714 1017 nesciret,
2749 951 2887 1021 quid
2937 968 3042 1021 pro
3091 969 3158 1006 eo
3210 956 3413 1009 fratres
3458 974 3599 1027 age-

1905 1034 2053 1095 rent,
2079 1036 2135 1085 et
2163 1032 2366 1088 fratres
2397 1034 2763 1105 ignorassent
2791 1038 2943 1107 quod
2984 1040 3052 1093 de
3082 1040 3179 1092 illo
3211 1042 3486 1111 Copiosus
3516 1045 3598 1098 vi-

1904 1118 2097 1183 disset,
2160 1137 2277 1176 uno
2330 1124 2647 1196 eodemque
2696 1130 2956 1196 tempore
3003 1129 3139 1182 dum
3180 1132 3445 1199 cognovit
3502 1133 3596 1186 ille

1906 1208 2060 1276 quod
2115 1209 2208 1262 isti
2252 1210 2524 1281 ignorant
2603 1218 2774 1283 atque
2832 1214 2925 1268 isti
2977 1218 3398 1287 cognoscebant
3443 1220 3597 1289 quod

1903 1295 2000 1348 ille
2048 1296 2208 1362 vidit,
2258 1300 2667 1355 concordantes
2720 1302 2892 1357 simul
2952 1304 3229 1359 visionem
3280 1312 3337 1359 et
3386 1309 3597 1363 sacriﬁ-

1903 1384 2075 1448 cium,
2110 1401 2197 1438 res
2245 1392 2441 1456 aperte
2495 1390 2719 1456 claruit,
2774 1392 2907 1460 quia
2935 1391 3110 1446 frater
3140 1394 3241 1463 qui
3296 1395 3595 1451 defunctus

1903 1472 2012 1524 fuit
2039 1488 2144 1541 per
2172 1475 2475 1529 salutarem
2504 1476 2745 1531 hostiam
2774 1479 3120 1549 supplicium
3154 1483 3351 1537 evasit.

1904 1578 2029 1630 CAP.
2055 1578 2209 1652 LV_ll.
2237 1609 2300 1619 —
2326 1581 2476 1644 Quod
2504 1598 2661 1635 sacra
2685 1584 2883 1637 oblatio
2912 1591 3032 1652 post
3062 1592 3282 1641 mortem
3304 1591 3594 1645 animabus

2002 1650 2258 1716 prodesse
2287 1654 2473 1717 possit,
2507 1656 2556 1705 si
2585 1669 2690 1705 non
2711 1661 2836 1707 sum
2870 1650 3037 1723 culpas
3064 1659 3482 1714 indissolubiles.

1973 1740 2091 1802 (Ea:
2138 1740 2319 1807 dialog
2375 1742 2619 1808 Grcgor.)
2644 1742 2699 1796 Si
2729 1744 2910 1812 culpa:
2943 1749 3070 1814 post
3104 1751 3345 1800 mortem
3376 1749 3591 1803 insolu-

1901 1826 2042 1879 biles
2074 1844 2187 1880 non
2221 1836 2374 1895 sunt,
2428 1832 2739 1884 multorum
2796 1834 2938 1885 solet
2990 1834 3212 1887 animas
3262 1836 3434 1891 etiam
3466 1844 3595 1908 post

1905 1919 2145 1968 mortem
2174 1932 2329 1969 sacra
2361 1918 2571 1971 oblatio
2604 1918 2804 1973 hostim
2862 1922 3124 1975 salutaris
3170 1925 3462 1993 adjuvare,
3515 1927 3593 1981 ita

1904 2007 1964 2055 ut
1988 2002 2093 2056 hoc
2124 2020 2539 2073 nonnunquam
2570 2007 2708 2075 ipsae
2739 2008 3138 2065 defunctorum
3172 2013 3379 2068 anime
3415 2031 3590 2086 expe-

1903 2095 2021 2144 tere
2069 2091 2385 2145 videantur.
2446 2094 2585 2146 Nam
2649 2096 2953 2163 praedictus
3014 2099 3165 2151 Felix
3212 2101 3532 2172 episcopus,
3566 2120 3597 2156 a

1902 2178 2153 2248 quodam
2182 2181 2523 2234 venerabilis
2569 2182 2695 2235 vitae
2739 2185 3072 2253 presbytero
3109 2187 3207 2256 qui
3252 2205 3435 2259 usque
3467 2196 3596 2245 ante

1901 2267 2203 2321 biennium
2235 2268 2393 2334 vixit,
2427 2274 2482 2321 et
2514 2270 2572 2323 in
2606 2271 2833 2325 dicecesi
2878 2274 3382 2330 Centumcellensis
3438 2278 3597 2332 urbis

1903 2356 2197 2421 habitavit,
2232 2362 2402 2427 atque
2432 2358 2694 2411 Ecclesize
2726 2361 2874 2413 beati
2904 2362 3159 2428 Joannis,
3194 2380 3322 2434 quae.
3350 2365 3408 2419 in
3452 2368 3595 2434 loco,

1902 2445 2002 2515 qui
2031 2446 2310 2500 Tauriana
2339 2447 2566 2514 dicitur,
2601 2448 2704 2501 sita
2741 2454 2845 2513 est,
2882 2456 3144 2519 praeerat,
3174 2455 3506 2522 cognovisse
3538 2472 3597 2509 se

1902 2534 2103 2588 asserit
2135 2535 2316 2604 :quod
2334 2536 2481 2589 idem
2504 2537 2871 2607 presbyterin
2886 2554 2952 2590 eo
2972 2538 3096 2592 loco
3114 2539 3171 2593 in
3196 2557 3311 2610 quo
3330 2558 3494 2612 aqua:
3512 2560 3599 2597 ca-

1900 2622 2031 2675 lida:
2060 2639 2296 2691 vapores
2326 2624 2537 2677 nimios
2558 2624 2794 2686 faciunt,
2820 2626 3045 2695 quoties
3067 2628 3370 2682 necessitas
3390 2647 3596 2701 corpo-

1902 2711 1980 2763 ris
2008 2713 2213 2780 exegit,
2248 2714 2422 2765 lavari
2441 2714 2758 2767 consuevit.
2788 2714 2889 2767 Ubi
2913 2714 3048 2767 dum
3073 2716 3163 2768 die
3190 2717 3437 2786 quadam
3456 2719 3595 2772 fuis-

1903 2804 1989 2852 set
2009 2799 2320 2868 ingressus,
2344 2801 2559 2855 invenit
2574 2802 2880 2872 quemdam
2905 2801 3262 2872 incognitum
3297 2806 3502 2873 virum,
3524 2808 3592 2862 ad

1903 2904 2070 2940 suum
2102 2887 2439 2959 obsequium
2472 2896 2757 2959 paratum,
2776 2890 2874 2960 qui
2905 2890 3011 2943 sibi
3037 2892 3105 2945 de
3121 2893 3363 2960 pedibus
3384 2897 3591 2950 calcea-

88 2974 271 3028 bilem
299 2975 526 3039 faceret,
560 2983 616 3030 et
644 2978 780 3030 istos
826 2978 1079 3031 avaritia:
1112 2985 1271 3032 tanta
1319 2979 1607 3032 damnatio
1657 2978 1790 3032 mis-
1824 2972 1863 3026 C
1903 2984 2095 3029 menta
2124 2977 2495 3040 abstraheret,
2532 2979 2869 3032 vestimenta
2903 2980 3235 3049 susciperet,
3271 2988 3326 3035 et
3365 2985 3595 3038 exeunti

87 3065 201 3117 ceri
241 3066 297 3116 in
337 3065 502 3135 culpa
538 3065 885 3135 prohiberet.
935 3067 1095 3131 Quod
1138 3068 1218 3121 ita
1266 3068 1477 3121 factum
1508 3073 1611 3121 est.
1648 3068 1792 3121 Nam

89 3169 224 3206 cum
259 3154 409 3206 idem
442 3154 792 3223 pervenisset
812 3156 879 3208 ad
909 3162 1175 3222 mortem,
1229 3161 1284 3209 et
1310 3156 1473 3209 anxie
1509 3161 1793 3225 qurereret

91 3259 147 3295 se
181 3242 901 3310 fratribuscommendare,
955 3244 1257 3314 nullusque
1312 3245 1363 3297 ei
1408 3259 1477 3297 ex
1525 3244 1791 3297 fratribus

91 3331 383 3401 applicare
414 3337 467 3385 et
496 3332 656 3401 loqui
687 3331 1040 3401 dignaretur,
1073 3333 1125 3385 ei
1170 3332 1413 3385 carnalis
1456 3333 1651 3400 frater,
1692 3349 1793 3385 cur

90 3420 159 3473 ab
193 3420 468 3473 omnibus
507 3426 654 3474 esset
702 3421 1083 3485 abominatus,
1144 3421 1414 3474 innotuit.
1463 3421 1569 3484 Qui
1625 3421 1795 3491 proti-

94 3525 198 3561 nus
231 3510 299 3562 de
332 3515 488 3562 reatu
522 3511 888 3562 vehementer
919 3510 1156 3577 gemuit,
1218 3515 1388 3579 atque
1436 3509 1495 3562 in
1540 3510 1660 3578 ipsa
1693 3510 1790 3562 tri-

92 3598 248 3651 stitia
288 3614 317 3650 e
347 3614 581 3666 corpore
631 3598 822 3651 exivit.
857 3598 964 3661 Qui
1012 3597 1091 3650 ita
1139 3600 1395 3667 sepultus
1427 3602 1529 3662 est,
1565 3602 1625 3650 ut
1654 3597 1786 3649 dixi.

92 3687 202 3741 Sed
231 3686 431 3740 fratres
455 3702 655 3739 omnes
688 3686 886 3739 eadem
921 3686 1202 3739 sententia
1231 3685 1573 3755 perturbari,
1614 3701 1794 3754 cmpe-

95 3781 232 3827 runt
263 3773 477 3844 singuli
515 3780 768 3827 extrema
814 3789 1079 3844 quasque,
1135 3777 1189 3826 et
1231 3773 1384 3838 vilia,
1446 3778 1501 3824 et
1552 3789 1680 3842 quas
1711 3773 1791 3825 eis

95 3879 326 3933 semper
357 3863 563 3916 habere
595 3863 933 3933 regulariter
963 3862 1221 3928 licuerat,
1254 3862 1321 3913 ad
1353 3861 1607 3914 medium
1657 3878 1789 3930 pro-

98 3952 266 4017 ferre,
308 3952 792 4021 vehementerque
814 3950 1225 4017 formidabant,
1268 3966 1337 4002 ne
1371 3950 1506 4019 quid
1551 3950 1698 4019 apud
1732 3965 1791 4002 se

95 4045 263 4105 esset,
299 4040 450 4093 unde
503 4040 847 4110 reprehendi
900 4039 1239 4109 potuissent.
1289 4039 1427 4091 Cum
1485 4054 1616 4091 vero
1665 4043 1793 4108 post

95 4135 343 4182 mortem
376 4129 498 4198 ejus
547 4128 782 4198 triginta
811 4129 932 4197 jam
982 4136 1171 4181 essent
1230 4127 1351 4181 dies
1385 4128 1507 4196 ejus
1558 4128 1789 4193 evoluti,

90 4219 267 4287 ccepit
296 4220 520 4270 animus
555 4233 715 4271 meus
745 4218 1013 4270 defuncto
1046 4216 1205 4269 fratri
1247 4217 1518 4286 compati,
1552 4217 1790 4286 ejusque
1818 4255 1859 4307 Β

88 4323 221 4360 cum
255 4308 450 4360 dolore
483 4307 640 4376 gravi
691 4305 970 4375 supplicia
998 4320 1256 4374 pensare,
1293 4310 1346 4357 et
1383 4304 1427 4356 si
1458 4305 1591 4374 quid
1644 4310 1791 4358 esset

88 4395 408 4465 ereptionis
439 4396 559 4463 ejus
588 4394 647 4447 in
699 4393 1018 4447 remedium
1050 4408 1326 4463 quaerere.
1359 4393 1515 4445 Tune
1558 4398 1789 4445 evocato

87 4484 159 4537 ad
192 4500 284 4537 me
319 4484 577 4537 Precioso
622 4484 825 4536 eodem
867 4481 1198 4535 monasterii
1246 4481 1427 4534 nostri
1458 4482 1787 4550 praeposito,

86 4573 237 4626 dixit
265 4572 444 4624 tristis
477 4588 489 4624 :
532 4572 633 4624 Diu
666 4576 768 4637 est,
816 4570 967 4640 quod
997 4571 1171 4623 frater
1218 4570 1311 4621 ille
1360 4570 1458 4639 qui
1491 4569 1791 4621 defunctus

83 4667 174 4714 est
215 4661 276 4713 in
309 4661 439 4729 igne
470 4660 772 4725 cruciatur,
818 4659 1092 4712 debemus
1136 4659 1189 4710 ei
1229 4657 1447 4727 aliquid
1498 4656 1793 4709 charitatis

84 4749 449 4819 impendere,
482 4753 538 4801 et
567 4764 697 4800 eum
737 4748 795 4800 in
827 4753 1106 4816 quantum
1143 4761 1466 4811 possumus,
1501 4750 1562 4797 ut
1591 4744 1794 4814 eripia-

82 4844 184 4891 tnr
218 4838 508 4907 adjuvare.
546 4836 696 4890 Vade
744 4837 939 4905 itaque
971 4840 1026 4887 et
1058 4834 1129 4887 ab
1163 4833 1439 4887 hodierna
1470 4832 1560 4885 die
1593 4833 1793 4885 diebus

81 4926 329 4995 triginta
348 4925 635 4978 continuis
684 4924 890 4977 offerre
945 4940 1047 4993 pro
1106 4940 1173 4975 eo
1224 4922 1562 4975 saeriticium
1610 4921 1791 4985 stude,

84 5021 147 5068 et
179 5017 375 5067 nullus
403 5016 660 5066 omnimo
694 5014 1171 5082 praetermittatur
1200 5011 1342 5073 dies,
1398 5026 1513 5078 quo
1561 5025 1662 5078 pro
1701 5009 1795 5062 ab-

87 5105 385 5157 solutione
416 5104 569 5156 illius
610 5102 874 5155 salutaris
908 5101 1089 5153 hostia
1131 5116 1247 5152 non
1303 5099 1651 5151 immoletur.
1689 5096 1796 5160 Qui

88 5193 364 5263 protinus
409 5191 695 5253 abscessit,
743 5195 799 5243 et
848 5188 1058 5259 paruit.
1112 5187 1285 5241 Nobis
1334 5192 1525 5239 autem
1561 5186 1669 5237 alia
1698 5202 1794 5237 eu-

86 5280 379 5343 rantibus,
399 5288 570 5350 atque
590 5280 846 5331 evolutos
865 5278 984 5331 dies
1017 5292 1131 5329 non
1157 5274 1611 5338 numerantibus,
1646 5274 1797 5327 idem

86 5370 278 5423 frater
308 5369 403 5438 qui
441 5368 740 5420 defunctus
790 5365 915 5431 fuit,
974 5371 1137 5417 nocte
1184 5364 1432 5433 quadam
1493 5362 1650 5415 fratri
1697 5378 1798 5415 suo

90 5474 379 5533 germano
420 5458 659 5527 Copioso
689 5471 791 5525 per
836 5456 1112 5507 visionem
1164 5452 1449 5523 apparuit.
1501 5452 1680 5515 Quem
1704 5451 1799 5504 ille

89 5562 234 5601 cum
293 5546 540 5609 vidisset,
597 5543 893 5613 inquisivit.
945 5542 1137 5596 dicens
1181 5556 1194 5593 :
1242 5540 1386 5603 Quid
1446 5544 1548 5604 est,
1590 5539 1801 5593 frater?

1902 3080 1935 3116 a
1965 3064 2150 3118 calore
2180 3065 2390 3119 sabana
2419 3068 2724 3136 praeberet,
2782 3073 2955 3138 atque
2985 3085 3157 3123 omne
3210 3072 3595 3129 ministerium

1902 3168 2033 3205 cum
2063 3170 2271 3222 magno
2307 3155 2581 3209 famulatu
2615 3164 2935 3227 perageret.
2973 3158 3229 3229 Cumque
3252 3161 3357 3214 hoc
3386 3164 3595 3233 saepius

1901 3238 2148 3307 fecisset,
2181 3242 2329 3295 idem
2361 3244 2657 3313 presbyter
2684 3244 2774 3297 die
2803 3245 3055 3314 quadam
3076 3248 3143 3301 ad
3163 3249 3367 3303 balnea
3387 3250 3592 3319 iturus,

1900 3328 2051 3382 intra
2066 3332 2435 3400 semetipsum
2455 3333 2728 3401 cogitans,
2745 3332 2921 3387 dixit:
2945 3335 3074 3388 Viro
3091 3336 3170 3389 illi
3185 3337 3439 3407 quimihi
3454 3341 3598 3394 solet

1902 3421 2019 3471 tam
2051 3418 2413 3473 devotissime
2436 3421 2505 3473 ad
2530 3421 2836 3475 lavandum
2859 3423 3116 3494 obsequi,
3140 3424 3397 3493 ingratus
3419 3444 3594 3498 appa-

1902 3521 2027 3558 rere
2055 3522 2169 3560 non
2191 3508 2392 3571 debeo,
2420 3509 2516 3562 sed
2538 3508 2751 3579 aliquid
2778 3526 2867 3563 me
2892 3527 3120 3564 necesse
3143 3519 3229 3565 est
3258 3514 3308 3567 ei
3342 3532 3444 3584 pro
3478 3532 3597 3570 mu-

1902 3610 2038 3647 nere
2068 3600 2315 3664 portare.
2351 3597 2506 3649 Tunc
2536 3596 2676 3649 duas
2716 3613 2907 3650 secum
2950 3599 3305 3653 oblationum
3358 3619 3595 3657 coronas

1901 3681 2124 3735 detulit.
2158 3684 2266 3747 Qui
2300 3699 2449 3749 mox,
2497 3688 2561 3736 ut
2612 3684 2872 3754 pervenit
2922 3686 2989 3739 ad
3040 3687 3248 3751 locum,
3297 3689 3595 3745 hominem

1901 3770 2120 3823 invenit
2154 3787 2167 3824 :
2197 3778 2367 3841 atque
2399 3787 2463 3824 ex
2498 3787 2657 3824 more
2711 3772 2835 3842 ejus
2888 3774 3164 3844 obsequio
3212 3774 3273 3828 in
3326 3778 3594 3831 omnibus

1904 3874 2037 3911 usus
2067 3865 2168 3912 est.
2206 3859 2359 3913 Lavit
2389 3860 2603 3929 itaque,
2645 3865 2700 3913 et
2729 3877 2857 3913 cum
2888 3862 3005 3929 jam
3037 3863 3290 3929 vestitus,
3325 3866 3597 3919 voluisset

1902 3948 2119 4016 egredi,
2154 3948 2259 4001 hoc
2302 3949 2452 4018 quod
2486 3964 2675 4001 secum
2727 3949 2928 4002 detulit
2967 3948 3305 4020 obsequenti
3339 3954 3445 4007 sibi
3474 3954 3595 4009 viro

1903 4052 2008 4105 pro
2036 4036 2433 4090 benedictione
2466 4038 2691 4105 obtulit,
2721 4044 2919 4107 petens
2950 4043 3014 4092 ut
3060 4039 3306 4110 benigne
3352 4043 3595 4114 suscipe-

1903 4130 1990 4177 ret
2018 4125 2169 4195 quod
2211 4126 2261 4178 ei
2300 4125 2590 4178 charitatis
2639 4126 2821 4195 gratia
2866 4126 3113 4181 offerret.
3170 4130 3271 4183 Cui
3303 4130 3398 4184 ille
3448 4148 3590 4186 maz-

1902 4229 2053 4275 rens,
2108 4212 2466 4283 amictusque
2514 4214 2853 4283 respondit:
2910 4215 3041 4269 Mihi
3090 4216 3197 4270 ista
3246 4234 3422 4287 quare
3472 4219 3592 4284 das,

1901 4301 2108 4352 Pater?
2140 4302 2249 4353 Iste
2279 4302 2443 4370 panis
2470 4309 2696 4356 sanctus
2725 4310 2828 4369 est,
2888 4310 2945 4357 et
2986 4320 3092 4374 ego
3145 4306 3297 4359 hunc
3342 4307 3592 4361 mandu-

1900 4404 2027 4440 care
2055 4404 2169 4441 non
2204 4405 2457 4459 possum.
2488 4390 2568 4444 Me
2596 4396 2651 4444 et
2684 4391 2834 4445 enim
2871 4407 3042 4461 quem
3073 4392 3248 4457 vides,
3287 4392 3595 4463 aliquando

1901 4478 2011 4531 loci
2038 4479 2208 4547 hujus
2240 4480 2503 4533 dominus
2534 4480 2637 4548 fui,
2673 4483 2767 4535 sed
2818 4498 2921 4551 pro
2950 4481 3131 4552 culpis
3154 4482 3293 4535 meis
3324 4482 3415 4536 hic
3465 4488 3599 4553 post

1903 4571 2145 4620 mortem
2177 4568 2480 4637 deputatus
2511 4586 2660 4622 sum.
2695 4570 2751 4623 Si
2782 4575 2975 4623 autem
3006 4570 3145 4623 mihi
3174 4576 3447 4640 praestare
3489 4572 3593 4638 vis,

1903 4657 2285 4727 omnipotenti
2307 4659 2421 4711 Deo
2446 4676 2547 4729 pro
2586 4675 2675 4712 me
2712 4660 2854 4712 offer
2894 4660 3046 4713 hunc
3094 4676 3323 4729 panem,
3386 4665 3449 4715 ut
3493 4678 3597 4731 pro

1902 4746 2146 4814 peccatis
2176 4746 2315 4801 meis
2346 4747 2694 4800 intervenias
2729 4764 2741 4800 :
2771 4752 2829 4800 et
2859 4752 2992 4801 tunc
3022 4748 3349 4801 exauditum
3381 4753 3436 4801 te
3475 4766 3595 4803 esse

1903 4849 2206 4902 cognosce,
2239 4851 2366 4888 cum
2403 4836 2513 4887 huc
2544 4834 2612 4888 ad
2658 4835 2935 4888 luendum
2985 4836 3232 4899 veneris,
3286 4841 3342 4889 et
3371 4853 3461 4889 me
3496 4838 3597 4890 mi-

1903 4923 2059 4975 nime
2086 4922 2392 4976 inveneris.
2428 4924 2491 4975 In
2522 4922 2731 4992 quibus
2763 4923 2947 4976 verbis
2992 4923 3292 4992 disparuit,
3326 4929 3381 4977 et
3421 4925 3467 4977 is
3498 4924 3597 4995 qui

1904 5027 2025 5064 esse
2084 5011 2255 5065 homo
2314 5010 2634 5076 videbatur,
2700 5012 3085 5065 evanescendo
3134 5012 3402 5077 innotuit,
3462 5012 3598 5083 quia

1906 5099 2137 5168 spiritus
2166 5101 2293 5152 fuit.
2330 5100 2483 5153 ldem
2515 5117 2645 5153 vero
2679 5102 2993 5170 presbyter,
3027 5100 3382 5154 hebdomada
3413 5102 3596 5155 conti-

1906 5204 2020 5240 nua
2052 5204 2172 5239 sese
2204 5204 2307 5257 pro
2341 5204 2406 5240 eo
2441 5189 2496 5240 in
2542 5188 2802 5257 lucrymis
2845 5189 3065 5253 afflixit,
3102 5189 3407 5242 salutarem
3463 5206 3599 5259 quo-

1906 5274 2043 5328 tidie
2076 5276 2321 5328 hostiam
2353 5277 2579 5340 obtulit,
2614 5285 2669 5329 et
2700 5293 2959 5329 reversus
2984 5284 3179 5345 postea
3206 5279 3272 5331 ad
3306 5278 3597 5347 balneum,

1908 5378 2039 5415 eum
2087 5363 2324 5415 minime
2390 5364 2624 5418 invenit.
2677 5366 2797 5427 Qua
2847 5382 2913 5417 ex
2946 5381 3027 5429 re,
3090 5372 3370 5435 quantum
3416 5368 3600 5436 prosit

1909 5450 2213 5504 animabus
2266 5451 2588 5505 immolatio
2654 5468 2826 5505 sacras
2890 5452 3191 5507 oblationis
3243 5455 3596 5508 ostenditur:

1912 5539 2143 5610 quando
2176 5540 2319 5593 hanc
2352 5545 2406 5593 et
2436 5540 2543 5610 ipsi
2578 5546 2936 5594 mortuorum
2961 5542 3194 5611 spiritus
3218 5559 3246 5595 a
3280 5543 3601 5596 viventibus
