4014 6200
388 285 407 337 l
419 284 521 337 039

1444 276 1847 333 BURCHARDI
1887 271 2419 332 WORMACIENSIS
2457 273 2769 330 EPISCOPI
2784 315 2798 330 .

3764 279 3778 327 l
3794 276 3898 328 040

387 408 610 476 petunt,
638 406 692 458 et
721 400 885 474 signa
919 400 1177 457 indicant
1220 399 1430 472 quibus
1488 417 1591 472 per
1639 415 1765 454 eam
1820 398 2068 453 absoluti
2100 402 2146 453 Α
2186 397 2313 452 CAP.
2351 398 2511 476 LXII;
2540 426 2614 439 —
2640 397 2799 476 Quod
2827 399 2909 451 ita
2944 412 3053 476 non
3081 399 3177 463 sit,
3207 397 3543 476 ut__quidam
3576 399 3893 466 afﬁrmant,

388 493 712 547 videantur.

392 600 518 656 CAP.
552 599 735 653 LVIII.
764 627 836 638 —
860 597 1011 664 Quod
1034 597 1240 651 beatius
1278 597 1352 650 sit
1381 610 1643 665 quemque
1689 591 1920 647 liberum
1960 592 2084 647 hinc

569 672 737 733 exire,
761 685 921 737 quam
942 673 1061 736 post
1078 673 1298 722 mortem
1323 667 1623 720 libertatm
1643 680 1902 734 querere.

466 755 783 828 (Gregorius
812 759 870 809 in
895 771 990 810 suo
1019 755 1236 823 dialogo
1264 754 1402 808 dicit
1424 752 1468 824 :)
1504 753 1734 808 Cunctis
1764 749 2086 805 ostenditur

395 846 531 918 quia
555 846 605 899 si
655 844 988 899 insolubiles
1030 844 1214 913 culpae
1264 842 1496 908 fuerint,
1536 842 1615 894 ad
1664 839 2081 895 absolutionem

393 934 661 1005 prodesse
691 933 926 986 minime
961 932 1136 986 etiam
1179 931 1422 985 mortuis
1450 930 1681 983 victima
1726 944 1900 983 sacrae
1930 927 2085 981 obla-

394 1022 565 1077 tionis
618 1022 816 1093 possit.
871 1021 981 1076 Sed
1033 1020 1328 1074 sciendum
1389 1024 1492 1086 est,
1561 1017 1696 1090 quia
1756 1018 1870 1071 illis
1928 1031 2086 1070 sacra

393 1109 622 1163 victima
650 1110 893 1163 mortuis
922 1109 1126 1179 prosit,
1156 1109 1253 1179 qui
1309 1108 1398 1161 hic
1444 1107 1684 1159 vivendo
1726 1105 2087 1159 obtinuerint

391 1205 455 1253 ut
482 1214 580 1252 eos
610 1199 779 1252 etiam
831 1203 962 1268 post
995 1204 1236 1251 mortem
1292 1198 1442 1250 bona
1490 1196 1762 1263 adjuvent
1812 1209 1940 1265 quae
1994 1193 2085 1246 hic

390 1305 495 1359 pro
526 1287 662 1359 ipsis
683 1288 752 1341 ab
788 1288 914 1341 aliis
943 1288 1107 1342 fiunt.
1144 1288 1301 1341 Inter
1331 1287 1453 1340 haec
1499 1290 1688 1337 autem
1719 1283 2082 1353 pensandum

394 1383 497 1445 est,
531 1382 595 1432 ut
624 1377 802 1431 tutior
828 1376 920 1430 via
967 1378 1059 1436 sit.
1095 1380 1158 1429 ut
1188 1376 1405 1429 bonum
1450 1374 1605 1445 quod
1654 1371 1897 1443 quisque
1957 1376 2086 1440 post

393 1471 634 1519 mortem
670 1470 857 1534 sperat
890 1464 982 1534 agi
1003 1479 1106 1534 per
1134 1463 1297 1527 alios,
1331 1467 1460 1532 agat
1498 1461 1632 1515 dum
1667 1459 1802 1512 vivit
1829 1458 1950 1528 ipse
1983 1472 2086 1527 per

392 1569 469 1607 se.
524 1553 747 1607 Beatius
797 1552 1012 1623 quippe
1071 1555 1154 1605 est
1205 1551 1446 1604 liberum
1497 1550 1666 1616 exire,
1734 1563 1906 1619 quam
1955 1549 2085 1616 post

392 1638 617 1691 vincula
652 1637 973 1690 libertatem
1004 1652 1282 1707 quaerere.

397 1744 525 1797 CAP.
558 1742 688 1798 LIX.
723 1771 791 1781 —
833 1741 989 1807 Quo}
1027 1742 1209 1794 nullus
1231 1740 1421 1794 debeat
1459 1754 1655 1807 rogare
1696 1752 1801 1808 pro
1842 1742 2079 1807 peccato,

451 1845 455 1849 —
936 1812 1080 1880 quod
1113 1818 1189 1865 est
1211 1811 1284 1864 ad
1314 1815 1553 1864 mortem.

465 1903 783 1973 (Gregorius
851 1903 910 1953 in
950 1903 1066 1953 suis
1115 1898 1462 1967 Moralibus.)
1526 1899 1819 1951 Peccatum
1871 1897 2085 1968 quippe

397 2006 574 2061 usque
619 1989 690 2043 ad
762 1988 973 2042 inferos
1053 1988 1279 2041 ducitur
1324 1987 1477 2057 quod
1535 1993 1668 2039 ante
1722 1985 1895 2039 tinem
1953 1988 2084 2038 vitae

395 2077 693 2151 praesentis
744 2092 848 2147 per
930 2074 1337 2128 correctionem
1404 2090 1468 2127 ac
1512 2074 1907 2144 penitentiam
1970 2087 2085 2126 non

396 2166 750 2222 emendatur.
829 2165 901 2218 De
941 2180 1056 2234 quo
1107 2162 1367 2216 videlicet
1396 2167 1628 2232 peccato
1661 2177 1763 2232 per
1809 2162 2084 2215 loanncm

398 2256 604 2310 dicitur
634 2271 647 2308 :
689 2254 780 2307 Est
809 2260 1104 2323 precatum
1135 2251 1205 2304 ad
1232 2256 1495 2317 mortem,
1525 2266 1643 2303 non
1676 2265 1780 2320 pro
1811 2248 1911 2303 illo
1936 2249 2082 2315 dico,

396 2350 460 2397 ut
490 2348 652 2411 roget
701 2341 846 2410 quis.
894 2342 1187 2392 Peccatum
1232 2354 1480 2409 namque
1537 2340 1607 2391 ad
1671 2341 1912 2390 mortem
1955 2340 2081 2390 est:

398 2430 531 2500 quia
562 2430 773 2481 scilicet
800 2432 1091 2498 peccatum
1136 2427 1285 2497 quod
1333 2426 1426 2480 hic
1446 2441 1560 2479 non
1605 2425 1930 2495 corrigitur,
1962 2424 2084 2495 ejus

403 2516 560 2571 venia
596 2516 803 2569 frustra
851 2515 1191 2584 postulatur.
1253 2515 1327 2567 De
1383 2514 1486 2567 hoc
1535 2514 1722 2566 adhuc
1770 2512 2081 2566 subditur:

398 2605 773 2661 Obliviscatur
828 2604 950 2671 ejus
1008 2602 1417 2655 misericordia.
1486 2600 1913 2671 Omnipotentis
1984 2600 2084 2654 Dei

397 2692 788 2747 misericordia
819 2689 1074 2743 oblivisci
1104 2689 1227 2759 ejus
1254 2689 1483 2753 dicitur,
1518 2689 1617 2759 qui
1673 2687 2084 2758 omnipotentis

399 2781 498 2835 Dei
536 2779 819 2850 justitiam
894 2777 1063 2831 fuerit
1120 2777 1348 2830 oblitus.
1414 2775 1681 2847 Quisquis
1736 2790 1866 2829 eum
1934 2791 2086 2829 nunc

388 2869 608 2939 justum
656 2881 770 2920 non
819 2864 1001 2931 timet,
1056 2870 1183 2934 post
1207 2863 1466 2917 invenire
1509 2879 1624 2918 non
1664 2863 1816 2917 volet
1855 2862 2083 2917 miseri-

395 2957 644 3010 curdem.

397 3063 525 3118 CAP.
573 3061 675 3114 LX.
735 3090 803 3098 -
863 3060 931 3113 Ut
982 3072 1160 3112 omnes
1219 3060 1412 3112 animm
1469 3058 1752 3112 electorum
1810 3057 2087 3111 credenda?

502 3135 615 3187 sint
637 3145 748 3185 esse
777 3133 834 3182 in
863 3131 1009 3195 cwlo,
1037 3134 1087 3182 et
1117 3130 1427 3197 iniquorum
1448 3131 1643 3182 animae
1662 3131 1720 3182 in
1740 3131 1972 3194 inferno.

467 3221 582 3286 (Ea:
636 3218 850 3283 dialogo
899 3217 1164 3282 Gregorii.
1209 3217 1394 3268 Petrus
1432 3218 1749 3281 interrogat.
1796 3216 2084 3283 Responsio

396 3309 683 3377 Gregorii.)
724 3302 1092 3376 Inquisitioni
1142 3318 1283 3355 mea;
1346 3302 1463 3370 jam
1523 3301 1689 3355 video
1732 3302 2085 3355 suflicienter

394 3397 767 3461 satisfactum,
800 3393 896 3446 sed
949 3392 1055 3445 huc
1102 3396 1184 3443 est
1215 3390 1398 3443 adhuc
1427 3389 1582 3460 quod
1613 3390 1927 3460 quaestione
1956 3391 2081 3443 ani-

394 3501 550 3540 mum
584 3485 790 3554 pulsat.
821 3481 967 3546 Quia
995 3495 1126 3533 cum
1158 3478 1422 3547 superius
1451 3478 1664 3532 dictum
1690 3477 1762 3532 sit
1810 3493 1930 3532 esse
1961 3478 2078 3548 jam

392 3578 716 3629 sanctorum
769 3570 987 3623 animas
1036 3568 1095 3619 in
1125 3568 1286 3630 caelo,
1336 3572 1513 3619 restat
1543 3567 1739 3636 procul
1789 3566 1983 3631 dubio,
2021 3572 2081 3622 ut

392 3664 723 3733 iniquorum
754 3671 986 3729 quoque
1017 3654 1226 3708 animae
1257 3670 1377 3707 esse
1424 3670 1539 3708 non
1593 3654 1704 3708 nisi
1761 3654 1820 3709 in
1856 3654 2080 3709 inferno

389 3752 716 3815 credantur,
749 3752 804 3799 et
829 3744 967 3816 quid
999 3744 1068 3798 de
1100 3744 1204 3797 hac
1252 3759 1312 3796 re
1358 3743 1565 3797 habeat
1612 3743 1820 3798 veritas
1857 3743 2075 3814 ignoro.

393 3843 532 3896 Nam
564 3839 818 3893 humana
843 3832 1148 3888 aestimatio
1196 3816 1312 3885 non
1344 3831 1540 3897 habet,
1569 3837 1928 3901 peccatorum
1962 3832 2081 3886 aui-

389 3946 511 3985 mas
542 3942 702 3998 posse
715 3928 846 3978 ante
862 3921 1141 3993 judicium
1160 3920 1421 3974 cruciari.
1446 3949 1514 3959 -—
1533 3919 1591 3974 Si
1608 3936 1727 3974 esse
1751 3926 2077 3975 sanctorum

388 4020 608 4074 animas
637 4015 697 4068 in
727 4012 868 4067 caelo
899 4010 1042 4064 sacri
1088 4009 1305 4080 eloquii
1333 4007 1717 4062 satisfactione
1764 4008 2075 4076 credidisti,

388 4111 612 4179 oportet
648 4105 712 4156 ut
742 4117 845 4172 per
873 4099 1070 4153 omnia
1098 4115 1220 4152 esse
1267 4098 1463 4151 credas
1486 4096 1818 4168 iniquorum
1858 4098 2078 4153 animas

385 4198 448 4253 in
471 4195 696 4249 inferno
730 4207 743 4244 :
774 4189 911 4261 quia
935 4204 999 4242 ex
1029 4187 1405 4242 retributione
1435 4190 1667 4240 aeternae
1697 4185 1956 4255 justitiaz,
2008 4202 2073 4241 ex

387 4302 500 4358 qua
522 4285 637 4354 jam
659 4277 799 4350 justi
847 4276 1184 4347 gloriantur,
1224 4289 1452 4328 necesse
1500 4278 1587 4327 est
1625 4289 1729 4343 per
1768 4273 1979 4339 omnia,
2014 4279 2078 4329 ut

383 4371 582 4442 injusti
614 4367 956 4423 crucientur.
992 4365 1133 4418 Nam
1163 4363 1311 4416 sicut
1341 4364 1552 4416 electos
1583 4362 1878 4417 beatitudo
1928 4362 2073 4417 lati-

384 4457 535 4523 ﬁcat,
567 4456 647 4509 ita
688 4453 843 4507 credi
897 4468 1125 4507 necesse
1172 4455 1258 4505 est
1313 4450 1462 4521 quod
1515 4468 1547 4504 a
1607 4449 1700 4506 die
1750 4449 1933 4505 exitus
1987 4448 2075 4504 sui

384 4544 534 4615 ignis
563 4541 835 4613 reprobus
860 4544 1081 4594 exurat.

383 4651 509 4707 CAP.
544 4649 671 4704 LXI.
701 4676 773 4688 —
801 4645 956 4711 Quod
984 4647 1123 4707 sicut
1158 4645 1283 4714 finis
1314 4659 1417 4698 non
1443 4648 1521 4698 est
1562 4643 1765 4711 gaudio
1795 4644 2071 4712 bonorum,

685 4720 763 4773 sic
791 4720 916 4787 finis
945 4732 1052 4771 non
1077 4722 1155 4770 est
1179 4717 1458 4769 tormentis
1479 4717 1766 4768 malorum.

451 4811 559 4875 (Ea:
579 4807 783 4874 diulug.
835 4803 1092 4873 Gregorii
1136 4803 1301 4857 Inter.
1354 4804 1500 4858 Petr.
1552 4801 1797 4870 Gregorii
1850 4816 2071 4871 respon-

377 4899 504 4968 sio.)
539 4892 831 4964 Numquid
854 4908 1006 4955 nam,
1036 4896 1321 4961 quassate,
1343 4889 1584 4943 dicimus
1613 4904 1732 4955 eos,
1766 4889 1866 4960 qui
1894 4891 2072 4946 semel

376 4987 494 5040 illic
525 4982 696 5038 mersi
724 4981 958 5047 fuerint,
991 4994 1217 5048 semper
1246 4978 1517 5031 arsuros?
1538 5006 1610 5019 —
1631 4977 1859 5032 Constat
1877 4977 2068 5046 nimis,

377 5079 432 5129 et
461 5074 860 5127 incunctanter
887 5083 1085 5122 verum
1119 5083 1238 5119 esse
1275 5082 1289 5120 :
1324 5066 1460 5137 quia
1491 5065 1638 5119 sicut
1670 5065 1800 5119 ﬁnis
1829 5082 1946 5120 non
1987 5072 2070 5122 est

378 5161 605 5232 glaudio
636 5159 943 5225 bonorum,
974 5156 1052 5209 ita
1082 5156 1212 5209 linis
1242 5170 1358 5208 non
1408 5158 1492 5207 est
1533 5154 1834 5207 tormentis
1888 5155 2067 5209 malo-

376 5265 521 5303 rum.
552 5249 691 5302 Nam
724 5262 852 5300 cum
881 5245 1102 5301 Veritas
1128 5243 1282 5297 dicat
1310 5259 1325 5295 :
1350 5242 1517 5296 Ibunt
1551 5241 1609 5294 hi
1632 5242 1689 5295 in
1722 5241 2067 5313 supplicium

378 5345 679 5400 aeternum,
706 5335 850 5406 justi
879 5338 1069 5386 autem
1105 5332 1352 5385 invitam
1366 5336 1642 5385 aeternam
1670 5345 1684 5383 :
1716 5330 1850 5401 quia
1869 5346 2067 5386 verum

375 5430 463 5479 est
491 5424 644 5495 quod
678 5422 958 5493 promisit,
993 5421 1193 5475 falsum
1226 5418 1607 5491 proculdubio
1630 5433 1748 5472 non
1775 5418 1884 5473 erit
1914 5419 2065 5490 quod

376 5514 629 5569 minatus
660 5519 745 5565 est
777 5513 941 5565 Deus.

2263 470 2408 538 quod
2462 470 2608 523 Deus
2655 469 2718 523 ob
2780 470 2874 521 hoc
2931 471 3171 522 minatus
3241 471 3315 522 sit
3368 474 3629 523 aeternam
3676 483 3896 538 panum

2258 542 2629 609 peccantibus,
2653 544 2714 594 ut
2741 541 3034 608 corrigeret
3060 555 3095 593 a
3124 540 3306 594 malis.

2263 630 2372 693 (Ea:
2390 628 2595 696 dialog.
2636 629 2904 697 Gregorii.
2948 632 3138 684 Petrus
3176 630 3495 695 interrogat.
3532 630 3800 697 Gregorii
3829 644 3895 681 re-
3978 677 3981 681 .

2191 719 2447 785 sponsio.)
2479 716 2624 781 Quid
2647 718 2692 770 si
2719 717 2847 788 quis
2879 717 3049 785 dicat,
3082 717 3294 771 idcirco
3344 718 3492 770 Deus
3518 717 3893 788 peccantibus

2193 809 2466 857 aeternam
2496 821 2724 875 paenam
2760 806 3012 859 minatus
3046 812 3150 873 est,
3183 811 3245 859 ut
3292 822 3389 859 eos
3430 822 3463 858 a
3518 812 3892 877 peccatorum

2193 893 2612 963 perpetratione
2633 899 3017 963 compesceret
3036 893 3064 949 7
3086 924 3150 933 —
3175 893 3231 948 Si
3256 894 3461 947 falsum
3484 899 3571 947 est
3601 895 3769 965 quod
3794 894 3891 947 mi-
3980 924 3981 929 ι

2192 985 2359 1033 natus
2389 985 2489 1047 est,
2522 985 2586 1035 ut
2616 981 2685 1035 ab
2714 982 2993 1051 injustitia
3034 981 3367 1051 corrigeret,
3416 982 3591 1035 etiam
3634 983 3791 1036 falsa
3820 986 3887 1035 est
3980 982 3981 1051 ξ

2192 1068 2497 1137 pollicitus,
2539 1074 2602 1123 ut
2646 1070 2715 1122 ad
2739 1069 3025 1139 justitiam
3053 1074 3411 1140 provocaret.
3461 1070 3569 1123 Sed
3601 1070 3741 1139 quis
3794 1070 3884 1122 hoc

2189 1158 2400 1225 dicere,
2457 1158 2542 1211 vel
2594 1158 2828 1211 insanus
2877 1160 3226 1229 praesumat?
3291 1159 3353 1213 Et
3403 1159 3447 1210 si
3491 1158 3759 1211 minatus
3816 1164 3885 1210 est

2191 1245 2344 1317 quod
2378 1261 2494 1299 non
2525 1251 2647 1299 erat
2676 1246 3036 1316 impleturus,
3069 1246 3208 1300 dum
3238 1262 3491 1300 asserere
3539 1262 3680 1300 eum
3726 1246 3882 1300 mise-

2191 1334 2475 1387 ricordem
2520 1334 2806 1401 volumus,
2854 1335 3135 1399 fallacem,
3182 1335 3333 1406 quod
3363 1336 3521 1388 nefas
3548 1342 3637 1389 est
3680 1334 3879 1402 dicere,

2189 1421 2501 1491 prmdicare
2530 1421 2960 1493 compellimur.

2194 1510 2318 1564 CAP.
2353 1509 2533 1564 LXIII.
2566 1540 2634 1548 —
2668 1511 2786 1564 Cur
2822 1515 3047 1585 peccata
3098 1525 3235 1585 quae,
3266 1526 3383 1564 cum
3406 1512 3523 1581 ﬁne
3569 1516 3888 1585 perpetrata

2650 1586 2796 1648 sunt,
2823 1584 2940 1635 sine
2965 1582 3075 1651 ﬁne
3099 1584 3422 1651 puniantur.

2265 1667 2379 1733 (Em
2408 1667 2605 1722 eodem.
2638 1670 2779 1723 Petr.
2816 1671 2917 1723 int.
2951 1669 3109 1736 Greg.
3161 1668 3329 1739 resp.)
3354 1669 3508 1723 Scire
3541 1668 3718 1723 velim
3751 1685 3888 1740 quo-

2195 1758 2363 1812 modo
2387 1758 2604 1828 justum
2637 1758 2731 1824 sit,
2779 1762 2842 1812 ut
2886 1757 3052 1829 culpa
3085 1774 3214 1829 quas
3244 1774 3373 1812 cum
3416 1758 3529 1812 ﬁne
3560 1764 3888 1829 perpetrata

2192 1851 2296 1913 est,
2326 1845 2445 1900 sine
2476 1846 2590 1900 ﬁne
2611 1845 2903 1917 puniatur.
2936 1840 3004 1885 —4
3031 1848 3146 1901 Hoc
3190 1852 3341 1901 recte
3385 1846 3694 1913 diceretur,
3736 1847 3785 1900 si
3818 1847 3892 1901 di-

2193 1933 2417 1987 strictus
2460 1933 2638 2003 judex
2670 1949 2783 1986 non
2840 1935 3013 1988 corda
3055 1935 3375 2000 hominum,
3426 1934 3525 1988 sed
3584 1935 3732 1988 facta
3759 1951 3889 2006 pen-

2193 2027 2360 2076 saret.
2395 2021 2585 2092 Iniqui
2614 2022 2765 2076 enim
2794 2022 2921 2076 ideo
2970 2038 3101 2076 cum
3150 2023 3263 2076 fine
3312 2023 3705 2095 deliquerunt,
3758 2024 3888 2094 quia

2192 2126 2322 2165 cum
2354 2110 2467 2164 ﬁne
2500 2109 2777 2163 vixerunt.
2813 2111 2949 2163 Nam
2985 2110 3294 2163 voluissent
3335 2110 3558 2179 utique,
3592 2111 3641 2162 si
3666 2111 3888 2180 potuis-

2192 2202 2337 2266 sent,
2372 2198 2492 2252 sine
2515 2199 2628 2252 fine
2649 2197 2857 2264 vivere,
2894 2201 2954 2250 ut
2983 2197 3303 2268 potuissent
3330 2197 3453 2251 sine
3482 2196 3600 2251 ﬁne
3637 2213 3884 2267 peccare.

2192 2287 2512 2341 Ostendunt
2543 2287 2718 2354 enim,
2752 2286 2887 2357 quia
2938 2286 2996 2339 in
3049 2290 3278 2356 peccatu
3313 2286 3499 2340 vivere
3529 2302 3766 2356 semper
3790 2303 3889 2339 cu-

2191 2377 2378 2448 piunt,
2415 2376 2516 2448 qui
2545 2392 2842 2447 nunquam
2877 2374 3148 2430 desinunt
3183 2392 3436 2447 peccare,
3480 2376 3622 2430 dum
3672 2376 3886 2431 vivunt.

2189 2465 2274 2520 Ad
2307 2481 2572 2535 magnam
2595 2464 3343 2536 ergojustitiamjudicantis
3361 2465 3635 2536 pertinet,
3656 2471 3725 2519 ut
3746 2482 3887 2519 nun-

2192 2569 2363 2625 quam
2395 2556 2625 2607 careant
2671 2552 2949 2624 supplicio
3007 2553 3107 2624 qui
3159 2552 3219 2607 in
3267 2554 3372 2608 hac
3419 2553 3535 2607 vita
3587 2570 3884 2626 nunquam

2191 2642 2495 2695 voluerunt
2523 2657 2714 2694 carere
2748 2645 2994 2711 peccatu.

2193 2730 2317 2784 CAP.
2348 2730 2519 2784 LXIV.
2552 2758 2624 2770 —
2652 2729 2803 2795 Quod
2834 2729 2973 2783 Deus
3002 2731 3128 2798 pius
3159 2732 3252 2797 sit,
3286 2734 3336 2783 et
3356 2745 3462 2783 non
3478 2735 3755 2800 pascatur
3777 2748 3885 2785 cru-

2261 2803 2409 2854 ciatu
2440 2803 2776 2863 miserorum,
2808 2800 2986 2864 iustus
3013 2806 3212 2865 autem,
3246 2805 3299 2854 et
3348 2801 3469 2856 ideo
3519 2818 3630 2857 non
3675 2803 3890 2856 sederin-

2262 2873 2323 2925 in
2348 2876 2666 2940 perpetuum
2686 2871 2754 2924 ab
2774 2874 3086 2940 iniquorum
3115 2872 3335 2925 ultione.

2269 2959 2376 3029 (Ea:
2400 2959 2598 3013 eodem.
2632 2960 2775 3013 Petr.
2798 2961 2900 3012 int.
2932 2960 3077 3026 Greg
3133 2960 3301 3029 resp.)
3328 2958 3437 3014 Sed
3478 2960 3678 3013 nullus
3703 2961 3890 3031 justus

2196 3046 2534 3101 crudelitate
2591 3045 2860 3116 pascitur,
2918 3050 2975 3099 et
3018 3046 3363 3116 delinquens
3412 3062 3615 3099 servus
3659 3063 3695 3100 a
3735 3049 3890 3118 justo

2194 3133 2432 3187 domino
2461 3134 2674 3188 idcirco
2705 3133 2844 3187 caedi
2878 3133 3230 3204 praecipitur,
3266 3140 3330 3188 ut
3359 3151 3388 3188 a
3454 3136 3719 3205 nequitia
3764 3153 3891 3189 cor-

2194 3219 2431 3291 rigatur.
2468 3222 2550 3275 Ad
2582 3220 2688 3274 hoc
2718 3219 2871 3273 enim
2923 3222 3173 3290 vapulat,
3230 3224 3294 3273 ut
3322 3219 3632 3273 emendare
3661 3220 3889 3274 debeat.

2194 3307 2381 3379 Iniqui
2413 3315 2603 3363 autem
2647 3308 2925 3379 gehennae
2952 3308 3074 3377 igni
3121 3307 3336 3370 traditi,
3366 3307 3415 3361 si
3467 3308 3536 3361 ad
3585 3310 3890 3363 correctio-

2192 3411 2322 3450 nem
2354 3412 2652 3468 nunquam
2681 3396 2931 3463 veniant,
2965 3412 3080 3466 quo
3125 3395 3240 3449 fine
3289 3411 3518 3464 semper
3565 3396 3890 3451 ardebant?

2187 3512 2261 3525 —
2288 3485 2667 3553 Omnipotens
2700 3485 2866 3552 Deus,
2919 3484 3055 3554 quia
3100 3482 3231 3554 pius
3257 3487 3361 3548 est,
3395 3484 3740 3537 miserorum
3769 3501 3891 3538 cru.

2190 3572 2342 3627 ciatu
2375 3590 2488 3627 non
2521 3572 2774 3643 pascitur
2805 3588 2818 3627 :
2852 3572 2987 3643 quia
3029 3578 3219 3625 autem
3268 3571 3460 3641 justus
3491 3577 3595 3635 est,
3646 3572 3719 3626 ab
3771 3573 3888 3627 ini-

2189 3677 2436 3732 quorum
2491 3661 2708 3714 ultione
2766 3660 2826 3714 in
2891 3665 3236 3731 perpetuum
3305 3675 3423 3713 non
3476 3660 3730 3715 sedatur.
3779 3662 3891 3715 Sed

2189 3749 2376 3821 iniqui
2407 3765 2606 3803 omnes
2635 3753 2848 3803 aeterno
2878 3748 3159 3819 supplicio
3189 3748 3464 3818 deputati,
3517 3764 3621 3801 sna
3648 3749 3887 3819 quidem

2186 3838 2490 3910 iniquitate
2523 3839 2861 3909 puniuntur,
2896 3842 2953 3891 et
2982 3843 3175 3892 tamen
3212 3839 3279 3891 ad
3314 3837 3530 3908 aliquid
3572 3838 3883 3902 ardebant,

2185 3927 2419 3995 scilicet,
2457 3932 2522 3981 ut
2553 3926 2694 3997 justi
2743 3942 2964 3987 omnes.
3017 3932 3074 3980 et
3117 3928 3175 3980 in
3229 3926 3345 3980 Deo
3394 3925 3627 3980 videant
3672 3928 3887 3997 gaudia
3980 4004 3981 4009 γ

2186 4031 2314 4087 quae
2344 4015 2689 4086 percipiunt,
2719 4017 2776 4068 et
2823 4014 2883 4068 in
2922 4014 3034 4068 illis
3088 4014 3395 4084 respiciant
3427 4014 3716 4084 supplicia
3753 4032 3886 4086 qua

2184 4107 2506 4172 evaserunt,
2539 4107 2819 4172 quatenus
2848 4102 2908 4156 in
2936 4108 3216 4157 aeternum
3257 4107 3416 4156 tanto
3443 4103 3627 4172 magis
3669 4103 3885 4159 divine

2187 4192 2382 4264 gratiae
2411 4192 2699 4247 debitores
2729 4206 2786 4245 se
2811 4207 2932 4246 esse
2960 4180 3326 4263 cognoscant,
3368 4197 3587 4262 quanto
3619 4190 3677 4245 in
3710 4199 3883 4248 eter-

2187 4296 2324 4336 num
2387 4282 2535 4334 mala
2584 4279 2780 4352 puniri
2835 4280 3198 4351 conspiciunt
3239 4294 3370 4350 qua:
3424 4279 3549 4348 ejus
3597 4280 3884 4350 adjutorio

2184 4364 2461 4419 vicerunt.

2182 4467 2311 4525 CAP.
2347 4468 2485 4522 LXV.
2519 4497 2586 4507 —-
2623 4468 2701 4521 De
2740 4467 2854 4529 hoc,
2895 4470 2945 4522 si
2986 4472 3112 4522 ante
3158 4468 3552 4521 restitutionem
3597 4482 3877 4537 cor-pom

2441 4539 2635 4593 animm
2652 4539 2924 4607 justorum
2972 4538 3036 4593 in
3057 4540 3242 4592 caelum
3266 4541 3623 4607 recipiantur.

2251 4627 2363 4692 (Ea:
2386 4625 2583 4680 eodem.
2609 4626 2751 4680 Petr.
2775 4626 2877 4679 int.
2911 4625 3070 4693 Greg.
3099 4629 3272 4695 resp.)
3303 4626 3494 4680 Placet
3514 4627 3670 4697 quod
3700 4627 3871 4681 dicis:

2180 4715 2278 4770 sed
2309 4714 2480 4769 velim
2510 4730 2698 4780 nosse,
2731 4714 2778 4769 si
2834 4730 2989 4769 nunc
3042 4720 3174 4769 ante
3219 4715 3648 4770 restitutionem
3676 4732 3872 4787 corpo-

2179 4818 2309 4857 rum
2338 4801 2400 4856 in
2431 4803 2637 4856 caelum
2661 4802 2837 4873 recipi
2861 4803 3089 4857 valeant
3103 4801 3313 4857 animae
3326 4802 3640 4872 justorum.
3670 4834 3745 4844 —
3772 4807 3873 4860 Hoc

2179 4905 2431 4960 namque
2458 4889 2528 4944 de
2541 4889 2810 4944 omnibus
2816 4889 2989 4961 justis
3015 4889 3180 4943 fateri
3195 4906 3309 4944 non
3332 4906 3658 4960 possumus,
3692 4909 3872 4964 neque

2177 4979 2248 5033 de
2273 4978 2542 5033 omnibus
2562 4993 2792 5049 negare.
2832 4979 2970 5032 Nam
3002 4983 3137 5032 sunt
3181 4979 3547 5049 quorundam
3588 4981 3873 5051 justorum

2179 5067 2410 5131 animae,
2441 5083 2567 5138 quas
2599 5083 2630 5120 a
2658 5066 2873 5121 caelesti
2913 5082 3090 5137 regno
3112 5066 3461 5138 quibusdam
3491 5068 3686 5123 adhuc
3718 5086 3871 5124 man-

2177 5155 2435 5209 sionibus
2500 5154 2877 5231 differuntur:
2946 5156 3006 5209 In
3071 5171 3185 5226 quo
3256 5155 3548 5210 dilationis
3641 5158 3868 5223 damno,

2176 5243 2312 5315 quid
2344 5243 2498 5297 aliud
2532 5244 2815 5308 innititur,
2849 5243 2959 5297 nisi
3007 5242 3160 5313 quod
3192 5243 3457 5313 perfectae
3499 5245 3743 5310 justitiin
3774 5248 3868 5300 ali-

2177 5331 2316 5403 quid
2349 5330 2539 5384 minus
2583 5330 2947 5385 habuerunt?
2994 5330 3064 5385 Et
3096 5337 3290 5385 tamen
3327 5330 3453 5385 luce
3482 5333 3696 5388 clarius
3741 5350 3867 5388 con-

2177 5424 2289 5474 stat
2315 5419 2450 5490 quia
2477 5419 2861 5490 perfecturum
2884 5420 3172 5490 justorum
3196 5418 3426 5487 animas,
3449 5436 3585 5476 mox
3607 5430 3673 5476 ut
3701 5422 3865 5493 hujus

2176 5506 2362 5562 carnis
2404 5508 2651 5563 claustra
2695 5512 2925 5576 exeunt,
2976 5507 3036 5563 in
3083 5508 3405 5564 cmicstibus
3450 5510 3687 5566 sedibus
3727 5511 3864 5566 reci-
