4010 6194
144 221 277 275 1041

1101 220 1577 280 DECRETORUM
1622 224 1805 279 LIBRI
1843 223 1951 279 XX.
1985 253 2054 264 —
2088 226 2292 280 LIBER
2336 220 2731 277 VlGESIMUS.

3548 236 3567 287 1
3580 234 3685 288 042

140 342 403 410 piuntur.
439 340 605 405 Quod
626 346 685 395 et
707 341 833 411 ipsa
864 357 968 411 per
998 358 1056 395 se
1086 344 1303 397 Veritas
1333 350 1591 411 testatur,
1619 347 1847 401 dicens:
1880 348 1924 400 A
1968 346 2151 399 verbis
2209 352 2403 415 aperte
2460 343 2781 396 dec‘aratur
2844 346 2983 415 quia
3040 356 3096 403 et
3163 352 3299 406 boni
3361 355 3564 422 bonos,
3624 360 3679 409 et

140 430 475 500 Ubicunque
510 430 682 483 fuerit
711 446 939 499 corpus,
986 431 1121 484 illuc
1152 435 1651 503 congregabantur
1680 434 1843 505 aqui-

138 518 212 571 la:
250 534 262 572 :
300 519 437 588 quia
480 519 578 571 ubi
630 520 751 588 ipse
802 520 1156 589 Redemptor
1204 528 1400 575 noster
1453 529 1537 576 est
1581 539 1841 594 corpore,

136 606 274 659 illuc
316 608 517 675 procul
568 607 745 661 dubio
794 607 1151 677 colliguntur
1180 614 1235 661 et
1281 609 1488 661 animas
1530 611 1838 677 justorum.

139 698 206 750 Et
258 697 465 749 Panlus
513 696 748 749 dissolvi
798 695 1105 761 desiderat,
1159 702 1215 749 et
1252 713 1378 749 cum
1426 698 1647 751 Christo
1696 709 1837 748 esse.

140 783 244 847 Qui
286 799 423 853 ergo
477 784 768 837 Christum
819 799 942 837 esse
974 784 1036 836 in
1082 785 1236 838 caelis
1273 801 1388 838 non
1444 784 1684 850 dubitat,
1737 798 1841 836 nec

136 871 293 925 Pauli
342 872 599 924 animam
660 889 781 923 esse
831 872 889 924 in
938 874 1082 926 coelo
1142 879 1334 942 negat.
1385 872 1490 938 Qui
1549 874 1718 925 etiam
1770 872 1838 924 de

135 960 515 1013 dissolutione
568 960 655 1012 sui
686 960 962 1027 corporis,
1016 966 1187 1029 atque
1236 962 1590 1015 habitatione
1638 958 1837 1030 patria:

134 1047 372 1100 caelestis
423 1046 565 1099 dicit
598 1064 610 1099 :
646 1047 866 1100 Scimus
916 1049 1053 1117 quia
1086 1048 1130 1099 si
1164 1048 1441 1101 terrestris
1491 1050 1695 1101 domus
1728 1062 1833 1099 no-

131 1142 243 1191 stra
304 1137 475 1205 hujus
528 1135 898 1188 habitationis
956 1134 1318 1201 dissolvatur,
1382 1136 1532 1205 quod
1590 1135 1833 1188 aediﬁca-

130 1219 347 1273 tionem
391 1222 671 1275 habemus
701 1240 767 1277 ex
802 1225 935 1287 Deo,
991 1226 1227 1278 domum
1261 1241 1378 1278 non
1426 1227 1830 1290 manut‘actam,

130 1311 233 1363 Sed
266 1318 534 1364 mternam
570 1313 627 1366 in
657 1313 831 1367 ccelis.

127 1414 261 1470 Car.
300 1417 469 1470 LXVI.
502 1445 575 1457 —
603 1418 754 1482 Quod
769 1419 935 1485 justi,
971 1420 1028 1471 in
1059 1419 1145 1471 die
1167 1420 1392 1485 judicia,
1426 1422 1732 1473 animarum
1762 1422 1831 1472 si-

436 1489 551 1542 mul
581 1495 629 1541 et
660 1504 943 1556 corporum
976 1491 1154 1555 gloria
1184 1490 1529 1543 laetabuntur.

202 1575 323 1646 (Ea:
354 1576 552 1629 eodem.
586 1578 725 1630 Petr.
766 1579 864 1630 int.
897 1575 1061 1645 Greg.
1096 1579 1263 1646 resp.)
1296 1578 1351 1631 Si
1386 1577 1563 1647 igitur
1589 1579 1828 1631 nuncin

122 1665 272 1717 cmlo
320 1668 453 1721 sunt
502 1664 705 1718 animo:
750 1664 1066 1733 justorum,
1118 1666 1257 1735 quid
1308 1672 1392 1718 est
1440 1666 1544 1719 hoc
1582 1666 1732 1737 quod
1767 1666 1825 1719 in

122 1752 220 1805 die
248 1751 452 1820 judicii
484 1768 585 1821 pro
627 1752 867 1821 justith
913 1769 1030 1805 sum
1078 1754 1453 1806 retributione
1495 1756 1829 1823 recipiunt?

119 1869 192 1879 —
232 1840 349 1894 lloc
382 1840 442 1892 in
474 1841 553 1892 eis
586 1842 854 1894 nimirum
888 1844 1089 1894 crescit
1136 1842 1193 1894 in
1218 1841 1457 1910 judicio,
1493 1843 1645 1912 quod
1677 1859 1828 1896 nunc

120 1929 459 1982 animarum
509 1930 643 1995 sola,
698 1933 1059 1999 postmodum
1111 1946 1240 1984 vero
1288 1946 1594 2001 corporum
1648 1931 1825 1985 beati-

118 2018 329 2072 tudine
378 2018 761 2088 perfruantur,
811 2025 870 2072 ut
916 2020 974 2072 in
1021 2018 1145 2089 ipsa
1193 2035 1424 2089 quoque
1470 2035 1639 2073 carne
1683 2036 1824 2089 gau-

120 2107 319 2172 deant,
390 2106 447 2159 in
510 2124 619 2177 qua
668 2107 895 2169 dolores
957 2123 1058 2178 pro
1117 2108 1361 2160 Domino
1429 2108 1823 2179 cruciatusque

120 2196 505 2266 pertulerunt.
540 2196 646 2249 Pro
698 2195 803 2248 hac
832 2195 1044 2265 quippe
1084 2194 1376 2265 geminata
1406 2212 1606 2248 eorum
1641 2196 1825 2266 gloria

117 2285 402 2353 scriptum
460 2289 596 2337 est:
641 2285 703 2337 In
762 2290 912 2337 terra
964 2301 1065 2337 sua
1122 2284 1372 2352 duplicia
1429 2285 1819 2353 possidebunt.

119 2374 268 2426 Hinc
299 2374 471 2425 etiam
521 2378 651 2425 ante
704 2372 1134 2426 resurrectionis
1165 2372 1317 2425 diem
1372 2372 1441 2425 de
1493 2382 1822 2427 sanctorum

116 2460 425 2514 animabus
455 2460 727 2531 scriptum
762 2467 883 2514 est:
913 2463 1066 2514 Datae
1098 2464 1231 2512 sunt
1264 2460 1373 2513 illis
1400 2461 1641 2531 singulae
1665 2463 1820 2514 stolae

117 2550 292 2612 albae,
328 2556 382 2601 et
430 2550 643 2602 dictum
696 2555 781 2602 est
828 2548 940 2601 illis
994 2554 1055 2602 ut
1106 2548 1535 2619 requiescerent
1593 2557 1821 2621 tempus

116 2638 315 2691 adhuc
359 2638 670 2705 modicum,
718 2638 895 2691 donec
927 2638 1239 2707 impleatur
1282 2653 1555 2691 numerus
1594 2655 1821 2693 conser-

115 2741 348 2788 vorum,
380 2732 435 2778 et
467 2727 711 2780 fratrum
744 2742 965 2779 eorum.
1010 2724 1119 2789 Qui
1149 2724 1343 2794 itaque
1388 2742 1538 2779 nunc
1570 2728 1823 2797 singulas

116 2819 487 2883 acceperunt,
540 2815 849 2882 in’judicio
906 2815 1065 2868 binas
1113 2815 1285 2866 stolas
1334 2814 1581 2868 habituri
1638 2821 1817 2869 sunt:

1958 436 2092 487 mali
2148 439 2459 503 agnoscant
2492 430 2693 483 malos.
2751 432 2812 485 Si
2852 434 3031 504 igitur
3058 441 3347 495 Abraham
3399 443 3676 497 Lazarum

1958 523 2196 576 minime
2236 524 2695 592 recognosceret,
2733 536 3104 596 nequaquam
3151 530 3218 583 ad
3253 530 3489 584 divitem
3524 531 3670 600 posi-

1954 615 2077 664 tum
2120 612 2180 664 in
2228 609 2532 663 tormentis
2581 608 2651 660 de
2696 613 2987 667 transacta
3030 618 3150 685 ejus
3199 619 3550 671 contritione
3595 620 3675 671 lo-

1952 704 2245 766 queretur,
2288 699 2487 752 dicens
2532 711 2544 748 :
2578 695 2742 758 Quod
2796 703 2948 754 mala
2981 706 3257 774 receperit
3296 706 3355 758 in
3397 706 3515 759 vita
3546 722 3668 771 sua,

1952 785 2017 838 Et
2048 786 2095 839 si
2153 787 2290 840 mali
2334 786 2520 839 malos
2572 799 2687 835 non
2739 798 3241 858 recognoscerent,
3296 810 3669 863 nequaquam

1950 873 2105 928 dives
2150 875 2209 928 in
2268 871 2576 928 tormentis
2627 873 2850 940 positus
2907 880 3148 932 fratrum
3202 897 3441 934 suorum
3492 882 3665 935 etiam

1947 963 2265 1016 absentiam
2328 961 2704 1015 meminisset.
2767 965 3065 1027 Quomodo
3124 969 3275 1021 enim
3352 975 3667 1037 przesentes

1948 1067 2062 1104 non
2110 1057 2300 1122 posset
2330 1065 2668 1121 agnoscere,
2705 1052 2805 1120 qui
2837 1054 3008 1108 etiam
3042 1072 3145 1124 pro
3175 1056 3507 1109 absentium
3538 1073 3662 1110 me-

1946 1140 2129 1192 moria
2158 1141 2377 1194 curavit
2406 1138 2685 1193 exorare?
2711 1140 2831 1203 Qua
2858 1142 2915 1195 in
2953 1160 3013 1195 re
3042 1144 3179 1197 illud
3207 1160 3444 1214 quoque
3478 1151 3665 1197 osten-

1944 1228 2118 1292 ditur,
2153 1230 2304 1298 quod
2338 1243 2704 1299 nequaquam
2741 1231 2861 1299 ipse
2893 1232 3185 1301 requisisti
3217 1248 3228 1284 :
3262 1233 3406 1300 quia
3437 1238 3494 1284 et
3522 1233 3662 1287 boni

1945 1317 2144 1381 malos,
2194 1323 2251 1369 et
2280 1318 2414 1369 mali
2449 1326 2813 1383 cognoscunt
2859 1319 3059 1372 bonos.
3114 1321 3254 1372 Nam
3307 1325 3365 1371 et
3401 1320 3558 1374 dives
3589 1322 3660 1376 ab

1942 1404 2230 1458 Abraham
2278 1406 2667 1473 cognoscitur,
2701 1422 2830 1458 cum
2883 1407 3096 1460 dictum
3140 1413 3225 1458 est
3261 1424 3273 1459 :
3310 1408 3655 1477 Recordare,

1942 1492 2074 1561 quia
2128 1492 2390 1560 recepisti
2442 1493 2593 1545 bona
2642 1494 2700 1545 in
2736 1495 2847 1545 vita
2877 1500 3098 1546 tuazet
3146 1497 3367 1547 electus
3415 1497 3659 1552 Lazarus

1942 1594 1975 1632 a
2005 1580 2247 1650 reprobo
2300 1584 2383 1632 est
2412 1580 2591 1633 divite
2642 1582 2925 1649 cognitus,
2968 1598 3140 1650 quem
3177 1583 3330 1636 mitti
3388 1593 3658 1654 precatur

1942 1684 2009 1721 ex
2074 1668 2332 1735 nomine,
2398 1669 2593 1723 dicens
2644 1686 2656 1722 :
2710 1670 2861 1723 Mitte
2924 1671 3220 1733 Lazarum,
3283 1679 3347 1725 ut
3409 1674 3657 1743 intingat

1942 1763 2256 1810 extremum
2311 1757 2476 1826 digiti
2535 1759 2623 1810 sui
2675 1758 2735 1810 in
2791 1774 3021 1827 aquam,
3057 1762 3118 1809 ut
3168 1758 3482 1829 refrigeret
3541 1764 3653 1816 lin-

1940 1860 2112 1915 gnam
2163 1861 2367 1898 meam.
2404 1847 2465 1899 In
2501 1863 2616 1915 qua
2658 1846 2918 1898 videlicet
2966 1845 3298 1913 cognitione
3352 1851 3652 1921 utriusque

1939 1934 2116 2002 partis
2147 1934 2410 1987 cumulus
2443 1933 2838 1986 retributionis
2870 1933 3159 1997 excrescit,
3198 1941 3254 1988 et
3280 1943 3341 1990 ut
3371 1939 3503 1992 boni
3534 1956 3653 1992 am-

1938 2020 2090 2090 plius
2128 2021 2419 2091 gaudeant
2454 2037 2465 2073 :
2501 2020 2639 2090 quia
2670 2036 2859 2073 secum
2897 2036 2992 2073 eos
3024 2021 3206 2073 laetari
3256 2026 3644 2095 conspiciunt,

1938 2126 2083 2180 quos
2130 2115 2467 2163 amaverunt
2500 2126 2512 2162 :
2547 2115 2605 2162 et
2637 2109 2773 2162 mali
2802 2110 2939 2162 dum
2970 2124 3096 2161 cum
3144 2109 3228 2160 eis
3274 2116 3645 2183 torquentur,

1938 2213 2079 2268 quos
2106 2197 2165 2251 in
2196 2198 2303 2250 hoc
2334 2197 2548 2250 mundo
2575 2196 2844 2265 despecto
2876 2197 2990 2249 Deo
3023 2196 3369 2263 dilexerunt,
3404 2217 3498 2253 eos
3530 2218 3645 2255 non

1937 2287 2124 2339 solum
2174 2302 2294 2351 sua,
2355 2286 2451 2337 sed
2486 2286 2659 2337 etiam
2712 2300 2913 2338 eorum
2964 2300 3132 2353 poena
3178 2294 3505 2341 consumat.
3560 2289 3649 2342 Fit

1937 2380 2131 2428 autem
2177 2374 2237 2426 in
2268 2374 2462 2426 electis
2509 2374 2783 2443 quiddam
2836 2373 3153 2427 mirabilius
3189 2391 3201 2427 :
3238 2376 3377 2444 quia
3406 2394 3520 2430 non
3555 2394 3647 2429 so-

1937 2464 2055 2516 lum
2107 2478 2205 2515 eos
2234 2469 2592 2531 cognoscunt
2642 2478 2785 2531 quos
2834 2462 2893 2515 in
2925 2462 3030 2515 hoc
3061 2463 3280 2515 mundo
3334 2468 3645 2529 noverunt,

1936 2552 2033 2605 sed
2063 2550 2217 2603 velut
2246 2550 2394 2602 visos
2424 2565 2488 2601 ac
2517 2550 2779 2616 cognitos
2810 2559 3225 2620 recognoscunt
3261 2551 3461 2618 bonos,
3495 2568 3649 2622 quos

1936 2652 2234 2708 nunquam
2268 2638 2549 2690 viderunt.
2592 2639 2731 2691 Nam
2765 2655 2892 2691 cum
2926 2639 3193 2708 antiquos
3224 2650 3419 2708 patres
3452 2640 3509 2691 in
3543 2640 3650 2692 illa

1937 2732 2148 2781 aeterna
2175 2724 2514 2778 hmreditate
2536 2725 2803 2787 viderint.
2827 2727 2908 2780 eis
2938 2728 3211 2794 incogniti
3236 2743 3338 2796 per
3360 2727 3651 2782 visionem

1936 2832 2050 2869 non
2102 2818 2289 2879 erunt,
2348 2829 2491 2883 quos
2542 2813 2604 2867 in
2636 2831 2809 2883 opere
2858 2832 3085 2884 semper
3136 2822 3441 2889 noverunt.
3494 2817 3649 2880 Quia

116 2902 262 2972 quia
306 2902 472 2956 modo
507 2904 833 2957 animarum
875 2920 961 2957 res
993 2902 1393 2957 tantummodo
1445 2905 1653 2974 agitur,
1687 2910 1823 2959 tunc
1855 2906 1895 2961 C
1935 2906 2089 2956 enim
2132 2902 2250 2955 illic
2279 2916 2478 2954 omnes
2527 2903 2823 2956 communi
2874 2904 3129 2956 claritate
3164 2905 3342 2956 Deum
3400 2904 3641 2974 conspi-

118 2997 317 3044 autem
360 2991 681 3045 animarum
736 2991 909 3045 simul
959 2994 1013 3044 et
1070 3006 1376 3060 corporum
1426 2992 1608 3062 gloria
1657 2994 1819 3047 lazta-

116 3080 357 3134 buntur.

119 3187 255 3241 Car.
290 3186 485 3239 LXVII.
536 3214 608 3226 —
640 3185 718 3238 De
764 3186 877 3250 hoc,
929 3188 979 3239 si
1006 3187 1131 3239 boni
1161 3186 1319 3239 bonos
1360 3187 1416 3239 in
1447 3202 1629 3254 regno,
1663 3189 1745 3241 vel
1773 3190 1822 3241 si

444 3258 575 3310 mali
604 3257 774 3309 malos
800 3258 855 3309 in
885 3259 1153 3325 supplicio
1183 3263 1499 3325 agnoscant.

196 3346 305 3411 (Ea:
336 3344 529 3398 eodem.
565 3347 709 3399 Petr.
746 3346 845 3396 int.
884 3346 1046 3411 Greg.
1096 3346 1266 3414 resp.)
1302 3346 1472 3399 Nosse
1513 3346 1733 3406 vellem,
1774 3346 1821 3400 si

122 3434 264 3488 boni
308 3433 484 3486 bonos
534 3433 590 3485 in
632 3448 830 3502 regno,
877 3434 963 3487 vel
1012 3432 1148 3487 mali
1192 3434 1372 3486 malos
1420 3434 1480 3486 in
1529 3434 1821 3504 suppliciis

120 3528 451 3597 agnoscant.
477 3549 549 3561 -—
581 3520 764 3589 llujus
797 3521 876 3573 rei
909 3521 1191 3574 sententia
1224 3520 1279 3572 in
1312 3521 1497 3573 verbis
1523 3527 1608 3572 est
1643 3521 1822 3574 domi.

121 3609 292 3673 nicis,
344 3626 515 3679 quam
558 3610 677 3678 jam
715 3610 976 3678 superius
1025 3608 1392 3678 protulimus,
1441 3610 1560 3661 luce
1614 3608 1821 3661 clarius

120 3700 533 3753 demonstrata.
588 3698 649 3750 In
703 3698 914 3767 quibus
961 3713 1089 3750 cum
1140 3696 1352 3750 dictum
1407 3702 1599 3749 esset:
1641 3698 1819 3749 Homo

123 3786 363 3857 quidam
396 3791 515 3838 erat
564 3786 740 3849 dives,
786 3791 841 3838 et
871 3785 1219 3838 induebatur
1258 3801 1509 3854 purpura
1544 3790 1598 3837 et
1629 3785 1816 3855 bysso,

123 3882 182 3928 et
227 3874 565 3943 epulabatur
622 3872 880 3944 quotidie
939 3873 1278 3942 splendide:
1315 3878 1370 3926 et
1418 3879 1538 3926 erat
1586 3872 1820 3942 quidam

124 3961 422 4015 mendicus
459 3960 691 4015 nomine
754 3960 1016 4024 Lazarus,
1066 3960 1165 4029 qui
1209 3960 1434 4029 jacebat
1486 3960 1551 4013 ad
1579 3960 1819 4029 januam

125 4052 250 4120 ejus
283 4050 565 4103 ulceribus
598 4050 823 4120 plenus,
866 4049 1101 4118 cupiens
1133 4048 1372 4101 saturari
1403 4049 1470 4101 de
1502 4048 1659 4100 micis
1690 4063 1820 4117 qum

125 4138 402 4193 cadebant
431 4139 500 4192 de
551 4154 745 4191 mensa
793 4137 1005 4201 divitis,
1039 4141 1095 4189 et
1144 4152 1314 4189 nemo
1346 4136 1430 4189 illi
1473 4136 1666 4202 dabat;
1720 4138 1819 4191 sed

124 4232 182 4280 et
231 4243 397 4279 canes
431 4227 756 4294 veniebant,
806 4231 861 4278 et
890 4224 1186 4295 lingebant
1233 4226 1422 4278 ulcera
1465 4224 1625 4293 ejus;
1677 4227 1814 4280 sub-

114 4316 386 4386 junctum
438 4319 538 4378 est,
593 4314 744 4384 quod
795 4314 1030 4367 Lazarus
1083 4318 1339 4365 mortuus
1400 4319 1720 4382 portaretur
1751 4315 1819 4369 ab

125 4404 349 4473 angelis
386 4404 442 4456 in
480 4404 668 4456 sinum
704 4403 965 4468 Abrahae,
999 4408 1055 4454 et
1088 4408 1347 4454 mortuus
1379 4402 1534 4455 dives
1567 4406 1821 4471 sepultus

125 4499 212 4547 est
253 4493 310 4545 in
363 4492 607 4545 inferno.
655 4490 763 4554 Qui
795 4492 1023 4543 elevans
1070 4492 1262 4542 oculos
1296 4507 1447 4555 suos,
1498 4506 1625 4543 cum
1675 4498 1821 4546 esset

124 4582 182 4634 in
218 4578 541 4641 tormentis,
575 4578 716 4630 vidit
762 4580 1048 4632 Abraham
1078 4595 1109 4629 a
1144 4580 1330 4647 longe,
1374 4585 1429 4630 et
1458 4579 1729 4633 Lazarum
1764 4582 1821 4634 in

126 4670 253 4723 sinu
306 4668 451 4737 ejus,
488 4670 542 4718 et
584 4666 707 4734 ipse
758 4667 1029 4733 clamans,
1077 4666 1217 4719 dixit
1252 4684 1265 4720 :
1302 4669 1463 4720 Pater
1512 4668 1818 4735 Abraham,

128 4758 402 4811 miserere
454 4753 589 4816 mei,
625 4758 681 4806 et
726 4754 888 4807 mitte
923 4756 1218 4822 Lazarum,
1268 4762 1329 4809 ut
1362 4756 1608 4827 intingat
1637 4762 1820 4812 extre-

128 4862 289 4901 mum
311 4843 475 4915 digiti
497 4842 585 4895 sui
606 4844 663 4895 in
683 4858 912 4912 aquam,
940 4849 1000 4896 ut
1024 4843 1318 4912 refrigeret
1342 4845 1592 4913 linguam
1612 4862 1818 4900 meam.

128 4936 235 4989 Cui
275 4932 559 4987 Abraham
613 4932 791 4984 dicit:
830 4931 953 4995 Fili,
1008 4932 1326 4997 recordare,
1381 4933 1515 5003 quia
1560 4935 1821 5003 recepisti

125 5023 280 5076 bona
313 5021 369 5074 in
401 5021 514 5073 vita
563 5026 680 5085 tua,
728 5025 782 5072 et
830 5019 1070 5073 Lazarus
1124 5020 1386 5073 similiter
1432 5021 1597 5073 mala.
1661 5022 1823 5075 Dives

124 5114 320 5161 autem
354 5107 422 5159 de
471 5108 657 5175 seipso
697 5107 817 5175 jam
868 5123 1028 5176 spem
1064 5107 1262 5160 salutis
1313 5124 1426 5160 non
1484 5089 1721 5174 habens,
1751 5110 1821 5164 ad

127 5196 569 5267 promerendam
622 5211 855 5249 suorum
888 5196 1129 5249 salutem
1178 5196 1547 5261 convertitur,
1582 5195 1774 5248 dicens
1808 5213 1820 5249 :

133 5287 293 5353 Rogo
324 5289 398 5348 te,
432 5290 614 5353 pater,
644 5290 706 5337 ut
736 5284 926 5338 mittas
956 5301 1089 5338 eum
1124 5284 1182 5337 in
1206 5284 1441 5337 domum
1466 5285 1641 5352 patris
1674 5284 1822 5337 mei.

128 5373 316 5427 habeo
347 5372 499 5425 enim
547 5373 803 5443 quinque
860 5374 1082 5438 fratres,
1119 5378 1179 5424 ut
1224 5378 1461 5424 testetur
1502 5371 1633 5431 illis,
1672 5387 1739 5422 ne
1770 5376 1826 5423 et

132 5460 243 5529 ipsi
295 5459 524 5512 veniant
568 5459 626 5511 in
676 5461 864 5515 locum
911 5461 1066 5515 hunc
1119 5464 1559 5513 tormentorum.
1611 5458 1826 5521 Quibus

1930 3345 2161 3399 fuerunt

1932 3386 2181 3409 ...........,
2254 3386 2441 3397 ,νυ-..η
2506 3386 2654 3409 .......,
2713 3386 2770 3397 η.
2838 3386 2977 3398 ην...
3046 3386 3135 3398 υ...
3186 3386 3368 3400 mm...
3428 3386 3630 3400 ,νηυιμ

1932 3432 2294 3501 prophetam,
2348 3432 2697 3485 Ezechielem
2748 3449 2979 3502 quoque
3013 3440 3068 3484 et
3118 3435 3411 3488 Danielem
3461 3434 3631 3503 coepit

1933 2991 2111 3052 ciunt,
2143 2990 2282 3060 quid
2316 2995 2401 3043 est
2422 2990 2573 3060 quod
2602 2991 2676 3043 ibi
2705 2992 2973 3053 nesciant,
3008 2992 3104 3045 ubi
3140 2992 3413 3045 scientem
3439 2994 3640 3048 omnia

1934 3078 2168 3134 sciunt?
2217 3079 2357 3133 Nam
2392 3080 2626 3150 quidam
2661 3087 2854 3133 noster
2885 3086 2940 3133 et
2970 3080 3099 3133 vitae
3150 3082 3491 3134 venerabilis
3526 3082 3631 3149 vir,

1932 3169 2350 3238 religiosusque
2401 3169 2561 3221 valde
2612 3174 2669 3222 et
2716 3169 3041 3234 laudabilis,
3086 3185 3218 3223 cum
3270 3176 3401 3223 ante
3448 3169 3629 3223 trien-

1933 3257 2095 3311 nium
2144 3262 2487 3315 moreretur,
2537 3256 2681 3309 sicut
2728 3257 2982 3327 religiosi
3025 3257 3142 3323 alii,
3191 3258 3289 3328 qui
3326 3263 3631 3327 prae~entes

2249 3344 2441 3397 testati
2506 3350 2654 3409 sunt,
2713 3344 2770 3397 in
2838 3346 2977 3398 hora
3046 3346 3135 3398 sui
3186 3346 3368 3400 exitus
3428 3348 3630 3400 Jonam

1933 3520 2204 3589 aspicere.
2267 3518 2418 3581 Quos
2466 3520 2603 3572 dum
2664 3519 2879 3571 venisse
2931 3519 2999 3571 ad
3050 3537 3108 3572 se
3140 3522 3370 3583 diceret,
3429 3529 3486 3572 et
3532 3522 3628 3574 de-

1930 3607 2145 3677 pressis
2175 3606 2487 3659 luminibus
2508 3608 2587 3659 eis
2610 3607 2938 3660 reverentia).
2962 3605 3301 3679 obsequium
3327 3610 3628 3678 praeberet,

1932 3711 1995 3748 ex
2025 3710 2194 3747 carne
2226 3693 2461 3747 eductus
2480 3700 2582 3746 est.
2617 3694 2739 3757 Qua
2761 3694 2817 3745 in
2852 3710 2910 3746 re
2941 3704 3137 3762 aperte
3162 3699 3327 3750 datur
3360 3697 3624 3765 intelligi,

1932 3799 2060 3853 quas
2092 3782 2200 3835 erit
2232 3782 2290 3834 in
2321 3781 2419 3834 illa
2468 3780 2884 3849 incorruptibili
2917 3782 3027 3834 vita
3063 3786 3285 3850 notitia,
3318 3784 3363 3838 si
3411 3785 3494 3836 vir
3524 3785 3627 3839 iste

1931 3872 2119 3925 adhuc
2160 3872 2219 3924 in
2249 3886 2417 3923 carne
2463 3870 2821 3939 corruptibili
2871 3870 3109 3939 positus,
3150 3874 3459 3942 prophetas
3506 3890 3629 3925 san-

1931 3965 2071 4027 ctos,
2124 3975 2268 4029 quos
2302 3958 2574 4011 nimirum
2622 3974 2917 4027 nunquam
2952 3958 3113 4024 vidit,
3169 3961 3422 4027 agnovit.
3476 3961 3629 4015 Solet

1932 4054 2121 4102 autem
2168 4047 2507 4117 plerumque
2556 4046 2914 4116 contingere,
2967 4052 3028 4099 ut
3082 4065 3380 4119 egressura
3437 4049 3628 4103 anima

1935 4154 2033 4190 eos
2080 4138 2252 4191 etiam
2300 4140 2668 4205 recognoscat
2720 4150 2848 4187 cum
2892 4135 3101 4205 quibus
3146 4153 3248 4206 pro
3299 4137 3627 4206 aequalitate

1935 4228 2254 4295 culparum,
2307 4222 2393 4275 vel
2444 4222 2613 4275 etiam
2650 4221 3045 4292 praemiorum,
3095 4224 3155 4277 in
3184 4240 3298 4277 una
3346 4230 3429 4278 est
3460 4242 3627 4279 man-

1933 4313 2093 4368 sione
2125 4311 2448 4383 deputanda
2484 4328 2496 4364 :
2532 4311 2683 4380 quod
2715 4310 2883 4364 multi
2919 4310 2977 4364 in
3009 4328 3075 4365 eo
3107 4313 3262 4366 exitu
3309 4313 3502 4367 vident
3529 4314 3628 4385 qui

1932 4406 2029 4455 aut
2058 4401 2117 4454 in
2147 4414 2325 4468 regno
2354 4403 2453 4451 aut
2483 4399 2541 4451 in
2573 4398 2854 4468 supplicio
2891 4414 3056 4467 pares
3088 4400 3469 4455 habebuntur.

1934 4508 2060 4562 CAP.
2110 4505 2342 4561 LXVIII.
2380 4534 2441 4544 —
2477 4508 2551 4559 De
2582 4505 2696 4569 hoc,
2728 4507 2778 4558 si
2815 4508 2961 4570 ignis
3010 4510 3368 4573 purgatorius
3402 4509 3628 4562 creden-

1933 4579 2034 4633 dus
2063 4582 2156 4642 sit,
2199 4579 2296 4646 qui
2335 4581 2456 4645 post
2485 4582 2705 4630 mortem
2749 4578 2965 4629 animas
2997 4593 3028 4629 α
3071 4581 3303 4644 peccatis
3342 4585 3624 4646 expurget.

2005 4666 2112 4735 (Em
2141 4664 2337 4717 eodem.
2375 4665 2518 4717 Petr.
2565 4665 2664 4715 int.
2702 4662 2860 4727 Greg.
2893 4666 3063 4729 resp.)
3100 4664 3321 4717 Discere
3348 4666 3548 4719 vellem
3582 4666 3629 4718 si

1932 4761 2058 4824 post
2091 4758 2329 4807 mortem
2367 4750 2515 4819 ignis
2543 4750 2909 4819 purgatorius
2940 4766 3062 4803 esse
3092 4752 3409 4805 credendus
3439 4758 3539 4808 est.
3558 4782 3630 4795 —

1933 4843 1994 4895 In
2026 4839 2326 4909 Evangelio
2374 4836 2648 4890 Dominus
2692 4836 2829 4890 dicit
2862 4853 2875 4890 :
2908 4838 3229 4902 Ambulate,
3270 4838 3406 4892 dum
3443 4841 3627 4894 lucem

1932 4929 2173 4984 habetis.
2209 4928 2315 4981 Per
2357 4924 2693 4995 prophetam
2736 4942 2967 4995 quoque
2999 4927 3080 4979 ait
3114 4942 3129 4979 :
3159 4929 3436 4997 Tempore
3469 4944 3625 4981 acce-

1933 5023 2030 5089 pto
2080 5013 2342 5069 exaudivi
2376 5018 2443 5073 te,
2501 5012 2647 5066 etin
2697 5012 2788 5066 die
2841 5014 3040 5067 salutis
3097 5015 3289 5084 adjuvi
3338 5021 3413 5070 te.
3468 5016 3627 5081 Quod

1936 5105 2141 5160 Paulus
2170 5102 2459 5171 apostolus
2488 5116 2802 5168 exponens,
2833 5102 2975 5155 dixit
3009 5118 3020 5153 :
3049 5103 3183 5155 Ecce
3213 5120 3367 5157 nunc
3398 5108 3627 5175 tempus

1933 5190 2298 5263 acceptabile,
2345 5194 2450 5243 etc.
2503 5190 2772 5243 Salomon
2807 5206 3037 5261 quoque
3070 5190 3147 5243 ait
3191 5208 3203 5243 :
3240 5192 3628 5263 Quodcunque

1934 5285 2117 5352 potest
2144 5295 2347 5333 manus
2374 5284 2471 5331 tua
2501 5278 2705 5341 facere,
2735 5277 3012 5331 instanter
3039 5293 3276 5347 operare
3312 5294 3325 5332 :
3360 5280 3495 5348 quia
3524 5296 3628 5334 nec

1935 5386 2098 5439 opus,
2130 5385 2233 5421 nec
2264 5367 2428 5431 ratio,
2457 5382 2559 5420 nec
2602 5367 2862 5433 scientia,
2894 5383 2992 5419 nec
3024 5365 3305 5435 sapientia
3335 5366 3445 5419 erit
3474 5369 3624 5435 apud

1936 5458 2162 5522 inferos,
2197 5472 2312 5527 quo
2344 5460 2405 5510 tu
2438 5470 2729 5526 properas.
2758 5454 2929 5510 David
2951 5470 3181 5525 quoque
3202 5454 3318 5508 ait:
3342 5454 3625 5518 Quoniam
