  <div class='ocr_page' id='page_1' title='image "/cluster/home/n/w/nwhite01/storage/ocr_20150623/140/hvd.32044054760004/527.png"; bbox 0 0 4014 6200; ppageno 0'>
   <div class='ocr_carea' id='block_1_1' title="bbox 387 259 514 312">
    <p class='ocr_par' dir='ltr' id='par_1_1' title="bbox 387 259 514 312">
     <span class='ocr_line' id='line_1_1' title="bbox 387 259 514 312; baseline 0.024 -3"><span class='ocrx_word' id='word_1_1' title='bbox 387 259 514 312; x_wconf 78' lang='grc'>1043</span> 
     </span>
    </p>
   </div>
   <div class='ocr_carea' id='block_1_2' title="bbox 1462 264 2873 322">
    <p class='ocr_par' dir='ltr' id='par_1_2' title="bbox 1462 264 2873 322">
     <span class='ocr_line' id='line_1_2' title="bbox 1462 264 2873 322; baseline 0 -6"><span class='ocrx_word' id='word_1_2' title='bbox 1462 264 1868 319; x_wconf 78' lang='lat' dir='ltr'><strong>BUBCIIARDI</strong></span> <span class='ocrx_word' id='word_1_3' title='bbox 1909 264 2438 321; x_wconf 77' lang='lat' dir='ltr'>WORMACIENSIS</span> <span class='ocrx_word' id='word_1_4' title='bbox 2476 266 2806 322; x_wconf 87' lang='lat' dir='ltr'>EPISCOPI.</span> <span class='ocrx_word' id='word_1_5' title='bbox 2869 314 2873 316; x_wconf 77' lang='lat'>.</span> 
     </span>
    </p>
   </div>
   <div class='ocr_carea' id='block_1_3' title="bbox 3757 270 3904 321">
    <p class='ocr_par' dir='ltr' id='par_1_3' title="bbox 3757 270 3904 321">
     <span class='ocr_line' id='line_1_3' title="bbox 3757 270 3904 321; baseline 0 0"><span class='ocrx_word' id='word_1_6' title='bbox 3757 270 3904 321; x_wconf 63' lang='grc' dir='ltr'>ιο-ιῑ</span> 
     </span>
    </p>
   </div>
   <div class='ocr_carea' id='block_1_4' title="bbox 379 380 3906 463">
    <p class='ocr_par' dir='ltr' id='par_1_4' title="bbox 379 380 3906 463">
     <span class='ocr_line' id='line_1_4' title="bbox 379 380 3906 463; baseline 0.004 -29"><span class='ocrx_word' id='word_1_7' title='bbox 379 380 439 435; x_wconf 91' lang='lat' dir='ltr'>in</span> <span class='ocrx_word' id='word_1_8' title='bbox 469 382 740 436; x_wconf 79' lang='lat' dir='ltr'>saeculum</span> <span class='ocrx_word' id='word_1_9' title='bbox 790 382 1184 439; x_wconf 82' lang='lat' dir='ltr'>misericordia</span> <span class='ocrx_word' id='word_1_10' title='bbox 1231 385 1370 454; x_wconf 86' lang='lat' dir='ltr'>ejus.</span> <span class='ocrx_word' id='word_1_11' title='bbox 1425 387 1498 440; x_wconf 88' lang='lat' dir='ltr'>Ex</span> <span class='ocrx_word' id='word_1_12' title='bbox 1543 387 1751 458; x_wconf 88' lang='lat' dir='ltr'>quibus</span> <span class='ocrx_word' id='word_1_13' title='bbox 1799 389 2072 443; x_wconf 91' lang='lat' dir='ltr'>nimirum</span> <span class='ocrx_word' id='word_1_14' title='bbox 2103 392 2148 444; x_wconf 82' lang='lat' dir='ltr'><strong>A</strong></span> <span class='ocrx_word' id='word_1_15' title='bbox 2190 391 2346 444; x_wconf 85' lang='lat' dir='ltr'>valde</span> <span class='ocrx_word' id='word_1_16' title='bbox 2385 391 2576 459; x_wconf 88' lang='lat' dir='ltr'>bonis,</span> <span class='ocrx_word' id='word_1_17' title='bbox 2628 397 2693 446; x_wconf 89' lang='lat' dir='ltr'>ut</span> <span class='ocrx_word' id='word_1_18' title='bbox 2722 393 2892 463; x_wconf 89' lang='lat' dir='ltr'>plena</span> <span class='ocrx_word' id='word_1_19' title='bbox 2940 393 3205 447; x_wconf 72' lang='lat' dir='ltr'>remissio</span> <span class='ocrx_word' id='word_1_20' title='bbox 3255 393 3373 447; x_wconf 86' lang='lat' dir='ltr'>ﬁat.</span> <span class='ocrx_word' id='word_1_21' title='bbox 3408 395 3515 447; x_wconf 87' lang='lat' dir='ltr'>Pro</span> <span class='ocrx_word' id='word_1_22' title='bbox 3563 410 3680 447; x_wconf 91' lang='lat' dir='ltr'>non</span> <span class='ocrx_word' id='word_1_23' title='bbox 3730 394 3906 448; x_wconf 81' lang='lat' dir='ltr'>valde</span> 
     </span>
    </p>
   </div>
   <div class='ocr_carea' id='block_1_5' title="bbox 379 471 2077 547">
    <p class='ocr_par' dir='ltr' id='par_1_5' title="bbox 379 471 2077 547">
     <span class='ocr_line' id='line_1_5' title="bbox 379 471 2077 547; baseline 0.006 -24"><span class='ocrx_word' id='word_1_24' title='bbox 379 471 679 524; x_wconf 76' lang='lat' dir='ltr'>sententiis</span> <span class='ocrx_word' id='word_1_25' title='bbox 728 477 952 526; x_wconf 82' lang='lat' dir='ltr'>constat</span> <span class='ocrx_word' id='word_1_26' title='bbox 998 474 1133 544; x_wconf 90' lang='lat' dir='ltr'>quia</span> <span class='ocrx_word' id='word_1_27' title='bbox 1162 474 1346 543; x_wconf 87' lang='lat' dir='ltr'>qualis</span> <span class='ocrx_word' id='word_1_28' title='bbox 1377 474 1509 528; x_wconf 91' lang='lat' dir='ltr'>hinc</span> <span class='ocrx_word' id='word_1_29' title='bbox 1558 477 1804 547; x_wconf 88' lang='lat' dir='ltr'>quisque</span> <span class='ocrx_word' id='word_1_30' title='bbox 1849 479 2077 547; x_wconf 83' lang='lat' dir='ltr'>egredi-</span> 
     </span>
    </p>
   </div>
   <div class='ocr_carea' id='block_1_6' title="bbox 380 559 2078 637">
    <p class='ocr_par' dir='ltr' id='par_1_6' title="bbox 380 559 2078 637">
     <span class='ocr_line' id='line_1_6' title="bbox 380 559 2078 637; baseline 0.006 -26"><span class='ocrx_word' id='word_1_31' title='bbox 380 562 494 624; x_wconf 86' lang='lat' dir='ltr'>tur,</span> <span class='ocrx_word' id='word_1_32' title='bbox 532 559 660 612; x_wconf 89' lang='lat' dir='ltr'>talis</span> <span class='ocrx_word' id='word_1_33' title='bbox 690 559 750 613; x_wconf 88' lang='lat' dir='ltr'>in</span> <span class='ocrx_word' id='word_1_34' title='bbox 772 561 992 631; x_wconf 91' lang='lat' dir='ltr'>judicio</span> <span class='ocrx_word' id='word_1_35' title='bbox 1035 567 1431 632; x_wconf 65' lang='lat' dir='ltr'>praesentatur.</span> <span class='ocrx_word' id='word_1_36' title='bbox 1467 564 1573 618; x_wconf 85' lang='lat' dir='ltr'>Sed</span> <span class='ocrx_word' id='word_1_37' title='bbox 1607 571 1796 620; x_wconf 90' lang='lat' dir='ltr'>tamen</span> <span class='ocrx_word' id='word_1_38' title='bbox 1843 568 1911 620; x_wconf 89' lang='lat' dir='ltr'>de</span> <span class='ocrx_word' id='word_1_39' title='bbox 1942 567 2078 637; x_wconf 84' lang='lat' dir='ltr'>qui-</span> 
     </span>
    </p>
   </div>
   <div class='ocr_carea' id='block_1_7' title="bbox 380 646 2076 725">
    <p class='ocr_par' dir='ltr' id='par_1_7' title="bbox 380 646 2076 725">
     <span class='ocr_line' id='line_1_7' title="bbox 380 646 2076 725; baseline 0.006 -25"><span class='ocrx_word' id='word_1_40' title='bbox 380 646 622 700; x_wconf 81' lang='lat' dir='ltr'>busdam</span> <span class='ocrx_word' id='word_1_41' title='bbox 671 648 888 702; x_wconf 84' lang='lat' dir='ltr'>levibus</span> <span class='ocrx_word' id='word_1_42' title='bbox 919 650 1100 719; x_wconf 89' lang='lat' dir='ltr'>culpis</span> <span class='ocrx_word' id='word_1_43' title='bbox 1145 666 1264 703; x_wconf 91' lang='lat' dir='ltr'>esse</span> <span class='ocrx_word' id='word_1_44' title='bbox 1297 658 1425 705; x_wconf 90' lang='lat' dir='ltr'>ante</span> <span class='ocrx_word' id='word_1_45' title='bbox 1463 653 1748 723; x_wconf 84' lang='lat' dir='ltr'>judicium</span> <span class='ocrx_word' id='word_1_46' title='bbox 1798 662 2076 725; x_wconf 90' lang='lat' dir='ltr'>purgato-</span> 
     </span>
    </p>
   </div>
   <div class='ocr_carea' id='block_1_8' title="bbox 384 735 2074 812">
    <p class='ocr_par' dir='ltr' id='par_1_8' title="bbox 384 735 2074 812">
     <span class='ocr_line' id='line_1_8' title="bbox 384 735 2074 812; baseline 0.006 -24"><span class='ocrx_word' id='word_1_47' title='bbox 384 735 502 789; x_wconf 89' lang='lat' dir='ltr'>rius</span> <span class='ocrx_word' id='word_1_48' title='bbox 558 736 707 806; x_wconf 85' lang='lat' dir='ltr'>ignis</span> <span class='ocrx_word' id='word_1_49' title='bbox 754 739 1072 792; x_wconf 86' lang='lat' dir='ltr'>credendus</span> <span class='ocrx_word' id='word_1_50' title='bbox 1129 745 1234 806; x_wconf 89' lang='lat' dir='ltr'>est,</span> <span class='ocrx_word' id='word_1_51' title='bbox 1287 756 1352 793; x_wconf 90' lang='lat' dir='ltr'>eo</span> <span class='ocrx_word' id='word_1_52' title='bbox 1410 742 1562 812; x_wconf 91' lang='lat' dir='ltr'>quod</span> <span class='ocrx_word' id='word_1_53' title='bbox 1622 744 1840 797; x_wconf 88' lang='lat' dir='ltr'>Veritas</span> <span class='ocrx_word' id='word_1_54' title='bbox 1898 744 2074 798; x_wconf 85' lang='lat' dir='ltr'>dicit:</span> 
     </span>
    </p>
   </div>
   <div class='ocr_carea' id='block_1_9' title="bbox 385 823 2080 900">
    <p class='ocr_par' dir='ltr' id='par_1_9' title="bbox 385 823 2080 900">
     <span class='ocr_line' id='line_1_9' title="bbox 385 823 2080 900; baseline 0.006 -25"><span class='ocrx_word' id='word_1_55' title='bbox 385 823 520 894; x_wconf 91' lang='lat' dir='ltr'>quia</span> <span class='ocrx_word' id='word_1_56' title='bbox 561 824 608 876; x_wconf 91' lang='lat' dir='ltr'>si</span> <span class='ocrx_word' id='word_1_57' title='bbox 639 824 768 894; x_wconf 89' lang='lat' dir='ltr'>quis</span> <span class='ocrx_word' id='word_1_58' title='bbox 803 825 863 877; x_wconf 92' lang='lat' dir='ltr'>in</span> <span class='ocrx_word' id='word_1_59' title='bbox 910 825 1183 894; x_wconf 84' lang='lat' dir='ltr'>Spiritum</span> <span class='ocrx_word' id='word_1_60' title='bbox 1231 833 1488 881; x_wconf 89' lang='lat' dir='ltr'>sanctum</span> <span class='ocrx_word' id='word_1_61' title='bbox 1541 829 1956 900; x_wconf 82' lang='lat' dir='ltr'>blasphemiam</span> <span class='ocrx_word' id='word_1_62' title='bbox 1999 833 2080 886; x_wconf 91' lang='lat' dir='ltr'>di-</span> 
     </span>
    </p>
   </div>
   <div class='ocr_carea' id='block_1_10' title="bbox 383 911 2080 991">
    <p class='ocr_par' dir='ltr' id='par_1_10' title="bbox 383 911 2080 991">
     <span class='ocr_line' id='line_1_10' title="bbox 383 911 2080 991; baseline 0.006 -26"><span class='ocrx_word' id='word_1_63' title='bbox 383 911 548 977; x_wconf 80' lang='lat' dir='ltr'>xerit,</span> <span class='ocrx_word' id='word_1_64' title='bbox 597 928 703 965; x_wconf 88' lang='lat' dir='ltr'>nec</span> <span class='ocrx_word' id='word_1_65' title='bbox 756 913 814 965; x_wconf 91' lang='lat' dir='ltr'>in</span> <span class='ocrx_word' id='word_1_66' title='bbox 875 913 982 967; x_wconf 91' lang='lat' dir='ltr'>hoc</span> <span class='ocrx_word' id='word_1_67' title='bbox 1030 916 1238 968; x_wconf 86' lang='lat' dir='ltr'>saeculo</span> <span class='ocrx_word' id='word_1_68' title='bbox 1291 918 1612 971; x_wconf 81' lang='lat' dir='ltr'>remittetur</span> <span class='ocrx_word' id='word_1_69' title='bbox 1659 920 1731 986; x_wconf 89' lang='lat' dir='ltr'>ei,</span> <span class='ocrx_word' id='word_1_70' title='bbox 1783 937 1969 991; x_wconf 89' lang='lat' dir='ltr'>neque</span> <span class='ocrx_word' id='word_1_71' title='bbox 2018 921 2080 974; x_wconf 88' lang='lat' dir='ltr'>in</span> 
     </span>
    </p>
   </div>
   <div class='ocr_carea' id='block_1_11' title="bbox 386 1000 2078 1079">
    <p class='ocr_par' dir='ltr' id='par_1_11' title="bbox 386 1000 2078 1079">
     <span class='ocr_line' id='line_1_11' title="bbox 386 1000 2078 1079; baseline 0.005 -25"><span class='ocrx_word' id='word_1_72' title='bbox 386 1000 596 1054; x_wconf 84' lang='lat' dir='ltr'>futuro.</span> <span class='ocrx_word' id='word_1_73' title='bbox 669 1002 730 1053; x_wconf 90' lang='lat' dir='ltr'><strong>In</strong></span> <span class='ocrx_word' id='word_1_74' title='bbox 781 1018 894 1070; x_wconf 91' lang='lat' dir='ltr'>qua</span> <span class='ocrx_word' id='word_1_75' title='bbox 938 1004 1222 1057; x_wconf 85' lang='lat' dir='ltr'>sententia</span> <span class='ocrx_word' id='word_1_76' title='bbox 1271 1004 1438 1058; x_wconf 87' lang='lat' dir='ltr'>datur</span> <span class='ocrx_word' id='word_1_77' title='bbox 1489 1006 1750 1078; x_wconf 84' lang='lat' dir='ltr'>intelligi,</span> <span class='ocrx_word' id='word_1_78' title='bbox 1801 1009 2078 1079; x_wconf 89' lang='lat' dir='ltr'>quasdam</span> 
     </span>
    </p>
   </div>
   <div class='ocr_carea' id='block_1_12' title="bbox 386 1086 2080 1166">
    <p class='ocr_par' dir='ltr' id='par_1_12' title="bbox 386 1086 2080 1166">
     <span class='ocr_line' id='line_1_12' title="bbox 386 1086 2080 1166; baseline 0.006 -27"><span class='ocrx_word' id='word_1_79' title='bbox 386 1086 582 1156; x_wconf 80' lang='lat' dir='ltr'>culpas</span> <span class='ocrx_word' id='word_1_80' title='bbox 611 1087 672 1140; x_wconf 89' lang='lat' dir='ltr'>in</span> <span class='ocrx_word' id='word_1_81' title='bbox 704 1087 809 1140; x_wconf 86' lang='lat' dir='ltr'>hoc</span> <span class='ocrx_word' id='word_1_82' title='bbox 856 1091 1085 1156; x_wconf 68' lang='lat' dir='ltr'>sasculo,</span> <span class='ocrx_word' id='word_1_83' title='bbox 1119 1092 1397 1161; x_wconf 88' lang='lat' dir='ltr'>quasdam</span> <span class='ocrx_word' id='word_1_84' title='bbox 1427 1109 1557 1147; x_wconf 87' lang='lat' dir='ltr'>vero</span> <span class='ocrx_word' id='word_1_85' title='bbox 1587 1094 1646 1148; x_wconf 90' lang='lat' dir='ltr'>in</span> <span class='ocrx_word' id='word_1_86' title='bbox 1694 1095 1886 1149; x_wconf 87' lang='lat' dir='ltr'>futuro</span> <span class='ocrx_word' id='word_1_87' title='bbox 1917 1112 2080 1166; x_wconf 89' lang='lat' dir='ltr'>posse</span> 
     </span>
    </p>
   </div>
   <div class='ocr_carea' id='block_1_13' title="bbox 388 1174 2080 1252">
    <p class='ocr_par' dir='ltr' id='par_1_13' title="bbox 388 1174 2080 1252">
     <span class='ocr_line' id='line_1_13' title="bbox 388 1174 2080 1252; baseline 0.007 -25"><span class='ocrx_word' id='word_1_88' title='bbox 388 1174 650 1230; x_wconf 85' lang='lat' dir='ltr'>relaxari.</span> <span class='ocrx_word' id='word_1_89' title='bbox 719 1176 880 1240; x_wconf 84' lang='lat' dir='ltr'>Quod</span> <span class='ocrx_word' id='word_1_90' title='bbox 965 1179 1119 1232; x_wconf 90' lang='lat' dir='ltr'>enim</span> <span class='ocrx_word' id='word_1_91' title='bbox 1187 1181 1257 1234; x_wconf 93' lang='lat' dir='ltr'>de</span> <span class='ocrx_word' id='word_1_92' title='bbox 1344 1198 1461 1236; x_wconf 89' lang='lat' dir='ltr'>uno</span> <span class='ocrx_word' id='word_1_93' title='bbox 1542 1188 1816 1252; x_wconf 82' lang='lat' dir='ltr'>negatur,</span> <span class='ocrx_word' id='word_1_94' title='bbox 1882 1200 2080 1238; x_wconf 91' lang='lat' dir='ltr'>conse-</span> 
     </span>
    </p>
   </div>
   <div class='ocr_carea' id='block_1_14' title="bbox 387 1265 2080 1342">
    <p class='ocr_par' dir='ltr' id='par_1_14' title="bbox 387 1265 2080 1342">
     <span class='ocr_line' id='line_1_14' title="bbox 387 1265 2080 1342; baseline 0.006 -26"><span class='ocrx_word' id='word_1_95' title='bbox 387 1270 631 1334; x_wconf 91' lang='lat' dir='ltr'>quenter</span> <span class='ocrx_word' id='word_1_96' title='bbox 660 1265 980 1321; x_wconf 86' lang='lat' dir='ltr'>intellectus</span> <span class='ocrx_word' id='word_1_97' title='bbox 1036 1273 1194 1337; x_wconf 88' lang='lat' dir='ltr'>patet</span> <span class='ocrx_word' id='word_1_98' title='bbox 1248 1269 1383 1340; x_wconf 85' lang='lat' dir='ltr'>quia</span> <span class='ocrx_word' id='word_1_99' title='bbox 1420 1271 1488 1324; x_wconf 91' lang='lat' dir='ltr'>de</span> <span class='ocrx_word' id='word_1_100' title='bbox 1545 1271 1886 1342; x_wconf 88' lang='lat' dir='ltr'>quibusdam</span> <span class='ocrx_word' id='word_1_101' title='bbox 1940 1290 2080 1327; x_wconf 84' lang='lat' dir='ltr'>con-</span> 
     </span>
    </p>
   </div>
   <div class='ocr_carea' id='block_1_15' title="bbox 387 1353 2080 1431">
    <p class='ocr_par' dir='ltr' id='par_1_15' title="bbox 387 1353 2080 1431">
     <span class='ocr_line' id='line_1_15' title="bbox 387 1353 2080 1431; baseline 0.005 -25"><span class='ocrx_word' id='word_1_102' title='bbox 387 1353 626 1408; x_wconf 88' lang='lat' dir='ltr'>ceditur.</span> <span class='ocrx_word' id='word_1_103' title='bbox 661 1353 768 1408; x_wconf 92' lang='lat' dir='ltr'>Sed</span> <span class='ocrx_word' id='word_1_104' title='bbox 799 1359 1013 1422; x_wconf 88' lang='lat' dir='ltr'>tamen,</span> <span class='ocrx_word' id='word_1_105' title='bbox 1060 1363 1124 1410; x_wconf 91' lang='lat' dir='ltr'>ut</span> <span class='ocrx_word' id='word_1_106' title='bbox 1153 1359 1414 1428; x_wconf 71' lang='lat' dir='ltr'>praedixi,</span> <span class='ocrx_word' id='word_1_107' title='bbox 1443 1359 1551 1413; x_wconf 91' lang='lat' dir='ltr'>hoc</span> <span class='ocrx_word' id='word_1_108' title='bbox 1591 1361 1658 1414; x_wconf 94' lang='lat' dir='ltr'>de</span> <span class='ocrx_word' id='word_1_109' title='bbox 1689 1361 1877 1431; x_wconf 88' lang='lat' dir='ltr'>parvis</span> <span class='ocrx_word' id='word_1_110' title='bbox 1909 1362 2080 1416; x_wconf 91' lang='lat' dir='ltr'>mini-</span> 
     </span>
    </p>
   </div>
   <div class='ocr_carea' id='block_1_16' title="bbox 389 1441 2085 1516">
    <p class='ocr_par' dir='ltr' id='par_1_16' title="bbox 389 1441 2085 1516">
     <span class='ocr_line' id='line_1_16' title="bbox 389 1441 2085 1516; baseline 0.006 -22"><span class='ocrx_word' id='word_1_111' title='bbox 389 1441 612 1512; x_wconf 86' lang='lat' dir='ltr'>misque</span> <span class='ocrx_word' id='word_1_112' title='bbox 664 1445 906 1513; x_wconf 88' lang='lat' dir='ltr'>peccatis</span> <span class='ocrx_word' id='word_1_113' title='bbox 955 1445 1081 1498; x_wconf 84' lang='lat' dir='ltr'>fieri</span> <span class='ocrx_word' id='word_1_114' title='bbox 1129 1462 1294 1516; x_wconf 89' lang='lat' dir='ltr'>posse</span> <span class='ocrx_word' id='word_1_115' title='bbox 1347 1449 1695 1502; x_wconf 82' lang='lat' dir='ltr'>credendum</span> <span class='ocrx_word' id='word_1_116' title='bbox 1744 1454 1828 1503; x_wconf 92' lang='lat' dir='ltr'>est</span> <span class='ocrx_word' id='word_1_117' title='bbox 1877 1467 1889 1504; x_wconf 92' lang='lat'>:</span> <span class='ocrx_word' id='word_1_118' title='bbox 1940 1451 2085 1504; x_wconf 88' lang='lat' dir='ltr'>sicut</span> 
     </span>
    </p>
   </div>
   <div class='ocr_carea' id='block_1_17' title="bbox 390 1527 2081 1604">
    <p class='ocr_par' dir='ltr' id='par_1_17' title="bbox 390 1527 2081 1604">
     <span class='ocr_line' id='line_1_17' title="bbox 390 1527 2081 1604; baseline 0.006 -23"><span class='ocrx_word' id='word_1_119' title='bbox 390 1536 473 1583; x_wconf 90' lang='lat' dir='ltr'>est</span> <span class='ocrx_word' id='word_1_120' title='bbox 515 1529 780 1584; x_wconf 90' lang='lat' dir='ltr'>assiduus</span> <span class='ocrx_word' id='word_1_121' title='bbox 813 1532 1031 1586; x_wconf 92' lang='lat' dir='ltr'>otiosus</span> <span class='ocrx_word' id='word_1_122' title='bbox 1077 1550 1284 1599; x_wconf 89' lang='lat' dir='ltr'>sermo,</span> <span class='ocrx_word' id='word_1_123' title='bbox 1337 1535 1744 1590; x_wconf 85' lang='lat' dir='ltr'>immoderatus</span> <span class='ocrx_word' id='word_1_124' title='bbox 1793 1527 1960 1604; x_wconf 84' lang='lat' dir='ltr'>risus,</span> <span class='ocrx_word' id='word_1_125' title='bbox 1994 1539 2081 1592; x_wconf 88' lang='lat' dir='ltr'>vel</span> 
     </span>
    </p>
   </div>
   <div class='ocr_carea' id='block_1_18' title="bbox 389 1620 2081 1696">
    <p class='ocr_par' dir='ltr' id='par_1_18' title="bbox 389 1620 2081 1696">
     <span class='ocr_line' id='line_1_18' title="bbox 389 1620 2081 1696; baseline 0.007 -27"><span class='ocrx_word' id='word_1_126' title='bbox 389 1623 684 1688; x_wconf 89' lang='lat' dir='ltr'>peccatum</span> <span class='ocrx_word' id='word_1_127' title='bbox 715 1635 862 1673; x_wconf 73' lang='lat' dir='ltr'>curas</span> <span class='ocrx_word' id='word_1_128' title='bbox 893 1620 977 1674; x_wconf 89' lang='lat' dir='ltr'>rei</span> <span class='ocrx_word' id='word_1_129' title='bbox 1015 1621 1356 1677; x_wconf 84' lang='lat' dir='ltr'>familiaris:</span> <span class='ocrx_word' id='word_1_130' title='bbox 1385 1639 1514 1692; x_wconf 68' lang='lat' dir='ltr'>quas</span> <span class='ocrx_word' id='word_1_131' title='bbox 1545 1625 1635 1677; x_wconf 88' lang='lat' dir='ltr'>vix</span> <span class='ocrx_word' id='word_1_132' title='bbox 1670 1624 1788 1678; x_wconf 91' lang='lat' dir='ltr'>sine</span> <span class='ocrx_word' id='word_1_133' title='bbox 1815 1628 1982 1696; x_wconf 90' lang='lat' dir='ltr'>culpa</span> <span class='ocrx_word' id='word_1_134' title='bbox 2012 1626 2081 1680; x_wconf 89' lang='lat' dir='ltr'>ab</span> 
     </span>
    </p>
   </div>
   <div class='ocr_carea' id='block_1_19' title="bbox 389 1705 2086 1780">
    <p class='ocr_par' dir='ltr' id='par_1_19' title="bbox 389 1705 2086 1780">
     <span class='ocr_line' id='line_1_19' title="bbox 389 1705 2086 1780; baseline 0.006 -22"><span class='ocrx_word' id='word_1_135' title='bbox 389 1705 529 1775; x_wconf 83' lang='lat' dir='ltr'>ipsis</span> <span class='ocrx_word' id='word_1_136' title='bbox 576 1706 783 1776; x_wconf 89' lang='lat' dir='ltr'>agitur,</span> <span class='ocrx_word' id='word_1_137' title='bbox 853 1708 952 1778; x_wconf 91' lang='lat' dir='ltr'>qui</span> <span class='ocrx_word' id='word_1_138' title='bbox 994 1710 1189 1779; x_wconf 88' lang='lat' dir='ltr'>culpas</span> <span class='ocrx_word' id='word_1_139' title='bbox 1237 1711 1482 1780; x_wconf 87' lang='lat' dir='ltr'>qualiter</span> <span class='ocrx_word' id='word_1_140' title='bbox 1529 1711 1802 1766; x_wconf 87' lang='lat' dir='ltr'>declinari</span> <span class='ocrx_word' id='word_1_141' title='bbox 1841 1714 2086 1768; x_wconf 82' lang='lat' dir='ltr'>debeant</span> 
     </span>
    </p>
   </div>
   <div class='ocr_carea' id='block_1_20' title="bbox 392 1793 2082 1872">
    <p class='ocr_par' dir='ltr' id='par_1_20' title="bbox 392 1793 2082 1872">
     <span class='ocr_line' id='line_1_20' title="bbox 392 1793 2082 1872; baseline 0.007 -28"><span class='ocrx_word' id='word_1_142' title='bbox 392 1793 597 1861; x_wconf 88' lang='lat' dir='ltr'>sciunt,</span> <span class='ocrx_word' id='word_1_143' title='bbox 631 1800 730 1846; x_wconf 91' lang='lat' dir='ltr'>aut</span> <span class='ocrx_word' id='word_1_144' title='bbox 760 1810 876 1848; x_wconf 89' lang='lat' dir='ltr'>non</span> <span class='ocrx_word' id='word_1_145' title='bbox 921 1796 979 1849; x_wconf 92' lang='lat' dir='ltr'>in</span> <span class='ocrx_word' id='word_1_146' title='bbox 1011 1797 1277 1866; x_wconf 82' lang='lat' dir='ltr'>gravibus</span> <span class='ocrx_word' id='word_1_147' title='bbox 1307 1799 1476 1852; x_wconf 88' lang='lat' dir='ltr'>rebus</span> <span class='ocrx_word' id='word_1_148' title='bbox 1525 1816 1684 1854; x_wconf 91' lang='lat' dir='ltr'>error</span> <span class='ocrx_word' id='word_1_149' title='bbox 1721 1801 2082 1872; x_wconf 66' lang='lat' dir='ltr'>ignorantite,</span> 
     </span>
    </p>
   </div>
   <div class='ocr_carea' id='block_1_21' title="bbox 393 1883 2088 1958">
    <p class='ocr_par' dir='ltr' id='par_1_21' title="bbox 393 1883 2088 1958">
     <span class='ocr_line' id='line_1_21' title="bbox 393 1883 2088 1958; baseline 0.008 -26"><span class='ocrx_word' id='word_1_150' title='bbox 393 1897 523 1951; x_wconf 71' lang='lat' dir='ltr'>quas</span> <span class='ocrx_word' id='word_1_151' title='bbox 571 1887 772 1935; x_wconf 90' lang='lat' dir='ltr'>cuncta</span> <span class='ocrx_word' id='word_1_152' title='bbox 821 1883 993 1938; x_wconf 88' lang='lat' dir='ltr'>etiam</span> <span class='ocrx_word' id='word_1_153' title='bbox 1043 1891 1172 1955; x_wconf 87' lang='lat' dir='ltr'>post</span> <span class='ocrx_word' id='word_1_154' title='bbox 1222 1892 1466 1940; x_wconf 88' lang='lat' dir='ltr'>mortem</span> <span class='ocrx_word' id='word_1_155' title='bbox 1514 1896 1773 1958; x_wconf 85' lang='lat' dir='ltr'>gravant,</span> <span class='ocrx_word' id='word_1_156' title='bbox 1807 1891 1853 1943; x_wconf 92' lang='lat' dir='ltr'>si</span> <span class='ocrx_word' id='word_1_157' title='bbox 1901 1892 2088 1946; x_wconf 86' lang='lat' dir='ltr'>adhuc</span> 
     </span>
    </p>
   </div>
   <div class='ocr_carea' id='block_1_22' title="bbox 395 1969 2090 2041">
    <p class='ocr_par' dir='ltr' id='par_1_22' title="bbox 395 1969 2090 2041">
     <span class='ocr_line' id='line_1_22' title="bbox 395 1969 2090 2041; baseline 0.008 -20"><span class='ocrx_word' id='word_1_158' title='bbox 395 1969 452 2022; x_wconf 92' lang='lat' dir='ltr'>in</span> <span class='ocrx_word' id='word_1_159' title='bbox 485 1969 592 2022; x_wconf 89' lang='lat' dir='ltr'>hac</span> <span class='ocrx_word' id='word_1_160' title='bbox 621 1970 733 2024; x_wconf 88' lang='lat' dir='ltr'>vita</span> <span class='ocrx_word' id='word_1_161' title='bbox 777 1972 980 2041; x_wconf 87' lang='lat' dir='ltr'>positis</span> <span class='ocrx_word' id='word_1_162' title='bbox 1012 1973 1247 2028; x_wconf 90' lang='lat' dir='ltr'>minime</span> <span class='ocrx_word' id='word_1_163' title='bbox 1291 1975 1507 2029; x_wconf 90' lang='lat' dir='ltr'>fuerint</span> <span class='ocrx_word' id='word_1_164' title='bbox 1553 1979 1822 2031; x_wconf 84' lang='lat' dir='ltr'>relaxata.</span> <span class='ocrx_word' id='word_1_165' title='bbox 1863 1980 2002 2033; x_wconf 87' lang='lat' dir='ltr'>Nam</span> <span class='ocrx_word' id='word_1_166' title='bbox 2032 1985 2090 2034; x_wconf 92' lang='lat' dir='ltr'>et</span> 
     </span>
    </p>
   </div>
   <div class='ocr_carea' id='block_1_23' title="bbox 393 2059 2086 2137">
    <p class='ocr_par' dir='ltr' id='par_1_23' title="bbox 393 2059 2086 2137">
     <span class='ocr_line' id='line_1_23' title="bbox 393 2059 2086 2137; baseline 0.008 -28"><span class='ocrx_word' id='word_1_167' title='bbox 393 2073 522 2110; x_wconf 90' lang='lat' dir='ltr'>cum</span> <span class='ocrx_word' id='word_1_168' title='bbox 589 2059 796 2112; x_wconf 88' lang='lat' dir='ltr'>Paulus</span> <span class='ocrx_word' id='word_1_169' title='bbox 868 2060 1016 2115; x_wconf 86' lang='lat' dir='ltr'>dicat</span> <span class='ocrx_word' id='word_1_170' title='bbox 1094 2062 1381 2116; x_wconf 87' lang='lat' dir='ltr'>Christum</span> <span class='ocrx_word' id='word_1_171' title='bbox 1449 2081 1572 2118; x_wconf 91' lang='lat' dir='ltr'>esse</span> <span class='ocrx_word' id='word_1_172' title='bbox 1627 2066 2086 2137; x_wconf 85' lang='lat' dir='ltr'>fundamentum,</span> 
     </span>
    </p>
   </div>
   <div class='ocr_carea' id='block_1_24' title="bbox 394 2146 2089 2226">
    <p class='ocr_par' dir='ltr' id='par_1_24' title="bbox 394 2146 2089 2226">
     <span class='ocr_line' id='line_1_24' title="bbox 394 2146 2089 2226; baseline 0.008 -29"><span class='ocrx_word' id='word_1_173' title='bbox 394 2150 565 2216; x_wconf 88' lang='lat' dir='ltr'>atque</span> <span class='ocrx_word' id='word_1_174' title='bbox 596 2146 907 2218; x_wconf 87' lang='lat' dir='ltr'>subjungat</span> <span class='ocrx_word' id='word_1_175' title='bbox 940 2165 952 2202; x_wconf 89' lang='lat'>:</span> <span class='ocrx_word' id='word_1_176' title='bbox 986 2149 1044 2203; x_wconf 91' lang='lat' dir='ltr'>Si</span> <span class='ocrx_word' id='word_1_177' title='bbox 1074 2151 1200 2221; x_wconf 92' lang='lat' dir='ltr'>quis</span> <span class='ocrx_word' id='word_1_178' title='bbox 1223 2151 1762 2221; x_wconf 74' lang='lat' dir='ltr'>suiperzediiicaverit</span> <span class='ocrx_word' id='word_1_179' title='bbox 1789 2172 1961 2226; x_wconf 88' lang='lat' dir='ltr'>super</span> <span class='ocrx_word' id='word_1_180' title='bbox 1984 2158 2089 2211; x_wconf 90' lang='lat' dir='ltr'>hoc</span> 
     </span>
    </p>
   </div>
   <div class='ocr_carea' id='block_1_25' title="bbox 393 2233 2088 2316">
    <p class='ocr_par' dir='ltr' id='par_1_25' title="bbox 393 2233 2088 2316">
     <span class='ocr_line' id='line_1_25' title="bbox 393 2233 2088 2316; baseline 0.008 -30"><span class='ocrx_word' id='word_1_181' title='bbox 393 2233 854 2300; x_wconf 83' lang='lat' dir='ltr'>fundamentum,</span> <span class='ocrx_word' id='word_1_182' title='bbox 908 2254 1112 2292; x_wconf 89' lang='lat' dir='ltr'>aurum</span> <span class='ocrx_word' id='word_1_183' title='bbox 1157 2245 1212 2292; x_wconf 90' lang='lat' dir='ltr'>et</span> <span class='ocrx_word' id='word_1_184' title='bbox 1241 2247 1566 2310; x_wconf 87' lang='lat' dir='ltr'>argentum,</span> <span class='ocrx_word' id='word_1_185' title='bbox 1619 2243 1836 2314; x_wconf 83' lang='lat' dir='ltr'>lapides</span> <span class='ocrx_word' id='word_1_186' title='bbox 1875 2246 2088 2316; x_wconf 89' lang='lat' dir='ltr'>pretio-</span> 
     </span>
    </p>
   </div>
   <div class='ocr_carea' id='block_1_26' title="bbox 393 2322 2089 2403">
    <p class='ocr_par' dir='ltr' id='par_1_26' title="bbox 393 2322 2089 2403">
     <span class='ocr_line' id='line_1_26' title="bbox 393 2322 2089 2403; baseline 0.006 -28"><span class='ocrx_word' id='word_1_187' title='bbox 393 2337 506 2389; x_wconf 87' lang='lat' dir='ltr'>sos,</span> <span class='ocrx_word' id='word_1_188' title='bbox 564 2322 743 2393; x_wconf 85' lang='lat' dir='ltr'>ligna,</span> <span class='ocrx_word' id='word_1_189' title='bbox 796 2325 1035 2390; x_wconf 69' lang='lat' dir='ltr'>frenum,</span> <span class='ocrx_word' id='word_1_190' title='bbox 1101 2328 1394 2398; x_wconf 87' lang='lat' dir='ltr'>stipulam,</span> <span class='ocrx_word' id='word_1_191' title='bbox 1444 2330 1894 2402; x_wconf 87' lang='lat' dir='ltr'>uniuscujusque</span> <span class='ocrx_word' id='word_1_192' title='bbox 1944 2350 2089 2403; x_wconf 90' lang='lat' dir='ltr'>opus</span> 
     </span>
    </p>
   </div>
   <div class='ocr_carea' id='block_1_27' title="bbox 395 2411 2088 2490">
    <p class='ocr_par' dir='ltr' id='par_1_27' title="bbox 395 2411 2088 2490">
     <span class='ocr_line' id='line_1_27' title="bbox 395 2411 2088 2490; baseline 0.008 -28"><span class='ocrx_word' id='word_1_193' title='bbox 395 2411 566 2481; x_wconf 87' lang='lat' dir='ltr'>quale</span> <span class='ocrx_word' id='word_1_194' title='bbox 614 2411 686 2464; x_wconf 88' lang='lat' dir='ltr'>sit</span> <span class='ocrx_word' id='word_1_195' title='bbox 733 2413 880 2482; x_wconf 90' lang='lat' dir='ltr'>ignis</span> <span class='ocrx_word' id='word_1_196' title='bbox 924 2415 1224 2484; x_wconf 88' lang='lat' dir='ltr'>probabit;</span> <span class='ocrx_word' id='word_1_197' title='bbox 1261 2417 1307 2470; x_wconf 89' lang='lat' dir='ltr'>si</span> <span class='ocrx_word' id='word_1_198' title='bbox 1357 2419 1519 2488; x_wconf 91' lang='lat' dir='ltr'>cujus</span> <span class='ocrx_word' id='word_1_199' title='bbox 1557 2435 1702 2490; x_wconf 89' lang='lat' dir='ltr'>opus</span> <span class='ocrx_word' id='word_1_200' title='bbox 1747 2421 1952 2474; x_wconf 87' lang='lat' dir='ltr'>arserit</span> <span class='ocrx_word' id='word_1_201' title='bbox 1991 2423 2088 2476; x_wconf 91' lang='lat' dir='ltr'>de-</span> 
     </span>
    </p>
   </div>
   <div class='ocr_carea' id='block_1_28' title="bbox 395 2499 2089 2575">
    <p class='ocr_par' dir='ltr' id='par_1_28' title="bbox 395 2499 2089 2575">
     <span class='ocr_line' id='line_1_28' title="bbox 395 2499 2089 2575; baseline 0.008 -24"><span class='ocrx_word' id='word_1_202' title='bbox 395 2499 730 2554; x_wconf 90' lang='lat' dir='ltr'>trimentum</span> <span class='ocrx_word' id='word_1_203' title='bbox 764 2502 1036 2571; x_wconf 88' lang='lat' dir='ltr'>patietur,</span> <span class='ocrx_word' id='word_1_204' title='bbox 1062 2503 1184 2575; x_wconf 88' lang='lat' dir='ltr'>ipse</span> <span class='ocrx_word' id='word_1_205' title='bbox 1215 2511 1403 2559; x_wconf 90' lang='lat' dir='ltr'>autem</span> <span class='ocrx_word' id='word_1_206' title='bbox 1437 2508 1624 2560; x_wconf 88' lang='lat' dir='ltr'>salvus</span> <span class='ocrx_word' id='word_1_207' title='bbox 1643 2509 1770 2572; x_wconf 88' lang='lat' dir='ltr'>erit,</span> <span class='ocrx_word' id='word_1_208' title='bbox 1795 2510 1873 2563; x_wconf 91' lang='lat' dir='ltr'>sic</span> <span class='ocrx_word' id='word_1_209' title='bbox 1897 2514 2089 2565; x_wconf 88' lang='lat' dir='ltr'>tamen</span> 
     </span>
    </p>
   </div>
   <div class='ocr_carea' id='block_1_29' title="bbox 397 2587 2090 2667">
    <p class='ocr_par' dir='ltr' id='par_1_29' title="bbox 397 2587 2090 2667">
     <span class='ocr_line' id='line_1_29' title="bbox 397 2587 2090 2667; baseline 0.008 -28"><span class='ocrx_word' id='word_1_210' title='bbox 397 2587 560 2658; x_wconf 89' lang='lat' dir='ltr'>quasi</span> <span class='ocrx_word' id='word_1_211' title='bbox 599 2605 704 2658; x_wconf 91' lang='lat' dir='ltr'>per</span> <span class='ocrx_word' id='word_1_212' title='bbox 729 2590 952 2660; x_wconf 88' lang='lat' dir='ltr'>ignem;</span> <span class='ocrx_word' id='word_1_213' title='bbox 999 2594 1261 2664; x_wconf 84' lang='lat' dir='ltr'>quamvis</span> <span class='ocrx_word' id='word_1_214' title='bbox 1303 2595 1409 2648; x_wconf 83' lang='lat' dir='ltr'>hoc</span> <span class='ocrx_word' id='word_1_215' title='bbox 1441 2595 1510 2650; x_wconf 91' lang='lat' dir='ltr'>de</span> <span class='ocrx_word' id='word_1_216' title='bbox 1543 2596 1675 2667; x_wconf 88' lang='lat' dir='ltr'>igne</span> <span class='ocrx_word' id='word_1_217' title='bbox 1709 2599 2090 2653; x_wconf 86' lang='lat' dir='ltr'>tribulationis</span> 
     </span>
    </p>
   </div>
   <div class='ocr_carea' id='block_1_30' title="bbox 395 2675 2088 2755">
    <p class='ocr_par' dir='ltr' id='par_1_30' title="bbox 395 2675 2088 2755">
     <span class='ocr_line' id='line_1_30' title="bbox 395 2675 2088 2755; baseline 0.008 -28"><span class='ocrx_word' id='word_1_218' title='bbox 395 2675 455 2728; x_wconf 90' lang='lat' dir='ltr'>in</span> <span class='ocrx_word' id='word_1_219' title='bbox 481 2677 592 2729; x_wconf 84' lang='lat' dir='ltr'>hac</span> <span class='ocrx_word' id='word_1_220' title='bbox 622 2677 788 2730; x_wconf 89' lang='lat' dir='ltr'>nobis</span> <span class='ocrx_word' id='word_1_221' title='bbox 816 2679 928 2732; x_wconf 87' lang='lat' dir='ltr'>vita</span> <span class='ocrx_word' id='word_1_222' title='bbox 959 2681 1231 2735; x_wconf 88' lang='lat' dir='ltr'>adhibitio</span> <span class='ocrx_word' id='word_1_223' title='bbox 1261 2685 1438 2753; x_wconf 86' lang='lat' dir='ltr'>possit</span> <span class='ocrx_word' id='word_1_224' title='bbox 1466 2684 1728 2755; x_wconf 87' lang='lat' dir='ltr'>intelligi,</span> <span class='ocrx_word' id='word_1_225' title='bbox 1763 2692 2012 2741; x_wconf 91' lang='lat' dir='ltr'>attamen</span> <span class='ocrx_word' id='word_1_226' title='bbox 2045 2688 2088 2741; x_wconf 90' lang='lat' dir='ltr'>si</span> 
     </span>
    </p>
   </div>
   <div class='ocr_carea' id='block_1_31' title="bbox 398 2763 2089 2847">
    <p class='ocr_par' dir='ltr' id='par_1_31' title="bbox 398 2763 2089 2847">
     <span class='ocr_line' id='line_1_31' title="bbox 398 2763 2089 2847; baseline 0.009 -31"><span class='ocrx_word' id='word_1_227' title='bbox 398 2763 525 2834; x_wconf 88' lang='lat' dir='ltr'>quis</span> <span class='ocrx_word' id='word_1_228' title='bbox 555 2765 676 2820; x_wconf 66' lang='lat' dir='ltr'>haec</span> <span class='ocrx_word' id='word_1_229' title='bbox 714 2767 784 2820; x_wconf 91' lang='lat' dir='ltr'>de</span> <span class='ocrx_word' id='word_1_230' title='bbox 817 2767 951 2838; x_wconf 88' lang='lat' dir='ltr'>igne</span> <span class='ocrx_word' id='word_1_231' title='bbox 994 2769 1202 2824; x_wconf 65' lang='lat' dir='ltr'>futurae</span> <span class='ocrx_word' id='word_1_232' title='bbox 1252 2773 1610 2843; x_wconf 89' lang='lat' dir='ltr'>purgationis</span> <span class='ocrx_word' id='word_1_233' title='bbox 1657 2776 1914 2845; x_wconf 89' lang='lat' dir='ltr'>accipiat,</span> <span class='ocrx_word' id='word_1_234' title='bbox 1947 2793 2089 2847; x_wconf 87' lang='lat' dir='ltr'>pen-</span> 
     </span>
    </p>
   </div>
   <div class='ocr_carea' id='block_1_32' title="bbox 397 2855 2093 2936">
    <p class='ocr_par' dir='ltr' id='par_1_32' title="bbox 397 2855 2093 2936">
     <span class='ocr_line' id='line_1_32' title="bbox 397 2855 2093 2936; baseline 0.006 -29"><span class='ocrx_word' id='word_1_235' title='bbox 397 2855 635 2908; x_wconf 89' lang='lat' dir='ltr'>sandum</span> <span class='ocrx_word' id='word_1_236' title='bbox 689 2857 928 2911; x_wconf 85' lang='lat' dir='ltr'>sollicite</span> <span class='ocrx_word' id='word_1_237' title='bbox 994 2865 1124 2914; x_wconf 91' lang='lat' dir='ltr'>est:</span> <span class='ocrx_word' id='word_1_238' title='bbox 1159 2861 1294 2931; x_wconf 89' lang='lat' dir='ltr'>quia</span> <span class='ocrx_word' id='word_1_239' title='bbox 1360 2863 1522 2915; x_wconf 89' lang='lat' dir='ltr'>illum</span> <span class='ocrx_word' id='word_1_240' title='bbox 1585 2863 1728 2918; x_wconf 84' lang='lat' dir='ltr'>dixit</span> <span class='ocrx_word' id='word_1_241' title='bbox 1776 2881 1938 2935; x_wconf 89' lang='lat' dir='ltr'>posse</span> <span class='ocrx_word' id='word_1_242' title='bbox 1991 2882 2093 2936; x_wconf 90' lang='lat' dir='ltr'>per</span> 
     </span>
    </p>
   </div>
   <div class='ocr_carea' id='block_1_33' title="bbox 398 2942 2163 3020">
    <p class='ocr_par' dir='ltr' id='par_1_33' title="bbox 398 2942 2163 3020">
     <span class='ocr_line' id='line_1_33' title="bbox 398 2942 2163 3020; baseline 0.008 -26"><span class='ocrx_word' id='word_1_243' title='bbox 398 2942 593 3013; x_wconf 91' lang='lat' dir='ltr'>ignem</span> <span class='ocrx_word' id='word_1_244' title='bbox 621 2944 846 3012; x_wconf 89' lang='lat' dir='ltr'>salvari,</span> <span class='ocrx_word' id='word_1_245' title='bbox 881 2963 992 3001; x_wconf 92' lang='lat' dir='ltr'>non</span> <span class='ocrx_word' id='word_1_246' title='bbox 1025 2949 1124 3018; x_wconf 91' lang='lat' dir='ltr'>qui</span> <span class='ocrx_word' id='word_1_247' title='bbox 1157 2966 1330 3020; x_wconf 91' lang='lat' dir='ltr'>super</span> <span class='ocrx_word' id='word_1_248' title='bbox 1360 2951 1469 3004; x_wconf 94' lang='lat' dir='ltr'>hoc</span> <span class='ocrx_word' id='word_1_249' title='bbox 1492 2952 1931 3008; x_wconf 88' lang='lat' dir='ltr'>fundamentum</span> <span class='ocrx_word' id='word_1_250' title='bbox 1973 2955 2089 3008; x_wconf 87' lang='lat' dir='ltr'>fer-</span> <span class='ocrx_word' id='word_1_251' title='bbox 2123 2949 2163 3003; x_wconf 87' lang='lat' dir='ltr'>C</span> 
     </span>
    </p>
   </div>
   <div class='ocr_carea' id='block_1_34' title="bbox 398 3036 2088 3112">
    <p class='ocr_par' dir='ltr' id='par_1_34' title="bbox 398 3036 2088 3112">
     <span class='ocr_line' id='line_1_34' title="bbox 398 3036 2088 3112; baseline 0.007 -27"><span class='ocrx_word' id='word_1_252' title='bbox 398 3048 547 3100; x_wconf 88' lang='lat' dir='ltr'>rum,</span> <span class='ocrx_word' id='word_1_253' title='bbox 580 3051 678 3099; x_wconf 63' lang='lat' dir='ltr'>ass,</span> <span class='ocrx_word' id='word_1_254' title='bbox 726 3036 810 3089; x_wconf 89' lang='lat' dir='ltr'>vel</span> <span class='ocrx_word' id='word_1_255' title='bbox 844 3037 1145 3106; x_wconf 87' lang='lat' dir='ltr'>plumbum</span> <span class='ocrx_word' id='word_1_256' title='bbox 1201 3040 1462 3101; x_wconf 75' lang='lat' dir='ltr'>aediﬁcat,</span> <span class='ocrx_word' id='word_1_257' title='bbox 1499 3041 1556 3094; x_wconf 90' lang='lat' dir='ltr'>id</span> <span class='ocrx_word' id='word_1_258' title='bbox 1587 3045 1671 3095; x_wconf 84' lang='lat' dir='ltr'>est</span> <span class='ocrx_word' id='word_1_259' title='bbox 1712 3047 1944 3112; x_wconf 88' lang='lat' dir='ltr'>peccata</span> <span class='ocrx_word' id='word_1_260' title='bbox 1974 3059 2088 3096; x_wconf 86' lang='lat' dir='ltr'>ma-</span> 
     </span>
    </p>
   </div>
   <div class='ocr_carea' id='block_1_35' title="bbox 391 3121 2089 3199">
    <p class='ocr_par' dir='ltr' id='par_1_35' title="bbox 391 3121 2089 3199">
     <span class='ocr_line' id='line_1_35' title="bbox 391 3121 2089 3199; baseline 0.006 -25"><span class='ocrx_word' id='word_1_261' title='bbox 391 3121 540 3190; x_wconf 87' lang='lat' dir='ltr'>jora,</span> <span class='ocrx_word' id='word_1_262' title='bbox 585 3127 642 3176; x_wconf 90' lang='lat' dir='ltr'>et</span> <span class='ocrx_word' id='word_1_263' title='bbox 667 3123 876 3177; x_wconf 89' lang='lat' dir='ltr'>idcirco</span> <span class='ocrx_word' id='word_1_264' title='bbox 921 3125 1173 3192; x_wconf 88' lang='lat' dir='ltr'>duriora,</span> <span class='ocrx_word' id='word_1_265' title='bbox 1207 3132 1376 3198; x_wconf 89' lang='lat' dir='ltr'>atque</span> <span class='ocrx_word' id='word_1_266' title='bbox 1412 3130 1534 3199; x_wconf 92' lang='lat' dir='ltr'>jam</span> <span class='ocrx_word' id='word_1_267' title='bbox 1565 3134 1701 3183; x_wconf 90' lang='lat' dir='ltr'>tunc</span> <span class='ocrx_word' id='word_1_268' title='bbox 1731 3130 2089 3199; x_wconf 87' lang='lat' dir='ltr'>insolubilia;</span> 
     </span>
    </p>
   </div>
   <div class='ocr_carea' id='block_1_36' title="bbox 400 3207 2092 3284">
    <p class='ocr_par' dir='ltr' id='par_1_36' title="bbox 400 3207 2092 3284">
     <span class='ocr_line' id='line_1_36' title="bbox 400 3207 2092 3284; baseline 0.007 -25"><span class='ocrx_word' id='word_1_269' title='bbox 400 3207 497 3260; x_wconf 91' lang='lat' dir='ltr'>sed</span> <span class='ocrx_word' id='word_1_270' title='bbox 532 3208 710 3277; x_wconf 90' lang='lat' dir='ltr'>ligna,</span> <span class='ocrx_word' id='word_1_271' title='bbox 761 3210 1000 3279; x_wconf 75' lang='lat' dir='ltr'>frenum,</span> <span class='ocrx_word' id='word_1_272' title='bbox 1051 3213 1342 3282; x_wconf 88' lang='lat' dir='ltr'>stipulam,</span> <span class='ocrx_word' id='word_1_273' title='bbox 1389 3215 1446 3268; x_wconf 88' lang='lat' dir='ltr'>id</span> <span class='ocrx_word' id='word_1_274' title='bbox 1478 3220 1561 3268; x_wconf 89' lang='lat' dir='ltr'>est</span> <span class='ocrx_word' id='word_1_275' title='bbox 1589 3222 1822 3284; x_wconf 88' lang='lat' dir='ltr'>peccata</span> <span class='ocrx_word' id='word_1_276' title='bbox 1853 3217 2092 3270; x_wconf 90' lang='lat' dir='ltr'>minima</span> 
     </span>
    </p>
   </div>
   <div class='ocr_carea' id='block_1_37' title="bbox 400 3296 2094 3370">
    <p class='ocr_par' dir='ltr' id='par_1_37' title="bbox 400 3296 2094 3370">
     <span class='ocr_line' id='line_1_37' title="bbox 400 3296 2094 3370; baseline 0.006 -23"><span class='ocrx_word' id='word_1_277' title='bbox 400 3300 573 3364; x_wconf 86' lang='lat' dir='ltr'>atque</span> <span class='ocrx_word' id='word_1_278' title='bbox 621 3296 929 3363; x_wconf 89' lang='lat' dir='ltr'>levissima,</span> <span class='ocrx_word' id='word_1_279' title='bbox 997 3315 1125 3369; x_wconf 63' lang='lat' dir='ltr'>quia</span> <span class='ocrx_word' id='word_1_280' title='bbox 1173 3301 1327 3370; x_wconf 83' lang='lat' dir='ltr'>ignis</span> <span class='ocrx_word' id='word_1_281' title='bbox 1389 3302 1552 3355; x_wconf 87' lang='lat' dir='ltr'>facile</span> <span class='ocrx_word' id='word_1_282' title='bbox 1609 3305 1912 3358; x_wconf 89' lang='lat' dir='ltr'>consumit.</span> <span class='ocrx_word' id='word_1_283' title='bbox 1980 3307 2094 3360; x_wconf 86' lang='lat' dir='ltr'>Hoc</span> 
     </span>
    </p>
   </div>
   <div class='ocr_carea' id='block_1_38' title="bbox 401 3382 2094 3459">
    <p class='ocr_par' dir='ltr' id='par_1_38' title="bbox 401 3382 2094 3459">
     <span class='ocr_line' id='line_1_38' title="bbox 401 3382 2094 3459; baseline 0.008 -25"><span class='ocrx_word' id='word_1_284' title='bbox 401 3385 596 3436; x_wconf 87' lang='lat' dir='ltr'>tamen</span> <span class='ocrx_word' id='word_1_285' title='bbox 643 3382 935 3438; x_wconf 86' lang='lat' dir='ltr'>sciendum</span> <span class='ocrx_word' id='word_1_286' title='bbox 982 3391 1069 3441; x_wconf 89' lang='lat' dir='ltr'>est</span> <span class='ocrx_word' id='word_1_287' title='bbox 1101 3403 1114 3440; x_wconf 90' lang='lat'><strong>:</strong></span> <span class='ocrx_word' id='word_1_288' title='bbox 1141 3389 1279 3459; x_wconf 89' lang='lat' dir='ltr'>quia</span> <span class='ocrx_word' id='word_1_289' title='bbox 1302 3388 1420 3444; x_wconf 91' lang='lat' dir='ltr'>illic</span> <span class='ocrx_word' id='word_1_290' title='bbox 1465 3391 1684 3446; x_wconf 68' lang='lat' dir='ltr'>saltem</span> <span class='ocrx_word' id='word_1_291' title='bbox 1720 3393 1791 3447; x_wconf 93' lang='lat' dir='ltr'>de</span> <span class='ocrx_word' id='word_1_292' title='bbox 1837 3393 2094 3448; x_wconf 89' lang='lat' dir='ltr'>minimis</span> 
     </span>
    </p>
   </div>
   <div class='ocr_carea' id='block_1_39' title="bbox 403 3471 2094 3545">
    <p class='ocr_par' dir='ltr' id='par_1_39' title="bbox 403 3471 2094 3545">
     <span class='ocr_line' id='line_1_39' title="bbox 403 3471 2094 3545; baseline 0.009 -24"><span class='ocrx_word' id='word_1_293' title='bbox 403 3471 481 3523; x_wconf 90' lang='lat' dir='ltr'>nil</span> <span class='ocrx_word' id='word_1_294' title='bbox 527 3471 774 3542; x_wconf 87' lang='lat' dir='ltr'>quisque</span> <span class='ocrx_word' id='word_1_295' title='bbox 844 3476 1206 3544; x_wconf 85' lang='lat' dir='ltr'>purgationis</span> <span class='ocrx_word' id='word_1_296' title='bbox 1262 3477 1561 3545; x_wconf 86' lang='lat' dir='ltr'>obtinebit,</span> <span class='ocrx_word' id='word_1_297' title='bbox 1615 3481 1722 3534; x_wconf 91' lang='lat' dir='ltr'>nisi</span> <span class='ocrx_word' id='word_1_298' title='bbox 1782 3481 1947 3536; x_wconf 89' lang='lat' dir='ltr'>bonis</span> <span class='ocrx_word' id='word_1_299' title='bbox 1986 3483 2094 3537; x_wconf 90' lang='lat' dir='ltr'>hoc</span> 
     </span>
    </p>
   </div>
   <div class='ocr_carea' id='block_1_40' title="bbox 403 3560 2090 3639">
    <p class='ocr_par' dir='ltr' id='par_1_40' title="bbox 403 3560 2090 3639">
     <span class='ocr_line' id='line_1_40' title="bbox 403 3560 2090 3639; baseline 0.008 -27"><span class='ocrx_word' id='word_1_300' title='bbox 403 3560 622 3614; x_wconf 88' lang='lat' dir='ltr'>actibus</span> <span class='ocrx_word' id='word_1_301' title='bbox 671 3562 729 3615; x_wconf 91' lang='lat' dir='ltr'>in</span> <span class='ocrx_word' id='word_1_302' title='bbox 762 3563 866 3618; x_wconf 90' lang='lat' dir='ltr'>hac</span> <span class='ocrx_word' id='word_1_303' title='bbox 909 3565 1097 3620; x_wconf 87' lang='lat' dir='ltr'>adhuc</span> <span class='ocrx_word' id='word_1_304' title='bbox 1145 3568 1260 3621; x_wconf 90' lang='lat' dir='ltr'>vita</span> <span class='ocrx_word' id='word_1_305' title='bbox 1292 3570 1528 3639; x_wconf 87' lang='lat' dir='ltr'>positus,</span> <span class='ocrx_word' id='word_1_306' title='bbox 1563 3575 1625 3624; x_wconf 92' lang='lat' dir='ltr'>ut</span> <span class='ocrx_word' id='word_1_307' title='bbox 1652 3571 1769 3626; x_wconf 90' lang='lat' dir='ltr'>illic</span> <span class='ocrx_word' id='word_1_308' title='bbox 1815 3570 2090 3639; x_wconf 87' lang='lat' dir='ltr'>obtineat,</span> 
     </span>
    </p>
   </div>
   <div class='ocr_carea' id='block_1_41' title="bbox 397 3657 814 3719">
    <p class='ocr_par' dir='ltr' id='par_1_41' title="bbox 397 3657 814 3719">
     <span class='ocr_line' id='line_1_41' title="bbox 397 3657 814 3719; baseline 0.007 -17"><span class='ocrx_word' id='word_1_309' title='bbox 397 3657 814 3719; x_wconf 87' lang='lat' dir='ltr'>promereatur.</span> 
     </span>
    </p>
   </div>
   <div class='ocr_carea' id='block_1_42' title="bbox 398 3756 2093 3835">
    <p class='ocr_par' dir='ltr' id='par_1_42' title="bbox 398 3756 2093 3835">
     <span class='ocr_line' id='line_1_42' title="bbox 398 3756 2093 3835; baseline 0.006 -25"><span class='ocrx_word' id='word_1_310' title='bbox 398 3756 528 3810; x_wconf 65' lang='lat' dir='ltr'>Car.</span> <span class='ocrx_word' id='word_1_311' title='bbox 567 3757 736 3811; x_wconf 83' lang='lat' dir='ltr'><strong>LXIX.</strong></span> <span class='ocrx_word' id='word_1_312' title='bbox 774 3789 841 3798; x_wconf 85' lang='lat'>—-</span> <span class='ocrx_word' id='word_1_313' title='bbox 888 3760 1040 3825; x_wconf 83' lang='lat' dir='ltr'>Quod</span> <span class='ocrx_word' id='word_1_314' title='bbox 1074 3778 1211 3835; x_wconf 79' lang='lat' dir='ltr'>unus</span> <span class='ocrx_word' id='word_1_315' title='bbox 1260 3766 1335 3818; x_wconf 84' lang='lat' dir='ltr'>sit</span> <span class='ocrx_word' id='word_1_316' title='bbox 1374 3767 1622 3831; x_wconf 79' lang='lat' dir='ltr'>gehennae</span> <span class='ocrx_word' id='word_1_317' title='bbox 1651 3768 1815 3835; x_wconf 84' lang='lat' dir='ltr'>ignis,</span> <span class='ocrx_word' id='word_1_318' title='bbox 1867 3767 1961 3821; x_wconf 82' lang='lat' dir='ltr'>sed</span> <span class='ocrx_word' id='word_1_319' title='bbox 1987 3783 2093 3822; x_wconf 89' lang='lat' dir='ltr'>non</span> 
     </span>
    </p>
   </div>
   <div class='ocr_carea' id='block_1_43' title="bbox 872 3833 2001 3892">
    <p class='ocr_par' dir='ltr' id='par_1_43' title="bbox 872 3833 2001 3892">
     <span class='ocr_line' id='line_1_43' title="bbox 872 3833 2001 3892; baseline 0.012 -9"><span class='ocrx_word' id='word_1_320' title='bbox 872 3845 978 3884; x_wconf 90' lang='lat' dir='ltr'>uno</span> <span class='ocrx_word' id='word_1_321' title='bbox 1007 3833 1162 3886; x_wconf 89' lang='lat' dir='ltr'>modo</span> <span class='ocrx_word' id='word_1_322' title='bbox 1192 3849 1370 3889; x_wconf 89' lang='lat' dir='ltr'>omnes</span> <span class='ocrx_word' id='word_1_323' title='bbox 1401 3840 1617 3892; x_wconf 78' lang='lat' dir='ltr'>cruciet.</span> <span class='ocrx_word' id='word_1_324' title='bbox 1678 3833 1690 3835; x_wconf 56' lang='grc'>⁷</span> <span class='ocrx_word' id='word_1_325' title='bbox 1999 3848 2001 3850; x_wconf 78' lang='grc'><em>’</em></span> 
     </span>
    </p>
   </div>
   <div class='ocr_carea' id='block_1_44' title="bbox 471 3915 2092 3994">
    <p class='ocr_par' dir='ltr' id='par_1_44' title="bbox 471 3915 2092 3994">
     <span class='ocr_line' id='line_1_44' title="bbox 471 3915 2092 3994; baseline 0.007 -26"><span class='ocrx_word' id='word_1_326' title='bbox 471 3917 582 3982; x_wconf 73' lang='lat' dir='ltr'>(Ea:</span> <span class='ocrx_word' id='word_1_327' title='bbox 596 3915 775 3970; x_wconf 85' lang='lat' dir='ltr'>eodem</span> <span class='ocrx_word' id='word_1_328' title='bbox 803 3919 939 3971; x_wconf 86' lang='lat' dir='ltr'>Pelr.</span> <span class='ocrx_word' id='word_1_329' title='bbox 965 3923 1066 3973; x_wconf 88' lang='lat' dir='ltr'>int.</span> <span class='ocrx_word' id='word_1_330' title='bbox 1093 3921 1249 3988; x_wconf 77' lang='lat' dir='ltr'>Greg.</span> <span class='ocrx_word' id='word_1_331' title='bbox 1277 3926 1450 3994; x_wconf 81' lang='lat' dir='ltr'>resp.)</span> <span class='ocrx_word' id='word_1_332' title='bbox 1483 3925 1684 3989; x_wconf 68' lang='lat' dir='ltr'>Quarso</span> <span class='ocrx_word' id='word_1_333' title='bbox 1705 3931 1778 3992; x_wconf 91' lang='lat' dir='ltr'>te,</span> <span class='ocrx_word' id='word_1_334' title='bbox 1804 3942 1953 3980; x_wconf 89' lang='lat' dir='ltr'>unus</span> <span class='ocrx_word' id='word_1_335' title='bbox 1971 3942 2092 3980; x_wconf 91' lang='lat' dir='ltr'>esse</span> 
     </span>
    </p>
   </div>
   <div class='ocr_carea' id='block_1_45' title="bbox 398 4003 2090 4085">
    <p class='ocr_par' dir='ltr' id='par_1_45' title="bbox 398 4003 2090 4085">
     <span class='ocr_line' id='line_1_45' title="bbox 398 4003 2090 4085; baseline 0.008 -30"><span class='ocrx_word' id='word_1_336' title='bbox 398 4003 679 4073; x_wconf 72' lang='lat' dir='ltr'>gehennae</span> <span class='ocrx_word' id='word_1_337' title='bbox 709 4005 858 4076; x_wconf 88' lang='lat' dir='ltr'>ignis</span> <span class='ocrx_word' id='word_1_338' title='bbox 897 4008 1211 4063; x_wconf 88' lang='lat' dir='ltr'>credendus</span> <span class='ocrx_word' id='word_1_339' title='bbox 1240 4016 1343 4079; x_wconf 89' lang='lat' dir='ltr'>est,</span> <span class='ocrx_word' id='word_1_340' title='bbox 1381 4029 1452 4067; x_wconf 92' lang='lat' dir='ltr'>an</span> <span class='ocrx_word' id='word_1_341' title='bbox 1485 4020 1697 4084; x_wconf 86' lang='lat' dir='ltr'>quanta</span> <span class='ocrx_word' id='word_1_342' title='bbox 1728 4020 2090 4085; x_wconf 88' lang='lat' dir='ltr'>peccatorum</span> 
     </span>
    </p>
   </div>
   <div class='ocr_carea' id='block_1_46' title="bbox 398 4092 2094 4172">
    <p class='ocr_par' dir='ltr' id='par_1_46' title="bbox 398 4092 2094 4172">
     <span class='ocr_line' id='line_1_46' title="bbox 398 4092 2094 4172; baseline 0.007 -26"><span class='ocrx_word' id='word_1_343' title='bbox 398 4092 698 4146; x_wconf 85' lang='lat' dir='ltr'>diversitas</span> <span class='ocrx_word' id='word_1_344' title='bbox 716 4093 906 4163; x_wconf 84' lang='lat' dir='ltr'>fuerit,</span> <span class='ocrx_word' id='word_1_345' title='bbox 933 4100 1087 4150; x_wconf 89' lang='lat' dir='ltr'>tanta</span> <span class='ocrx_word' id='word_1_346' title='bbox 1108 4115 1339 4170; x_wconf 84' lang='lat' dir='ltr'>quoque</span> <span class='ocrx_word' id='word_1_347' title='bbox 1375 4106 1428 4155; x_wconf 92' lang='lat' dir='ltr'>et</span> <span class='ocrx_word' id='word_1_348' title='bbox 1454 4102 1577 4172; x_wconf 91' lang='lat' dir='ltr'>ipsa</span> <span class='ocrx_word' id='word_1_349' title='bbox 1607 4103 1941 4157; x_wconf 65' lang='lat' dir='ltr'>aestimanda</span> <span class='ocrx_word' id='word_1_350' title='bbox 1961 4109 2094 4158; x_wconf 81' lang='lat' dir='ltr'>sunt</span> 
     </span>
    </p>
   </div>
   <div class='ocr_carea' id='block_1_47' title="bbox 2191 481 3903 549">
    <p class='ocr_par' dir='ltr' id='par_1_47' title="bbox 2191 481 3903 549">
     <span class='ocr_line' id='line_1_47' title="bbox 2191 481 3903 549; baseline 0.002 -18"><span class='ocrx_word' id='word_1_351' title='bbox 2191 481 2354 532; x_wconf 90' lang='lat' dir='ltr'>malis</span> <span class='ocrx_word' id='word_1_352' title='bbox 2384 481 2823 549; x_wconf 85' lang='lat' dir='ltr'>propitiationes</span> <span class='ocrx_word' id='word_1_353' title='bbox 2861 489 3013 549; x_wconf 91' lang='lat' dir='ltr'>sunt,</span> <span class='ocrx_word' id='word_1_354' title='bbox 3057 489 3117 536; x_wconf 91' lang='lat' dir='ltr'>ut</span> <span class='ocrx_word' id='word_1_355' title='bbox 3143 483 3495 536; x_wconf 85' lang='lat' dir='ltr'>tolerabilior</span> <span class='ocrx_word' id='word_1_356' title='bbox 3522 485 3628 536; x_wconf 83' lang='lat' dir='ltr'>tiat</span> <span class='ocrx_word' id='word_1_357' title='bbox 3653 485 3903 538; x_wconf 84' lang='lat' dir='ltr'>damna-</span> 
     </span>
    </p>
   </div>
   <div class='ocr_carea' id='block_1_48' title="bbox 2188 568 3900 641">
    <p class='ocr_par' dir='ltr' id='par_1_48' title="bbox 2188 568 3900 641">
     <span class='ocr_line' id='line_1_48' title="bbox 2188 568 3900 641; baseline 0.003 -22"><span class='ocrx_word' id='word_1_358' title='bbox 2188 568 2288 621; x_wconf 90' lang='lat' dir='ltr'>tio.</span> <span class='ocrx_word' id='word_1_359' title='bbox 2342 569 2447 624; x_wconf 87' lang='lat' dir='ltr'>Pro</span> <span class='ocrx_word' id='word_1_360' title='bbox 2497 569 2654 623; x_wconf 89' lang='lat' dir='ltr'>valde</span> <span class='ocrx_word' id='word_1_361' title='bbox 2706 571 2893 638; x_wconf 88' lang='lat' dir='ltr'>malis,</span> <span class='ocrx_word' id='word_1_362' title='bbox 2940 587 3054 624; x_wconf 91' lang='lat' dir='ltr'>non</span> <span class='ocrx_word' id='word_1_363' title='bbox 3107 573 3441 641; x_wconf 87' lang='lat' dir='ltr'>adjumenta</span> <span class='ocrx_word' id='word_1_364' title='bbox 3500 578 3900 634; x_wconf 88' lang='lat' dir='ltr'>mortuorum,</span> 
     </span>
    </p>
   </div>
   <div class='ocr_carea' id='block_1_49' title="bbox 2189 657 3454 714">
    <p class='ocr_par' dir='ltr' id='par_1_49' title="bbox 2189 657 3454 714">
     <span class='ocr_line' id='line_1_49' title="bbox 2189 657 3454 714; baseline 0.005 -6"><span class='ocrx_word' id='word_1_365' title='bbox 2189 657 2288 709; x_wconf 90' lang='lat' dir='ltr'>sed</span> <span class='ocrx_word' id='word_1_366' title='bbox 2319 661 2539 710; x_wconf 88' lang='lat' dir='ltr'>tantum</span> <span class='ocrx_word' id='word_1_367' title='bbox 2573 659 2989 712; x_wconf 62' lang='lat' dir='ltr'>Consolatione-5</span> <span class='ocrx_word' id='word_1_368' title='bbox 3011 660 3267 713; x_wconf 84' lang='lat' dir='ltr'>vivorum</span> <span class='ocrx_word' id='word_1_369' title='bbox 3303 667 3454 714; x_wconf 89' lang='lat' dir='ltr'>sunt.</span> 
     </span>
    </p>
   </div>
   <div class='ocr_carea' id='block_1_50' title="bbox 2191 746 3897 818">
    <p class='ocr_par' dir='ltr' id='par_1_50' title="bbox 2191 746 3897 818">
     <span class='ocr_line' id='line_1_50' title="bbox 2191 746 3897 818; baseline 0.002 -20"><span class='ocrx_word' id='word_1_370' title='bbox 2191 746 2316 798; x_wconf 73' lang='lat' dir='ltr'>CAP.</span> <span class='ocrx_word' id='word_1_371' title='bbox 2355 746 2523 800; x_wconf 83' lang='lat' dir='ltr'>LXXI.</span> <span class='ocrx_word' id='word_1_372' title='bbox 2558 774 2621 787; x_wconf 88' lang='lat'><strong>—</strong></span> <span class='ocrx_word' id='word_1_373' title='bbox 2651 750 2768 800; x_wconf 83' lang='lat' dir='ltr'>Cur</span> <span class='ocrx_word' id='word_1_374' title='bbox 2798 754 3104 802; x_wconf 73' lang='lat' dir='ltr'>sanctorum</span> <span class='ocrx_word' id='word_1_375' title='bbox 3134 753 3330 802; x_wconf 72' lang='lat' dir='ltr'>animae</span> <span class='ocrx_word' id='word_1_376' title='bbox 3370 765 3469 818; x_wconf 78' lang='lat' dir='ltr'>pro</span> <span class='ocrx_word' id='word_1_377' title='bbox 3515 751 3772 802; x_wconf 83' lang='lat' dir='ltr'>inimicis</span> <span class='ocrx_word' id='word_1_378' title='bbox 3797 752 3897 802; x_wconf 77' lang='lat' dir='ltr'>suis</span> 
     </span>
    </p>
   </div>
   <div class='ocr_carea' id='block_1_51' title="bbox 2257 819 3894 888">
    <p class='ocr_par' dir='ltr' id='par_1_51' title="bbox 2257 819 3894 888">
     <span class='ocr_line' id='line_1_51' title="bbox 2257 819 3894 888; baseline 0.002 -19"><span class='ocrx_word' id='word_1_379' title='bbox 2257 832 2363 870; x_wconf 86' lang='lat' dir='ltr'>non</span> <span class='ocrx_word' id='word_1_380' title='bbox 2414 822 2584 882; x_wconf 84' lang='lat' dir='ltr'>orent,</span> <span class='ocrx_word' id='word_1_381' title='bbox 2618 819 2836 886; x_wconf 81' lang='lat' dir='ltr'>quando</span> <span class='ocrx_word' id='word_1_382' title='bbox 2881 835 2966 872; x_wconf 89' lang='lat' dir='ltr'>eos</span> <span class='ocrx_word' id='word_1_383' title='bbox 3014 823 3072 873; x_wconf 86' lang='lat' dir='ltr'>in</span> <span class='ocrx_word' id='word_1_384' title='bbox 3120 823 3245 886; x_wconf 80' lang='lat' dir='ltr'>igne</span> <span class='ocrx_word' id='word_1_385' title='bbox 3273 824 3468 874; x_wconf 69' lang='lat' dir='ltr'>retento</span> <span class='ocrx_word' id='word_1_386' title='bbox 3515 822 3725 874; x_wconf 76' lang='lat' dir='ltr'>ardere</span> <span class='ocrx_word' id='word_1_387' title='bbox 3774 836 3894 888; x_wconf 80' lang='lat' dir='ltr'>pro-</span> 
     </span>
    </p>
   </div>
   <div class='ocr_carea' id='block_1_52' title="bbox 2259 892 2555 954">
    <p class='ocr_par' dir='ltr' id='par_1_52' title="bbox 2259 892 2555 954">
     <span class='ocr_line' id='line_1_52' title="bbox 2259 892 2555 954; baseline 0.003 -14"><span class='ocrx_word' id='word_1_388' title='bbox 2259 892 2555 954; x_wconf 62' lang='lat' dir='ltr'>sperae-rint.</span> 
     </span>
    </p>
   </div>
   <div class='ocr_carea' id='block_1_53' title="bbox 2262 957 3891 1033">
    <p class='ocr_par' dir='ltr' id='par_1_53' title="bbox 2262 957 3891 1033">
     <span class='ocr_line' id='line_1_53' title="bbox 2262 957 3891 1033; baseline 0.001 -22"><span class='ocrx_word' id='word_1_389' title='bbox 2262 957 2369 1026; x_wconf 72' lang='lat' dir='ltr'>(Em</span> <span class='ocrx_word' id='word_1_390' title='bbox 2395 959 2594 1012; x_wconf 86' lang='lat' dir='ltr'>eodem.</span> <span class='ocrx_word' id='word_1_391' title='bbox 2645 961 2788 1014; x_wconf 85' lang='lat' dir='ltr'>Petr.</span> <span class='ocrx_word' id='word_1_392' title='bbox 2835 962 2936 1014; x_wconf 86' lang='lat' dir='ltr'>int.</span> <span class='ocrx_word' id='word_1_393' title='bbox 2975 960 3133 1029; x_wconf 85' lang='lat' dir='ltr'>Greg.</span> <span class='ocrx_word' id='word_1_394' title='bbox 3166 961 3334 1033; x_wconf 83' lang='lat' dir='ltr'>resp.)</span> <span class='ocrx_word' id='word_1_395' title='bbox 3370 962 3435 1015; x_wconf 82' lang='lat' dir='ltr'>Et</span> <span class='ocrx_word' id='word_1_396' title='bbox 3479 961 3581 1014; x_wconf 90' lang='lat' dir='ltr'>ubi</span> <span class='ocrx_word' id='word_1_397' title='bbox 3612 966 3707 1014; x_wconf 86' lang='lat' dir='ltr'>est</span> <span class='ocrx_word' id='word_1_398' title='bbox 3752 963 3891 1031; x_wconf 91' lang='lat' dir='ltr'>quod</span> 
     </span>
    </p>
   </div>
   <div class='ocr_carea' id='block_1_54' title="bbox 2191 1045 3889 1120">
    <p class='ocr_par' dir='ltr' id='par_1_54' title="bbox 2191 1045 3889 1120">
     <span class='ocr_line' id='line_1_54' title="bbox 2191 1045 3889 1120; baseline 0.003 -22"><span class='ocrx_word' id='word_1_399' title='bbox 2191 1045 2370 1099; x_wconf 89' lang='lat' dir='ltr'>sancti</span> <span class='ocrx_word' id='word_1_400' title='bbox 2401 1051 2554 1112; x_wconf 89' lang='lat' dir='ltr'>sunt,</span> <span class='ocrx_word' id='word_1_401' title='bbox 2603 1046 2647 1099; x_wconf 92' lang='lat' dir='ltr'>si</span> <span class='ocrx_word' id='word_1_402' title='bbox 2683 1063 2783 1116; x_wconf 89' lang='lat' dir='ltr'>pro</span> <span class='ocrx_word' id='word_1_403' title='bbox 2841 1047 3090 1101; x_wconf 85' lang='lat' dir='ltr'>inimicis</span> <span class='ocrx_word' id='word_1_404' title='bbox 3146 1049 3262 1102; x_wconf 88' lang='lat' dir='ltr'>suis</span> <span class='ocrx_word' id='word_1_405' title='bbox 3293 1066 3434 1120; x_wconf 91' lang='lat' dir='ltr'>quos</span> <span class='ocrx_word' id='word_1_406' title='bbox 3485 1056 3629 1103; x_wconf 90' lang='lat' dir='ltr'>tunc</span> <span class='ocrx_word' id='word_1_407' title='bbox 3697 1050 3889 1103; x_wconf 84' lang='lat' dir='ltr'>ardere</span> 
     </span>
    </p>
   </div>
   <div class='ocr_carea' id='block_1_55' title="bbox 2190 1131 3887 1207">
    <p class='ocr_par' dir='ltr' id='par_1_55' title="bbox 2190 1131 3887 1207">
     <span class='ocr_line' id='line_1_55' title="bbox 2190 1131 3887 1207; baseline 0.002 -23"><span class='ocrx_word' id='word_1_408' title='bbox 2190 1131 2453 1198; x_wconf 90' lang='lat' dir='ltr'>viderint,</span> <span class='ocrx_word' id='word_1_409' title='bbox 2493 1149 2610 1186; x_wconf 90' lang='lat' dir='ltr'>non</span> <span class='ocrx_word' id='word_1_410' title='bbox 2641 1133 2923 1188; x_wconf 88' lang='lat' dir='ltr'>orabunt?</span> <span class='ocrx_word' id='word_1_411' title='bbox 2954 1164 3024 1174; x_wconf 94' lang='lat'><em>—</em></span> <span class='ocrx_word' id='word_1_412' title='bbox 3048 1135 3265 1199; x_wconf 87' lang='lat' dir='ltr'>Quibus</span> <span class='ocrx_word' id='word_1_413' title='bbox 3299 1135 3498 1207; x_wconf 89' lang='lat' dir='ltr'>utique</span> <span class='ocrx_word' id='word_1_414' title='bbox 3523 1136 3756 1190; x_wconf 88' lang='lat' dir='ltr'>dictum</span> <span class='ocrx_word' id='word_1_415' title='bbox 3781 1141 3887 1190; x_wconf 86' lang='lat' dir='ltr'>est:</span> 
     </span>
    </p>
   </div>
   <div class='ocr_carea' id='block_1_56' title="bbox 2193 1221 3888 1295">
    <p class='ocr_par' dir='ltr' id='par_1_56' title="bbox 2193 1221 3888 1295">
     <span class='ocr_line' id='line_1_56' title="bbox 2193 1221 3888 1295; baseline 0.004 -23"><span class='ocrx_word' id='word_1_416' title='bbox 2193 1221 2301 1273; x_wconf 86' lang='lat' dir='ltr'>Pro</span> <span class='ocrx_word' id='word_1_417' title='bbox 2330 1221 2576 1274; x_wconf 89' lang='lat' dir='ltr'>inimicis</span> <span class='ocrx_word' id='word_1_418' title='bbox 2603 1221 2802 1274; x_wconf 90' lang='lat' dir='ltr'>vestris</span> <span class='ocrx_word' id='word_1_419' title='bbox 2833 1228 3010 1276; x_wconf 88' lang='lat' dir='ltr'>orate.</span> <span class='ocrx_word' id='word_1_420' title='bbox 3046 1223 3221 1277; x_wconf 90' lang='lat' dir='ltr'>Orant</span> <span class='ocrx_word' id='word_1_421' title='bbox 3253 1241 3355 1295; x_wconf 88' lang='lat' dir='ltr'>pro</span> <span class='ocrx_word' id='word_1_422' title='bbox 3389 1225 3644 1278; x_wconf 89' lang='lat' dir='ltr'>inimicis</span> <span class='ocrx_word' id='word_1_423' title='bbox 3683 1227 3804 1278; x_wconf 87' lang='lat' dir='ltr'>suis</span> <span class='ocrx_word' id='word_1_424' title='bbox 3829 1243 3888 1278; x_wconf 87' lang='lat' dir='ltr'>eo</span> 
     </span>
    </p>
   </div>
   <div class='ocr_carea' id='block_1_57' title="bbox 2192 1312 3887 1384">
    <p class='ocr_par' dir='ltr' id='par_1_57' title="bbox 2192 1312 3887 1384">
     <span class='ocr_line' id='line_1_57' title="bbox 2192 1312 3887 1384; baseline 0.003 -23"><span class='ocrx_word' id='word_1_425' title='bbox 2192 1312 2448 1378; x_wconf 88' lang='lat' dir='ltr'>tempore</span> <span class='ocrx_word' id='word_1_426' title='bbox 2512 1326 2625 1380; x_wconf 93' lang='lat' dir='ltr'>quo</span> <span class='ocrx_word' id='word_1_427' title='bbox 2687 1317 2930 1380; x_wconf 88' lang='lat' dir='ltr'>possunt</span> <span class='ocrx_word' id='word_1_428' title='bbox 2976 1312 3045 1366; x_wconf 90' lang='lat' dir='ltr'>ad</span> <span class='ocrx_word' id='word_1_429' title='bbox 3096 1313 3439 1366; x_wconf 83' lang='lat' dir='ltr'>fructuosam</span> <span class='ocrx_word' id='word_1_430' title='bbox 3489 1314 3887 1384; x_wconf 68' lang='lat' dir='ltr'>paenitentiam</span> 
     </span>
    </p>
   </div>
   <div class='ocr_carea' id='block_1_58' title="bbox 2193 1397 3890 1471">
    <p class='ocr_par' dir='ltr' id='par_1_58' title="bbox 2193 1397 3890 1471">
     <span class='ocr_line' id='line_1_58' title="bbox 2193 1397 3890 1471; baseline 0.003 -22"><span class='ocrx_word' id='word_1_431' title='bbox 2193 1413 2391 1450; x_wconf 91' lang='lat' dir='ltr'>eorum</span> <span class='ocrx_word' id='word_1_432' title='bbox 2450 1397 2624 1452; x_wconf 88' lang='lat' dir='ltr'>corda</span> <span class='ocrx_word' id='word_1_433' title='bbox 2688 1405 3040 1466; x_wconf 89' lang='lat' dir='ltr'>convertere,</span> <span class='ocrx_word' id='word_1_434' title='bbox 3112 1406 3284 1471; x_wconf 91' lang='lat' dir='ltr'>atque</span> <span class='ocrx_word' id='word_1_435' title='bbox 3341 1401 3462 1471; x_wconf 88' lang='lat' dir='ltr'>ipsa</span> <span class='ocrx_word' id='word_1_436' title='bbox 3517 1403 3890 1455; x_wconf 88' lang='lat' dir='ltr'>conversione</span> 
     </span>
    </p>
   </div>
   <div class='ocr_carea' id='block_1_59' title="bbox 2194 1486 3891 1558">
    <p class='ocr_par' dir='ltr' id='par_1_59' title="bbox 2194 1486 3891 1558">
     <span class='ocr_line' id='line_1_59' title="bbox 2194 1486 3891 1558; baseline 0.003 -20"><span class='ocrx_word' id='word_1_437' title='bbox 2194 1487 2427 1539; x_wconf 90' lang='lat' dir='ltr'>salvare.</span> <span class='ocrx_word' id='word_1_438' title='bbox 2469 1486 2614 1550; x_wconf 86' lang='lat' dir='ltr'>Quid</span> <span class='ocrx_word' id='word_1_439' title='bbox 2649 1487 2801 1540; x_wconf 92' lang='lat' dir='ltr'>enim</span> <span class='ocrx_word' id='word_1_440' title='bbox 2830 1487 2982 1541; x_wconf 90' lang='lat' dir='ltr'>aliud</span> <span class='ocrx_word' id='word_1_441' title='bbox 3016 1504 3121 1558; x_wconf 91' lang='lat' dir='ltr'>pro</span> <span class='ocrx_word' id='word_1_442' title='bbox 3164 1488 3410 1542; x_wconf 90' lang='lat' dir='ltr'>inimicis</span> <span class='ocrx_word' id='word_1_443' title='bbox 3449 1489 3569 1543; x_wconf 91' lang='lat' dir='ltr'>suis</span> <span class='ocrx_word' id='word_1_444' title='bbox 3608 1490 3891 1543; x_wconf 88' lang='lat' dir='ltr'>orandum</span> 
     </span>
    </p>
   </div>
   <div class='ocr_carea' id='block_1_60' title="bbox 2194 1574 3896 1647">
    <p class='ocr_par' dir='ltr' id='par_1_60' title="bbox 2194 1574 3896 1647">
     <span class='ocr_line' id='line_1_60' title="bbox 2194 1574 3896 1647; baseline 0.003 -21"><span class='ocrx_word' id='word_1_445' title='bbox 2194 1578 2297 1640; x_wconf 91' lang='lat' dir='ltr'>est,</span> <span class='ocrx_word' id='word_1_446' title='bbox 2349 1574 2458 1627; x_wconf 90' lang='lat' dir='ltr'>nisi</span> <span class='ocrx_word' id='word_1_447' title='bbox 2507 1575 2613 1628; x_wconf 89' lang='lat' dir='ltr'>hoc</span> <span class='ocrx_word' id='word_1_448' title='bbox 2659 1576 2810 1646; x_wconf 92' lang='lat' dir='ltr'>quod</span> <span class='ocrx_word' id='word_1_449' title='bbox 2859 1575 2936 1629; x_wconf 88' lang='lat' dir='ltr'>ait</span> <span class='ocrx_word' id='word_1_450' title='bbox 2965 1577 3273 1647; x_wconf 86' lang='lat' dir='ltr'>Apostolus</span> <span class='ocrx_word' id='word_1_451' title='bbox 3308 1595 3319 1631; x_wconf 93' lang='lat'>:</span> <span class='ocrx_word' id='word_1_452' title='bbox 3360 1578 3428 1632; x_wconf 88' lang='lat' dir='ltr'>Ut</span> <span class='ocrx_word' id='word_1_453' title='bbox 3472 1577 3572 1631; x_wconf 92' lang='lat' dir='ltr'>det</span> <span class='ocrx_word' id='word_1_454' title='bbox 3603 1578 3722 1632; x_wconf 86' lang='lat' dir='ltr'>illis</span> <span class='ocrx_word' id='word_1_455' title='bbox 3756 1579 3896 1632; x_wconf 86' lang='lat' dir='ltr'>Deus</span> 
     </span>
    </p>
   </div>
   <div class='ocr_carea' id='block_1_61' title="bbox 2195 1662 3898 1735">
    <p class='ocr_par' dir='ltr' id='par_1_61' title="bbox 2195 1662 3898 1735">
     <span class='ocr_line' id='line_1_61' title="bbox 2195 1662 3898 1735; baseline 0.002 -20"><span class='ocrx_word' id='word_1_456' title='bbox 2195 1662 2590 1733; x_wconf 67' lang='lat' dir='ltr'>paenitentiam</span> <span class='ocrx_word' id='word_1_457' title='bbox 2661 1664 2729 1718; x_wconf 92' lang='lat' dir='ltr'>ad</span> <span class='ocrx_word' id='word_1_458' title='bbox 2774 1664 3229 1735; x_wconf 80' lang='lat' dir='ltr'>cognoscendam</span> <span class='ocrx_word' id='word_1_459' title='bbox 3297 1665 3622 1735; x_wconf 84' lang='lat' dir='ltr'>veritatem,</span> <span class='ocrx_word' id='word_1_460' title='bbox 3669 1670 3730 1719; x_wconf 87' lang='lat' dir='ltr'>et</span> <span class='ocrx_word' id='word_1_461' title='bbox 3769 1667 3898 1720; x_wconf 84' lang='lat' dir='ltr'>resi-</span> 
     </span>
    </p>
   </div>
   <div class='ocr_carea' id='block_1_62' title="bbox 2197 1750 3892 1823">
    <p class='ocr_par' dir='ltr' id='par_1_62' title="bbox 2197 1750 3892 1823">
     <span class='ocr_line' id='line_1_62' title="bbox 2197 1750 3892 1823; baseline 0.002 -20"><span class='ocrx_word' id='word_1_462' title='bbox 2197 1750 2417 1820; x_wconf 89' lang='lat' dir='ltr'>piscant</span> <span class='ocrx_word' id='word_1_463' title='bbox 2447 1768 2478 1805; x_wconf 93' lang='lat' dir='ltr'>a</span> <span class='ocrx_word' id='word_1_464' title='bbox 2524 1751 2742 1806; x_wconf 87' lang='lat' dir='ltr'>diaboli</span> <span class='ocrx_word' id='word_1_465' title='bbox 2789 1752 3031 1822; x_wconf 89' lang='lat' dir='ltr'>laqueis,</span> <span class='ocrx_word' id='word_1_466' title='bbox 3063 1769 3093 1805; x_wconf 88' lang='lat' dir='ltr'>a</span> <span class='ocrx_word' id='word_1_467' title='bbox 3120 1770 3234 1823; x_wconf 91' lang='lat' dir='ltr'>quo</span> <span class='ocrx_word' id='word_1_468' title='bbox 3281 1753 3488 1823; x_wconf 84' lang='lat' dir='ltr'>captivi</span> <span class='ocrx_word' id='word_1_469' title='bbox 3519 1759 3802 1807; x_wconf 87' lang='lat' dir='ltr'>tenentur</span> <span class='ocrx_word' id='word_1_470' title='bbox 3831 1753 3892 1807; x_wconf 89' lang='lat' dir='ltr'>ad</span> 
     </span>
    </p>
   </div>
   <div class='ocr_carea' id='block_1_63' title="bbox 2195 1837 3897 1912">
    <p class='ocr_par' dir='ltr' id='par_1_63' title="bbox 2195 1837 3897 1912">
     <span class='ocr_line' id='line_1_63' title="bbox 2195 1837 3897 1912; baseline 0.002 -21"><span class='ocrx_word' id='word_1_471' title='bbox 2195 1837 2376 1908; x_wconf 91' lang='lat' dir='ltr'>ipsius</span> <span class='ocrx_word' id='word_1_472' title='bbox 2405 1840 2758 1894; x_wconf 90' lang='lat' dir='ltr'>voluntatem</span> <span class='ocrx_word' id='word_1_473' title='bbox 2779 1843 2806 1892; x_wconf 80' lang='lat'>‘?</span> <span class='ocrx_word' id='word_1_474' title='bbox 2837 1842 2903 1895; x_wconf 87' lang='lat' dir='ltr'>Et</span> <span class='ocrx_word' id='word_1_475' title='bbox 2928 1842 3221 1911; x_wconf 86' lang='lat' dir='ltr'>quomodo</span> <span class='ocrx_word' id='word_1_476' title='bbox 3252 1858 3357 1912; x_wconf 88' lang='lat' dir='ltr'>pro</span> <span class='ocrx_word' id='word_1_477' title='bbox 3395 1842 3510 1896; x_wconf 89' lang='lat' dir='ltr'>illis</span> <span class='ocrx_word' id='word_1_478' title='bbox 3535 1848 3678 1896; x_wconf 89' lang='lat' dir='ltr'>tunc</span> <span class='ocrx_word' id='word_1_479' title='bbox 3712 1842 3897 1896; x_wconf 84' lang='lat' dir='ltr'>orabi-</span> 
     </span>
    </p>
   </div>
   <div class='ocr_carea' id='block_1_64' title="bbox 2197 1927 3893 2002">
    <p class='ocr_par' dir='ltr' id='par_1_64' title="bbox 2197 1927 3893 2002">
     <span class='ocr_line' id='line_1_64' title="bbox 2197 1927 3893 2002; baseline 0.002 -21"><span class='ocrx_word' id='word_1_480' title='bbox 2197 1933 2311 1994; x_wconf 89' lang='lat' dir='ltr'>tur,</span> <span class='ocrx_word' id='word_1_481' title='bbox 2344 1927 2440 1998; x_wconf 92' lang='lat' dir='ltr'>qui</span> <span class='ocrx_word' id='word_1_482' title='bbox 2469 1927 2591 1997; x_wconf 89' lang='lat' dir='ltr'>jam</span> <span class='ocrx_word' id='word_1_483' title='bbox 2623 1929 2947 1982; x_wconf 89' lang='lat' dir='ltr'>nullatenus</span> <span class='ocrx_word' id='word_1_484' title='bbox 2980 1936 3220 2000; x_wconf 89' lang='lat' dir='ltr'>possunt</span> <span class='ocrx_word' id='word_1_485' title='bbox 3246 1930 3313 1984; x_wconf 89' lang='lat' dir='ltr'>ad</span> <span class='ocrx_word' id='word_1_486' title='bbox 3341 1929 3582 2000; x_wconf 69' lang='lat' dir='ltr'>justitiaa</span> <span class='ocrx_word' id='word_1_487' title='bbox 3615 1947 3797 2002; x_wconf 88' lang='lat' dir='ltr'>opera</span> <span class='ocrx_word' id='word_1_488' title='bbox 3827 1931 3893 1984; x_wconf 88' lang='lat' dir='ltr'>ab</span> 
     </span>
    </p>
   </div>
   <div class='ocr_carea' id='block_1_65' title="bbox 2197 2016 3893 2088">
    <p class='ocr_par' dir='ltr' id='par_1_65' title="bbox 2197 2016 3893 2088">
     <span class='ocr_line' id='line_1_65' title="bbox 2197 2016 3893 2088; baseline 0.002 -20"><span class='ocrx_word' id='word_1_489' title='bbox 2197 2016 2499 2086; x_wconf 89' lang='lat' dir='ltr'>iniquitate</span> <span class='ocrx_word' id='word_1_490' title='bbox 2548 2017 2938 2070; x_wconf 89' lang='lat' dir='ltr'>commutari?</span> <span class='ocrx_word' id='word_1_491' title='bbox 2991 2018 3196 2071; x_wconf 89' lang='lat' dir='ltr'>Eadem</span> <span class='ocrx_word' id='word_1_492' title='bbox 3247 2019 3439 2088; x_wconf 85' lang='lat' dir='ltr'>itaque</span> <span class='ocrx_word' id='word_1_493' title='bbox 3474 2035 3649 2072; x_wconf 87' lang='lat' dir='ltr'>causa</span> <span class='ocrx_word' id='word_1_494' title='bbox 3681 2026 3766 2072; x_wconf 84' lang='lat' dir='ltr'>est</span> <span class='ocrx_word' id='word_1_495' title='bbox 3798 2036 3893 2073; x_wconf 89' lang='lat' dir='ltr'>cur</span> 
     </span>
    </p>
   </div>
   <div class='ocr_carea' id='block_1_66' title="bbox 2198 2105 3894 2177">
    <p class='ocr_par' dir='ltr' id='par_1_66' title="bbox 2198 2105 3894 2177">
     <span class='ocr_line' id='line_1_66' title="bbox 2198 2105 3894 2177; baseline 0.002 -21"><span class='ocrx_word' id='word_1_496' title='bbox 2198 2120 2313 2157; x_wconf 90' lang='lat' dir='ltr'>non</span> <span class='ocrx_word' id='word_1_497' title='bbox 2345 2109 2540 2158; x_wconf 84' lang='lat' dir='ltr'>oretur</span> <span class='ocrx_word' id='word_1_498' title='bbox 2569 2111 2705 2159; x_wconf 90' lang='lat' dir='ltr'>tunc</span> <span class='ocrx_word' id='word_1_499' title='bbox 2735 2121 2840 2175; x_wconf 91' lang='lat' dir='ltr'>pro</span> <span class='ocrx_word' id='word_1_500' title='bbox 2871 2105 3202 2159; x_wconf 91' lang='lat' dir='ltr'>hominibus</span> <span class='ocrx_word' id='word_1_501' title='bbox 3231 2112 3444 2160; x_wconf 71' lang='lat' dir='ltr'>aeterno</span> <span class='ocrx_word' id='word_1_502' title='bbox 3483 2107 3620 2177; x_wconf 86' lang='lat' dir='ltr'>igne</span> <span class='ocrx_word' id='word_1_503' title='bbox 3652 2108 3894 2160; x_wconf 81' lang='lat' dir='ltr'>damna-</span> 
     </span>
    </p>
   </div>
   <div class='ocr_carea' id='block_1_67' title="bbox 2196 2191 3894 2266">
    <p class='ocr_par' dir='ltr' id='par_1_67' title="bbox 2196 2191 3894 2266">
     <span class='ocr_line' id='line_1_67' title="bbox 2196 2191 3894 2266; baseline 0.003 -21"><span class='ocrx_word' id='word_1_504' title='bbox 2196 2191 2288 2255; x_wconf 86' lang='lat' dir='ltr'>tis,</span> <span class='ocrx_word' id='word_1_505' title='bbox 2323 2208 2450 2260; x_wconf 65' lang='lat' dir='ltr'>que:</span> <span class='ocrx_word' id='word_1_506' title='bbox 2490 2208 2643 2244; x_wconf 90' lang='lat' dir='ltr'>nunc</span> <span class='ocrx_word' id='word_1_507' title='bbox 2691 2192 2862 2245; x_wconf 90' lang='lat' dir='ltr'>etiam</span> <span class='ocrx_word' id='word_1_508' title='bbox 2914 2209 3082 2246; x_wconf 90' lang='lat' dir='ltr'>causa</span> <span class='ocrx_word' id='word_1_509' title='bbox 3121 2199 3226 2259; x_wconf 91' lang='lat' dir='ltr'>est,</span> <span class='ocrx_word' id='word_1_510' title='bbox 3267 2199 3331 2247; x_wconf 89' lang='lat' dir='ltr'>ut</span> <span class='ocrx_word' id='word_1_511' title='bbox 3374 2211 3489 2248; x_wconf 88' lang='lat' dir='ltr'>non</span> <span class='ocrx_word' id='word_1_512' title='bbox 3552 2201 3758 2249; x_wconf 89' lang='lat' dir='ltr'>oretur</span> <span class='ocrx_word' id='word_1_513' title='bbox 3798 2213 3894 2266; x_wconf 90' lang='lat' dir='ltr'>pro</span> 
     </span>
    </p>
   </div>
   <div class='ocr_carea' id='block_1_68' title="bbox 2197 2279 3893 2354">
    <p class='ocr_par' dir='ltr' id='par_1_68' title="bbox 2197 2279 3893 2354">
     <span class='ocr_line' id='line_1_68' title="bbox 2197 2279 3893 2354; baseline 0.003 -21"><span class='ocrx_word' id='word_1_514' title='bbox 2197 2279 2448 2346; x_wconf 86' lang='lat' dir='ltr'>diabolo,</span> <span class='ocrx_word' id='word_1_515' title='bbox 2490 2279 2826 2351; x_wconf 88' lang='lat' dir='ltr'>angelisque</span> <span class='ocrx_word' id='word_1_516' title='bbox 2875 2282 2998 2352; x_wconf 89' lang='lat' dir='ltr'>ejus</span> <span class='ocrx_word' id='word_1_517' title='bbox 3028 2286 3242 2336; x_wconf 69' lang='lat' dir='ltr'>aeterno</span> <span class='ocrx_word' id='word_1_518' title='bbox 3271 2284 3554 2353; x_wconf 88' lang='lat' dir='ltr'>supplicio</span> <span class='ocrx_word' id='word_1_519' title='bbox 3589 2285 3893 2354; x_wconf 84' lang='lat' dir='ltr'>deputatis.</span> 
     </span>
    </p>
   </div>
   <div class='ocr_carea' id='block_1_69' title="bbox 2197 2369 3898 2434">
    <p class='ocr_par' dir='ltr' id='par_1_69' title="bbox 2197 2369 3898 2434">
     <span class='ocr_line' id='line_1_69' title="bbox 2197 2369 3898 2434; baseline 0.003 -12"><span class='ocrx_word' id='word_1_520' title='bbox 2197 2369 2331 2434; x_wconf 75' lang='lat' dir='ltr'>Quae</span> <span class='ocrx_word' id='word_1_521' title='bbox 2372 2386 2524 2423; x_wconf 91' lang='lat' dir='ltr'>nunc</span> <span class='ocrx_word' id='word_1_522' title='bbox 2554 2371 2726 2425; x_wconf 88' lang='lat' dir='ltr'>etiam</span> <span class='ocrx_word' id='word_1_523' title='bbox 2775 2387 2940 2425; x_wconf 87' lang='lat' dir='ltr'>causa</span> <span class='ocrx_word' id='word_1_524' title='bbox 2986 2378 3071 2425; x_wconf 91' lang='lat' dir='ltr'>est</span> <span class='ocrx_word' id='word_1_525' title='bbox 3101 2378 3164 2425; x_wconf 92' lang='lat' dir='ltr'>ut</span> <span class='ocrx_word' id='word_1_526' title='bbox 3194 2389 3306 2426; x_wconf 90' lang='lat' dir='ltr'>non</span> <span class='ocrx_word' id='word_1_527' title='bbox 3340 2378 3506 2426; x_wconf 90' lang='lat' dir='ltr'>orent</span> <span class='ocrx_word' id='word_1_528' title='bbox 3561 2376 3747 2427; x_wconf 91' lang='lat' dir='ltr'>sancti</span> <span class='ocrx_word' id='word_1_529' title='bbox 3797 2376 3898 2427; x_wconf 84' lang='lat' dir='ltr'>ho-</span> 
     </span>
    </p>
   </div>
   <div class='ocr_carea' id='block_1_70' title="bbox 2199 2459 3899 2533">
    <p class='ocr_par' dir='ltr' id='par_1_70' title="bbox 2199 2459 3899 2533">
     <span class='ocr_line' id='line_1_70' title="bbox 2199 2459 3899 2533; baseline 0.002 -21"><span class='ocrx_word' id='word_1_530' title='bbox 2199 2460 2398 2523; x_wconf 89' lang='lat' dir='ltr'>mines,</span> <span class='ocrx_word' id='word_1_531' title='bbox 2443 2477 2546 2529; x_wconf 90' lang='lat' dir='ltr'>pro</span> <span class='ocrx_word' id='word_1_532' title='bbox 2593 2459 2926 2513; x_wconf 90' lang='lat' dir='ltr'>hominibus</span> <span class='ocrx_word' id='word_1_533' title='bbox 2957 2461 3013 2513; x_wconf 87' lang='lat' dir='ltr'>in</span> <span class='ocrx_word' id='word_1_534' title='bbox 3054 2461 3322 2514; x_wconf 86' lang='lat' dir='ltr'>ﬁdelibus</span> <span class='ocrx_word' id='word_1_535' title='bbox 3355 2463 3669 2533; x_wconf 87' lang='lat' dir='ltr'>impiisque</span> <span class='ocrx_word' id='word_1_536' title='bbox 3709 2464 3899 2516; x_wconf 83' lang='lat' dir='ltr'>defun-</span> 
     </span>
    </p>
   </div>
   <div class='ocr_carea' id='block_1_71' title="bbox 2201 2547 3898 2621">
    <p class='ocr_par' dir='ltr' id='par_1_71' title="bbox 2201 2547 3898 2621">
     <span class='ocr_line' id='line_1_71' title="bbox 2201 2547 3898 2621; baseline 0.003 -21"><span class='ocrx_word' id='word_1_537' title='bbox 2201 2547 2305 2601; x_wconf 89' lang='lat' dir='ltr'>ctis</span> <span class='ocrx_word' id='word_1_538' title='bbox 2339 2565 2351 2600; x_wconf 92' lang='lat'>:</span> <span class='ocrx_word' id='word_1_539' title='bbox 2382 2547 2491 2600; x_wconf 90' lang='lat' dir='ltr'>nisi</span> <span class='ocrx_word' id='word_1_540' title='bbox 2521 2547 2656 2618; x_wconf 89' lang='lat' dir='ltr'>quia</span> <span class='ocrx_word' id='word_1_541' title='bbox 2707 2548 2775 2601; x_wconf 90' lang='lat' dir='ltr'>de</span> <span class='ocrx_word' id='word_1_542' title='bbox 2817 2548 2898 2600; x_wconf 90' lang='lat' dir='ltr'>eis</span> <span class='ocrx_word' id='word_1_543' title='bbox 2930 2565 3074 2619; x_wconf 90' lang='lat' dir='ltr'>quos</span> <span class='ocrx_word' id='word_1_544' title='bbox 3114 2550 3314 2621; x_wconf 89' lang='lat' dir='ltr'>utique</span> <span class='ocrx_word' id='word_1_545' title='bbox 3347 2551 3655 2621; x_wconf 89' lang='lat' dir='ltr'>deputatos</span> <span class='ocrx_word' id='word_1_546' title='bbox 3688 2559 3898 2605; x_wconf 67' lang='lat' dir='ltr'>aeterno</span> 
     </span>
    </p>
   </div>
   <div class='ocr_carea' id='block_1_72' title="bbox 2200 2637 3895 2709">
    <p class='ocr_par' dir='ltr' id='par_1_72' title="bbox 2200 2637 3895 2709">
     <span class='ocr_line' id='line_1_72' title="bbox 2200 2637 3895 2709; baseline 0.002 -18"><span class='ocrx_word' id='word_1_547' title='bbox 2200 2637 2478 2708; x_wconf 88' lang='lat' dir='ltr'>supplicio</span> <span class='ocrx_word' id='word_1_548' title='bbox 2503 2638 2622 2707; x_wconf 87' lang='lat' dir='ltr'>jam</span> <span class='ocrx_word' id='word_1_549' title='bbox 2671 2638 2960 2704; x_wconf 88' lang='lat' dir='ltr'>noverint,</span> <span class='ocrx_word' id='word_1_550' title='bbox 3003 2642 3133 2691; x_wconf 91' lang='lat' dir='ltr'>ante</span> <span class='ocrx_word' id='word_1_551' title='bbox 3165 2639 3328 2692; x_wconf 90' lang='lat' dir='ltr'>illum</span> <span class='ocrx_word' id='word_1_552' title='bbox 3355 2639 3569 2709; x_wconf 90' lang='lat' dir='ltr'>judicis</span> <span class='ocrx_word' id='word_1_553' title='bbox 3592 2639 3740 2708; x_wconf 81' lang='lat' dir='ltr'>justi</span> <span class='ocrx_word' id='word_1_554' title='bbox 3772 2658 3895 2694; x_wconf 85' lang='lat' dir='ltr'>con-</span> 
     </span>
    </p>
   </div>
   <div class='ocr_carea' id='block_1_73' title="bbox 2200 2724 3896 2799">
    <p class='ocr_par' dir='ltr' id='par_1_73' title="bbox 2200 2724 3896 2799">
     <span class='ocr_line' id='line_1_73' title="bbox 2200 2724 3896 2799; baseline 0.004 -22"><span class='ocrx_word' id='word_1_555' title='bbox 2200 2731 2399 2794; x_wconf 86' lang='lat' dir='ltr'>spectu</span> <span class='ocrx_word' id='word_1_556' title='bbox 2461 2724 2735 2778; x_wconf 90' lang='lat' dir='ltr'>orationis</span> <span class='ocrx_word' id='word_1_557' title='bbox 2797 2742 2914 2778; x_wconf 68' lang='lat' dir='ltr'>suae</span> <span class='ocrx_word' id='word_1_558' title='bbox 2975 2726 3243 2780; x_wconf 88' lang='lat' dir='ltr'>meritum</span> <span class='ocrx_word' id='word_1_559' title='bbox 3295 2728 3503 2780; x_wconf 82' lang='lat' dir='ltr'>cassari</span> <span class='ocrx_word' id='word_1_560' title='bbox 3561 2727 3896 2799; x_wconf 82' lang='lat' dir='ltr'>refugiunt?</span> 
     </span>
    </p>
   </div>
   <div class='ocr_carea' id='block_1_74' title="bbox 2201 2815 3897 2886">
    <p class='ocr_par' dir='ltr' id='par_1_74' title="bbox 2201 2815 3897 2886">
     <span class='ocr_line' id='line_1_74' title="bbox 2201 2815 3897 2886; baseline 0.002 -19"><span class='ocrx_word' id='word_1_561' title='bbox 2201 2815 2360 2879; x_wconf 89' lang='lat' dir='ltr'>Quod</span> <span class='ocrx_word' id='word_1_562' title='bbox 2407 2815 2452 2867; x_wconf 81' lang='lat' dir='ltr'>si</span> <span class='ocrx_word' id='word_1_563' title='bbox 2502 2831 2654 2868; x_wconf 91' lang='lat' dir='ltr'>nunc</span> <span class='ocrx_word' id='word_1_564' title='bbox 2716 2831 2946 2885; x_wconf 86' lang='lat' dir='ltr'>quoque</span> <span class='ocrx_word' id='word_1_565' title='bbox 3009 2816 3258 2869; x_wconf 85' lang='lat' dir='ltr'>viventes</span> <span class='ocrx_word' id='word_1_566' title='bbox 3309 2817 3470 2886; x_wconf 90' lang='lat' dir='ltr'>justi,</span> <span class='ocrx_word' id='word_1_567' title='bbox 3535 2819 3787 2871; x_wconf 83' lang='lat' dir='ltr'>mortuis</span> <span class='ocrx_word' id='word_1_568' title='bbox 3848 2825 3897 2871; x_wconf 88' lang='lat' dir='ltr'>et</span> 
     </span>
    </p>
   </div>
   <div class='ocr_carea' id='block_1_75' title="bbox 2202 2903 3899 2978">
    <p class='ocr_par' dir='ltr' id='par_1_75' title="bbox 2202 2903 3899 2978">
     <span class='ocr_line' id='line_1_75' title="bbox 2202 2903 3899 2978; baseline 0.002 -23"><span class='ocrx_word' id='word_1_569' title='bbox 2202 2903 2487 2956; x_wconf 87' lang='lat' dir='ltr'>damnatis</span> <span class='ocrx_word' id='word_1_570' title='bbox 2553 2903 2780 2973; x_wconf 88' lang='lat' dir='ltr'>injustis</span> <span class='ocrx_word' id='word_1_571' title='bbox 2847 2903 3086 2957; x_wconf 89' lang='lat' dir='ltr'>minime</span> <span class='ocrx_word' id='word_1_572' title='bbox 3152 2905 3608 2976; x_wconf 87' lang='lat' dir='ltr'>compatiuntur,</span> <span class='ocrx_word' id='word_1_573' title='bbox 3673 2906 3899 2978; x_wconf 88' lang='lat' dir='ltr'>quando</span> 
     </span>
    </p>
   </div>
   <div class='ocr_carea' id='block_1_76' title="bbox 2205 2991 3903 3066">
    <p class='ocr_par' dir='ltr' id='par_1_76' title="bbox 2205 2991 3903 3066">
     <span class='ocr_line' id='line_1_76' title="bbox 2205 2991 3903 3066; baseline 0.003 -22"><span class='ocrx_word' id='word_1_574' title='bbox 2205 2992 2388 3046; x_wconf 83' lang='lat' dir='ltr'>adhuc</span> <span class='ocrx_word' id='word_1_575' title='bbox 2429 2991 2645 3062; x_wconf 90' lang='lat' dir='ltr'>aliquid</span> <span class='ocrx_word' id='word_1_576' title='bbox 2689 2991 2999 3062; x_wconf 90' lang='lat' dir='ltr'>judicabile</span> <span class='ocrx_word' id='word_1_577' title='bbox 3048 2994 3115 3046; x_wconf 91' lang='lat' dir='ltr'>de</span> <span class='ocrx_word' id='word_1_578' title='bbox 3164 3009 3267 3047; x_wconf 90' lang='lat' dir='ltr'>sua</span> <span class='ocrx_word' id='word_1_579' title='bbox 3305 3010 3473 3047; x_wconf 88' lang='lat' dir='ltr'>carne</span> <span class='ocrx_word' id='word_1_580' title='bbox 3515 3011 3639 3048; x_wconf 90' lang='lat' dir='ltr'>sese</span> <span class='ocrx_word' id='word_1_581' title='bbox 3677 2995 3903 3066; x_wconf 89' lang='lat' dir='ltr'>perpeti</span> 
     </span>
    </p>
   </div>
   <div class='ocr_carea' id='block_1_77' title="bbox 2203 3079 3902 3154">
    <p class='ocr_par' dir='ltr' id='par_1_77' title="bbox 2203 3079 3902 3154">
     <span class='ocr_line' id='line_1_77' title="bbox 2203 3079 3902 3154; baseline 0.003 -23"><span class='ocrx_word' id='word_1_582' title='bbox 2203 3079 2373 3132; x_wconf 86' lang='lat' dir='ltr'>etiam</span> <span class='ocrx_word' id='word_1_583' title='bbox 2401 3080 2510 3148; x_wconf 92' lang='lat' dir='ltr'>ipsi</span> <span class='ocrx_word' id='word_1_584' title='bbox 2541 3079 2802 3134; x_wconf 88' lang='lat' dir='ltr'>noverint</span> <span class='ocrx_word' id='word_1_585' title='bbox 2835 3097 2848 3134; x_wconf 89' lang='lat'>:</span> <span class='ocrx_word' id='word_1_586' title='bbox 2881 3085 3095 3150; x_wconf 90' lang='lat' dir='ltr'>quanto</span> <span class='ocrx_word' id='word_1_587' title='bbox 3126 3081 3439 3136; x_wconf 84' lang='lat' dir='ltr'>districtius</span> <span class='ocrx_word' id='word_1_588' title='bbox 3478 3087 3617 3137; x_wconf 88' lang='lat' dir='ltr'>tunc</span> <span class='ocrx_word' id='word_1_589' title='bbox 3666 3083 3902 3154; x_wconf 78' lang='lat' dir='ltr'>iniquo-</span> 
     </span>
    </p>
   </div>
   <div class='ocr_carea' id='block_1_78' title="bbox 2202 3168 3904 3240">
    <p class='ocr_par' dir='ltr' id='par_1_78' title="bbox 2202 3168 3904 3240">
     <span class='ocr_line' id='line_1_78' title="bbox 2202 3168 3904 3240; baseline 0.002 -18"><span class='ocrx_word' id='word_1_590' title='bbox 2202 3185 2330 3222; x_wconf 90' lang='lat' dir='ltr'>rum</span> <span class='ocrx_word' id='word_1_591' title='bbox 2370 3172 2655 3222; x_wconf 89' lang='lat' dir='ltr'>tormenta</span> <span class='ocrx_word' id='word_1_592' title='bbox 2686 3168 3017 3239; x_wconf 89' lang='lat' dir='ltr'>respiciunt,</span> <span class='ocrx_word' id='word_1_593' title='bbox 3050 3169 3279 3240; x_wconf 90' lang='lat' dir='ltr'>quando</span> <span class='ocrx_word' id='word_1_594' title='bbox 3331 3171 3400 3224; x_wconf 75' lang='lat' dir='ltr'>ab</span> <span class='ocrx_word' id='word_1_595' title='bbox 3428 3171 3588 3224; x_wconf 90' lang='lat' dir='ltr'>omni</span> <span class='ocrx_word' id='word_1_596' title='bbox 3622 3172 3752 3226; x_wconf 73' lang='lat' dir='ltr'>vitae</span> <span class='ocrx_word' id='word_1_597' title='bbox 3782 3189 3904 3226; x_wconf 88' lang='lat' dir='ltr'>cor-</span> 
     </span>
    </p>
   </div>
   <div class='ocr_carea' id='block_1_79' title="bbox 2203 3255 3904 3331">
    <p class='ocr_par' dir='ltr' id='par_1_79' title="bbox 2203 3255 3904 3331">
     <span class='ocr_line' id='line_1_79' title="bbox 2203 3255 3904 3331; baseline 0.002 -22"><span class='ocrx_word' id='word_1_598' title='bbox 2203 3256 2468 3326; x_wconf 88' lang='lat' dir='ltr'>ruptione</span> <span class='ocrx_word' id='word_1_599' title='bbox 2533 3255 2714 3323; x_wconf 86' lang='lat' dir='ltr'>exuti,</span> <span class='ocrx_word' id='word_1_600' title='bbox 2775 3257 2883 3326; x_wconf 90' lang='lat' dir='ltr'>ipsi</span> <span class='ocrx_word' id='word_1_601' title='bbox 2938 3258 3060 3327; x_wconf 92' lang='lat' dir='ltr'>jam</span> <span class='ocrx_word' id='word_1_602' title='bbox 3122 3257 3360 3328; x_wconf 73' lang='lat' dir='ltr'>justitiee</span> <span class='ocrx_word' id='word_1_603' title='bbox 3418 3259 3663 3313; x_wconf 88' lang='lat' dir='ltr'>vicinius</span> <span class='ocrx_word' id='word_1_604' title='bbox 3732 3266 3904 3331; x_wconf 86' lang='lat' dir='ltr'>atque</span> 
     </span>
    </p>
   </div>
   <div class='ocr_carea' id='block_1_80' title="bbox 2203 3344 3904 3419">
    <p class='ocr_par' dir='ltr' id='par_1_80' title="bbox 2203 3344 3904 3419">
     <span class='ocr_line' id='line_1_80' title="bbox 2203 3344 3904 3419; baseline 0.002 -21"><span class='ocrx_word' id='word_1_605' title='bbox 2203 3362 2266 3398; x_wconf 83' lang='lat' dir='ltr'>ar</span> <span class='ocrx_word' id='word_1_606' title='bbox 2302 3345 2414 3398; x_wconf 92' lang='lat' dir='ltr'>tius</span> <span class='ocrx_word' id='word_1_607' title='bbox 2457 3344 2860 3398; x_wconf 84' lang='lat' dir='ltr'>inhaerebunt?</span> <span class='ocrx_word' id='word_1_608' title='bbox 2886 3344 2975 3398; x_wconf 89' lang='lat' dir='ltr'>Sic</span> <span class='ocrx_word' id='word_1_609' title='bbox 3025 3346 3239 3417; x_wconf 86' lang='lat' dir='ltr'>quippe</span> <span class='ocrx_word' id='word_1_610' title='bbox 3273 3363 3474 3400; x_wconf 90' lang='lat' dir='ltr'>eorum</span> <span class='ocrx_word' id='word_1_611' title='bbox 3521 3355 3768 3413; x_wconf 82' lang='lat' dir='ltr'>mentes,</span> <span class='ocrx_word' id='word_1_612' title='bbox 3802 3366 3904 3419; x_wconf 90' lang='lat' dir='ltr'>per</span> 
     </span>
    </p>
   </div>
   <div class='ocr_carea' id='block_1_81' title="bbox 2202 3433 3904 3506">
    <p class='ocr_par' dir='ltr' id='par_1_81' title="bbox 2202 3433 3904 3506">
     <span class='ocr_line' id='line_1_81' title="bbox 2202 3433 3904 3506; baseline 0.001 -17"><span class='ocrx_word' id='word_1_613' title='bbox 2202 3435 2311 3490; x_wconf 88' lang='lat' dir='ltr'>hoc</span> <span class='ocrx_word' id='word_1_614' title='bbox 2337 3434 2488 3504; x_wconf 80' lang='lat' dir='ltr'>quod</span> <span class='ocrx_word' id='word_1_615' title='bbox 2514 3433 2830 3504; x_wconf 87' lang='lat' dir='ltr'>justissimo</span> <span class='ocrx_word' id='word_1_616' title='bbox 2859 3435 3041 3489; x_wconf 87' lang='lat' dir='ltr'>Judici</span> <span class='ocrx_word' id='word_1_617' title='bbox 3077 3435 3377 3502; x_wconf 72' lang='lat' dir='ltr'>inluerent,</span> <span class='ocrx_word' id='word_1_618' title='bbox 3404 3437 3498 3506; x_wconf 86' lang='lat' dir='ltr'>jus</span> <span class='ocrx_word' id='word_1_619' title='bbox 3527 3437 3904 3491; x_wconf 84' lang='lat' dir='ltr'>districtionis</span> 
     </span>
    </p>
   </div>
   <div class='ocr_carea' id='block_1_82' title="bbox 2203 3523 3904 3596">
    <p class='ocr_par' dir='ltr' id='par_1_82' title="bbox 2203 3523 3904 3596">
     <span class='ocr_line' id='line_1_82' title="bbox 2203 3523 3904 3596; baseline 0.001 -18"><span class='ocrx_word' id='word_1_620' title='bbox 2203 3523 2486 3590; x_wconf 89' lang='lat' dir='ltr'>absorbet,</span> <span class='ocrx_word' id='word_1_621' title='bbox 2520 3526 2583 3576; x_wconf 89' lang='lat' dir='ltr'>ut</span> <span class='ocrx_word' id='word_1_622' title='bbox 2644 3523 2879 3576; x_wconf 91' lang='lat' dir='ltr'>omnino</span> <span class='ocrx_word' id='word_1_623' title='bbox 2913 3523 2993 3576; x_wconf 91' lang='lat' dir='ltr'>eis</span> <span class='ocrx_word' id='word_1_624' title='bbox 3059 3540 3174 3577; x_wconf 91' lang='lat' dir='ltr'>non</span> <span class='ocrx_word' id='word_1_625' title='bbox 3244 3524 3435 3590; x_wconf 88' lang='lat' dir='ltr'>libeat,</span> <span class='ocrx_word' id='word_1_626' title='bbox 3503 3525 3792 3596; x_wconf 87' lang='lat' dir='ltr'>quidquid</span> <span class='ocrx_word' id='word_1_627' title='bbox 3833 3527 3904 3578; x_wconf 92' lang='lat' dir='ltr'>ab</span> 
     </span>
    </p>
   </div>
   <div class='ocr_carea' id='block_1_83' title="bbox 2201 3611 3536 3682">
    <p class='ocr_par' dir='ltr' id='par_1_83' title="bbox 2201 3611 3536 3682">
     <span class='ocr_line' id='line_1_83' title="bbox 2201 3611 3536 3682; baseline 0.002 -17"><span class='ocrx_word' id='word_1_628' title='bbox 2201 3611 2355 3665; x_wconf 92' lang='lat' dir='ltr'>illius</span> <span class='ocrx_word' id='word_1_629' title='bbox 2385 3616 2613 3664; x_wconf 61' lang='lat' dir='ltr'>aeternas</span> <span class='ocrx_word' id='word_1_630' title='bbox 2644 3612 2855 3682; x_wconf 68' lang='lat' dir='ltr'>regulae</span> <span class='ocrx_word' id='word_1_631' title='bbox 2891 3611 3202 3666; x_wconf 89' lang='lat' dir='ltr'>subtilitate</span> <span class='ocrx_word' id='word_1_632' title='bbox 3229 3612 3536 3668; x_wconf 85' lang='lat' dir='ltr'>discordat.</span> 
     </span>
    </p>
   </div>
   <div class='ocr_carea' id='block_1_84' title="bbox 2203 3700 3902 3769">
    <p class='ocr_par' dir='ltr' id='par_1_84' title="bbox 2203 3700 3902 3769">
     <span class='ocr_line' id='line_1_84' title="bbox 2203 3700 3902 3769; baseline 0.001 -14"><span class='ocrx_word' id='word_1_633' title='bbox 2203 3701 2329 3756; x_wconf 80' lang='lat' dir='ltr'>CAP.</span> <span class='ocrx_word' id='word_1_634' title='bbox 2361 3700 2558 3754; x_wconf 86' lang='lat' dir='ltr'><strong>LXXII.</strong></span> <span class='ocrx_word' id='word_1_635' title='bbox 2605 3729 2674 3739; x_wconf 95' lang='lat'><strong>—</strong></span> <span class='ocrx_word' id='word_1_636' title='bbox 2715 3700 2866 3765; x_wconf 86' lang='lat' dir='ltr'>Quod</span> <span class='ocrx_word' id='word_1_637' title='bbox 2894 3700 3100 3755; x_wconf 82' lang='lat' dir='ltr'>duobus</span> <span class='ocrx_word' id='word_1_638' title='bbox 3130 3701 3302 3756; x_wconf 82' lang='lat' dir='ltr'>modis</span> <span class='ocrx_word' id='word_1_639' title='bbox 3335 3705 3451 3756; x_wconf 82' lang='lat' dir='ltr'>vita</span> <span class='ocrx_word' id='word_1_640' title='bbox 3487 3703 3733 3769; x_wconf 78' lang='lat' dir='ltr'>dicatur,</span> <span class='ocrx_word' id='word_1_641' title='bbox 3766 3701 3902 3756; x_wconf 80' lang='lat' dir='ltr'>duo-</span> 
     </span>
    </p>
   </div>
   <div class='ocr_carea' id='block_1_85' title="bbox 2618 3771 3478 3840">
    <p class='ocr_par' dir='ltr' id='par_1_85' title="bbox 2618 3771 3478 3840">
     <span class='ocr_line' id='line_1_85' title="bbox 2618 3771 3478 3840; baseline 0.005 -17"><span class='ocrx_word' id='word_1_642' title='bbox 2618 3771 2714 3824; x_wconf 86' lang='lat' dir='ltr'>bus</span> <span class='ocrx_word' id='word_1_643' title='bbox 2743 3773 2907 3824; x_wconf 81' lang='lat' dir='ltr'>etiam</span> <span class='ocrx_word' id='word_1_644' title='bbox 2938 3787 3080 3825; x_wconf 90' lang='lat' dir='ltr'>mors</span> <span class='ocrx_word' id='word_1_645' title='bbox 3119 3774 3478 3840; x_wconf 75' lang='lat' dir='ltr'>intelligatur.</span> 
     </span>
    </p>
   </div>
   <div class='ocr_carea' id='block_1_86' title="bbox 2274 3858 3900 3933">
    <p class='ocr_par' dir='ltr' id='par_1_86' title="bbox 2274 3858 3900 3933">
     <span class='ocr_line' id='line_1_86' title="bbox 2274 3858 3900 3933; baseline 0.002 -20"><span class='ocrx_word' id='word_1_646' title='bbox 2274 3859 2384 3929; x_wconf 80' lang='lat' dir='ltr'>(Ea:</span> <span class='ocrx_word' id='word_1_647' title='bbox 2409 3858 2606 3912; x_wconf 74' lang='lat' dir='ltr'>eadem.</span> <span class='ocrx_word' id='word_1_648' title='bbox 2641 3861 2786 3914; x_wconf 84' lang='lat' dir='ltr'>Petr.</span> <span class='ocrx_word' id='word_1_649' title='bbox 2815 3861 2916 3914; x_wconf 83' lang='lat' dir='ltr'>int.</span> <span class='ocrx_word' id='word_1_650' title='bbox 2952 3861 3117 3926; x_wconf 84' lang='lat' dir='ltr'>Greg.</span> <span class='ocrx_word' id='word_1_651' title='bbox 3143 3863 3314 3929; x_wconf 77' lang='lat' dir='ltr'>resp.)</span> <span class='ocrx_word' id='word_1_652' title='bbox 3344 3863 3464 3915; x_wconf 82' lang='lat' dir='ltr'>Non</span> <span class='ocrx_word' id='word_1_653' title='bbox 3492 3861 3718 3932; x_wconf 86' lang='lat' dir='ltr'>estjam</span> <span class='ocrx_word' id='word_1_654' title='bbox 3745 3863 3900 3933; x_wconf 88' lang='lat' dir='ltr'>quod</span> 
     </span>
    </p>
   </div>
   <div class='ocr_carea' id='block_1_87' title="bbox 2203 3947 3904 4018">
    <p class='ocr_par' dir='ltr' id='par_1_87' title="bbox 2203 3947 3904 4018">
     <span class='ocr_line' id='line_1_87' title="bbox 2203 3947 3904 4018; baseline 0.004 -19"><span class='ocrx_word' id='word_1_655' title='bbox 2203 3947 2536 4017; x_wconf 81' lang='lat' dir='ltr'>responderi</span> <span class='ocrx_word' id='word_1_656' title='bbox 2604 3947 2809 4001; x_wconf 89' lang='lat' dir='ltr'>debeat</span> <span class='ocrx_word' id='word_1_657' title='bbox 2873 3953 3080 4018; x_wconf 73' lang='lat' dir='ltr'>apertae</span> <span class='ocrx_word' id='word_1_658' title='bbox 3131 3949 3339 4004; x_wconf 90' lang='lat' dir='ltr'>rationi</span> <span class='ocrx_word' id='word_1_659' title='bbox 3403 3951 3499 4004; x_wconf 91' lang='lat' dir='ltr'>sed</span> <span class='ocrx_word' id='word_1_660' title='bbox 3558 3950 3680 4004; x_wconf 75' lang='lat' dir='ltr'>haec</span> <span class='ocrx_word' id='word_1_661' title='bbox 3747 3967 3904 4006; x_wconf 88' lang='lat' dir='ltr'>nunc</span> 
     </span>
    </p>
   </div>
   <div class='ocr_carea' id='block_1_88' title="bbox 2203 4034 3904 4108">
    <p class='ocr_par' dir='ltr' id='par_1_88' title="bbox 2203 4034 3904 4108">
     <span class='ocr_line' id='line_1_88' title="bbox 2203 4034 3904 4108; baseline 0.004 -22"><span class='ocrx_word' id='word_1_662' title='bbox 2203 4034 2444 4105; x_wconf 73' lang='lat' dir='ltr'>qurestio</span> <span class='ocrx_word' id='word_1_663' title='bbox 2475 4040 2728 4088; x_wconf 90' lang='lat' dir='ltr'>mentem</span> <span class='ocrx_word' id='word_1_664' title='bbox 2761 4039 2968 4101; x_wconf 92' lang='lat' dir='ltr'>movet,</span> <span class='ocrx_word' id='word_1_665' title='bbox 3004 4037 3292 4108; x_wconf 90' lang='lat' dir='ltr'>quomodo</span> <span class='ocrx_word' id='word_1_666' title='bbox 3333 4034 3524 4092; x_wconf 85' lang='lat' dir='ltr'>anima</span> <span class='ocrx_word' id='word_1_667' title='bbox 3556 4039 3904 4094; x_wconf 89' lang='lat' dir='ltr'>immortalis</span> 
     </span>
    </p>
   </div>
   <div class='ocr_carea' id='block_1_89' title="bbox 2203 4122 3907 4198">
    <p class='ocr_par' dir='ltr' id='par_1_89' title="bbox 2203 4122 3907 4198">
     <span class='ocr_line' id='line_1_89' title="bbox 2203 4122 3907 4198; baseline 0.004 -22"><span class='ocrx_word' id='word_1_668' title='bbox 2203 4122 2431 4191; x_wconf 90' lang='lat' dir='ltr'>dicitur,</span> <span class='ocrx_word' id='word_1_669' title='bbox 2469 4123 2606 4176; x_wconf 91' lang='lat' dir='ltr'>dum</span> <span class='ocrx_word' id='word_1_670' title='bbox 2655 4129 2875 4178; x_wconf 89' lang='lat' dir='ltr'>constat</span> <span class='ocrx_word' id='word_1_671' title='bbox 2922 4125 3077 4194; x_wconf 91' lang='lat' dir='ltr'>quod</span> <span class='ocrx_word' id='word_1_672' title='bbox 3110 4126 3169 4180; x_wconf 90' lang='lat' dir='ltr'>in</span> <span class='ocrx_word' id='word_1_673' title='bbox 3201 4133 3481 4197; x_wconf 84' lang='lat' dir='ltr'>perpetuo</span> <span class='ocrx_word' id='word_1_674' title='bbox 3531 4129 3664 4198; x_wconf 87' lang='lat' dir='ltr'>igne</span> <span class='ocrx_word' id='word_1_675' title='bbox 3697 4130 3907 4183; x_wconf 74' lang='lat' dir='ltr'>moria~</span> 
     </span>
    </p>
   </div>
   <div class='ocr_carea' id='block_1_90' title="bbox 396 4180 3904 4282">
    <p class='ocr_par' dir='ltr' id='par_1_90' title="bbox 396 4180 3904 4282">
     <span class='ocr_line' id='line_1_90' title="bbox 396 4180 3904 4282; baseline 0.005 -30"><span class='ocrx_word' id='word_1_676' title='bbox 396 4180 664 4280; x_wconf 52' lang='grc' dir='ltr'>ξηοῗηάίδ</span> <span class='ocrx_word' id='word_1_677' title='bbox 684 4199 804 4282; x_wconf 53' lang='grc' dir='ltr'>ςεεθ</span> <span class='ocrx_word' id='word_1_678' title='bbox 826 4188 1270 4282; x_wconf 49' lang='grc' dir='ltr'>Ρτεὲρθνδῖδίῗ-</span> <span class='ocrx_word' id='word_1_679' title='bbox 1290 4190 1444 4243; x_wconf 71' lang='lat' dir='ltr'>Unus</span> <span class='ocrx_word' id='word_1_680' title='bbox 1462 4191 1691 4282; x_wconf 69' lang='lat' dir='ltr'>quidem</span> <span class='ocrx_word' id='word_1_681' title='bbox 1711 4198 1794 4246; x_wconf 68' lang='grc' dir='ltr'>εει</span> <span class='ocrx_word' id='word_1_682' title='bbox 1815 4193 2090 4263; x_wconf 48' lang='lat' dir='ltr'>gehennae</span> <span class='ocrx_word' id='word_1_683' title='bbox 2124 4228 2166 4281; x_wconf 75' lang='grc' dir='ltr'>ι)</span> <span class='ocrx_word' id='word_1_684' title='bbox 2208 4215 2316 4263; x_wconf 91' lang='lat' dir='ltr'>tur.</span> <span class='ocrx_word' id='word_1_685' title='bbox 2341 4180 2586 4275; x_wconf 40' lang='lat' dir='ltr'>——&#39;Quia</span> <span class='ocrx_word' id='word_1_686' title='bbox 2607 4210 2831 4265; x_wconf 90' lang='lat' dir='ltr'>duobus</span> <span class='ocrx_word' id='word_1_687' title='bbox 2858 4180 3039 4266; x_wconf 70' lang='lat' dir='ltr'>mddis</span> <span class='ocrx_word' id='word_1_688' title='bbox 3066 4213 3181 4267; x_wconf 89' lang='lat' dir='ltr'>vita</span> <span class='ocrx_word' id='word_1_689' title='bbox 3201 4180 3440 4282; x_wconf 37' lang='lat' dir='ltr'>ldicitur,</span> <span class='ocrx_word' id='word_1_690' title='bbox 3473 4180 3697 4269; x_wconf 60' lang='lat' dir='ltr'>dquus</span> <span class='ocrx_word' id='word_1_691' title='bbox 3725 4218 3904 4275; x_wconf 85' lang='lat' dir='ltr'>etiam</span> 
     </span>
    </p>
   </div>
   <div class='ocr_carea' id='block_1_91' title="bbox 396 4269 2086 4351">
    <p class='ocr_par' dir='ltr' id='par_1_91' title="bbox 396 4269 2086 4351">
     <span class='ocr_line' id='line_1_91' title="bbox 396 4269 2086 4351; baseline 0.008 -29"><span class='ocrx_word' id='word_1_692' title='bbox 396 4269 569 4340; x_wconf 87' lang='lat' dir='ltr'>ignis,</span> <span class='ocrx_word' id='word_1_693' title='bbox 605 4271 704 4325; x_wconf 87' lang='lat' dir='ltr'>sed</span> <span class='ocrx_word' id='word_1_694' title='bbox 741 4287 862 4325; x_wconf 90' lang='lat' dir='ltr'>non</span> <span class='ocrx_word' id='word_1_695' title='bbox 887 4288 1004 4326; x_wconf 90' lang='lat' dir='ltr'>uno</span> <span class='ocrx_word' id='word_1_696' title='bbox 1048 4275 1216 4330; x_wconf 92' lang='lat' dir='ltr'>modo</span> <span class='ocrx_word' id='word_1_697' title='bbox 1258 4293 1456 4331; x_wconf 88' lang='lat' dir='ltr'>omnes</span> <span class='ocrx_word' id='word_1_698' title='bbox 1504 4279 1716 4334; x_wconf 89' lang='lat' dir='ltr'>cruciat</span> <span class='ocrx_word' id='word_1_699' title='bbox 1748 4287 2086 4351; x_wconf 88' lang='lat' dir='ltr'>peccatores.</span> 
     </span>
    </p>
   </div>
   <div class='ocr_carea' id='block_1_92' title="bbox 401 4358 2089 4439">
    <p class='ocr_par' dir='ltr' id='par_1_92' title="bbox 401 4358 2089 4439">
     <span class='ocr_line' id='line_1_92' title="bbox 401 4358 2089 4439; baseline 0.008 -29"><span class='ocrx_word' id='word_1_700' title='bbox 401 4358 858 4429; x_wconf 90' lang='lat' dir='ltr'>Uniuscujusque</span> <span class='ocrx_word' id='word_1_701' title='bbox 889 4362 1103 4416; x_wconf 90' lang='lat' dir='ltr'>etenim</span> <span class='ocrx_word' id='word_1_702' title='bbox 1135 4370 1413 4433; x_wconf 85' lang='lat' dir='ltr'>quantum</span> <span class='ocrx_word' id='word_1_703' title='bbox 1447 4367 1620 4437; x_wconf 80' lang='lat' dir='ltr'>exigit</span> <span class='ocrx_word' id='word_1_704' title='bbox 1648 4369 1836 4439; x_wconf 90' lang='lat' dir='ltr'>culpa,</span> <span class='ocrx_word' id='word_1_705' title='bbox 1866 4374 2089 4423; x_wconf 89' lang='lat' dir='ltr'>tantum</span> 
     </span>
    </p>
   </div>
   <div class='ocr_carea' id='block_1_93' title="bbox 398 4444 2090 4517">
    <p class='ocr_par' dir='ltr' id='par_1_93' title="bbox 398 4444 2090 4517">
     <span class='ocr_line' id='line_1_93' title="bbox 398 4444 2090 4517; baseline 0.007 -19"><span class='ocrx_word' id='word_1_706' title='bbox 398 4444 518 4498; x_wconf 91' lang='lat' dir='ltr'>illic</span> <span class='ocrx_word' id='word_1_707' title='bbox 551 4446 830 4499; x_wconf 89' lang='lat' dir='ltr'>sentietur</span> <span class='ocrx_word' id='word_1_708' title='bbox 859 4463 1046 4517; x_wconf 61' lang='lat' dir='ltr'>paena.</span> <span class='ocrx_word' id='word_1_709' title='bbox 1100 4451 1240 4504; x_wconf 87' lang='lat' dir='ltr'>Nam</span> <span class='ocrx_word' id='word_1_710' title='bbox 1290 4452 1439 4506; x_wconf 89' lang='lat' dir='ltr'>sicut</span> <span class='ocrx_word' id='word_1_711' title='bbox 1484 4459 1543 4507; x_wconf 86' lang='lat' dir='ltr'>in</span> <span class='ocrx_word' id='word_1_712' title='bbox 1576 4455 1681 4509; x_wconf 89' lang='lat' dir='ltr'>hoc</span> <span class='ocrx_word' id='word_1_713' title='bbox 1721 4457 1938 4510; x_wconf 91' lang='lat' dir='ltr'>mundo</span> <span class='ocrx_word' id='word_1_714' title='bbox 1984 4457 2090 4510; x_wconf 90' lang='lat' dir='ltr'>sub</span> 
     </span>
    </p>
   </div>
   <div class='ocr_carea' id='block_1_94' title="bbox 399 4532 2092 4613">
    <p class='ocr_par' dir='ltr' id='par_1_94' title="bbox 399 4532 2092 4613">
     <span class='ocr_line' id='line_1_94' title="bbox 399 4532 2092 4613; baseline 0.007 -29"><span class='ocrx_word' id='word_1_715' title='bbox 399 4545 516 4585; x_wconf 87' lang='lat' dir='ltr'>uno</span> <span class='ocrx_word' id='word_1_716' title='bbox 547 4532 665 4586; x_wconf 90' lang='lat' dir='ltr'>sole</span> <span class='ocrx_word' id='word_1_717' title='bbox 717 4535 882 4590; x_wconf 89' lang='lat' dir='ltr'>multi</span> <span class='ocrx_word' id='word_1_718' title='bbox 915 4538 1251 4606; x_wconf 89' lang='lat' dir='ltr'>consistunt,</span> <span class='ocrx_word' id='word_1_719' title='bbox 1294 4556 1397 4594; x_wconf 90' lang='lat' dir='ltr'>nec</span> <span class='ocrx_word' id='word_1_720' title='bbox 1444 4547 1637 4596; x_wconf 88' lang='lat' dir='ltr'>tamen</span> <span class='ocrx_word' id='word_1_721' title='bbox 1668 4544 1919 4613; x_wconf 85' lang='lat' dir='ltr'>ejusdem</span> <span class='ocrx_word' id='word_1_722' title='bbox 1961 4544 2092 4598; x_wconf 89' lang='lat' dir='ltr'>solis</span> 
     </span>
    </p>
   </div>
   <div class='ocr_carea' id='block_1_95' title="bbox 399 4619 2090 4699">
    <p class='ocr_par' dir='ltr' id='par_1_95' title="bbox 399 4619 2090 4699">
     <span class='ocr_line' id='line_1_95' title="bbox 399 4619 2090 4699; baseline 0.007 -26"><span class='ocrx_word' id='word_1_723' title='bbox 399 4619 663 4674; x_wconf 89' lang='lat' dir='ltr'>ardorem</span> <span class='ocrx_word' id='word_1_724' title='bbox 695 4623 995 4692; x_wconf 73' lang='lat' dir='ltr'>aequaliter</span> <span class='ocrx_word' id='word_1_725' title='bbox 1026 4625 1280 4681; x_wconf 84' lang='lat' dir='ltr'>sentiunt</span> <span class='ocrx_word' id='word_1_726' title='bbox 1308 4643 1321 4681; x_wconf 86' lang='lat'><strong>:</strong></span> <span class='ocrx_word' id='word_1_727' title='bbox 1357 4627 1494 4697; x_wconf 88' lang='lat' dir='ltr'>quia</span> <span class='ocrx_word' id='word_1_728' title='bbox 1523 4629 1667 4682; x_wconf 90' lang='lat' dir='ltr'>alius</span> <span class='ocrx_word' id='word_1_729' title='bbox 1711 4631 1840 4699; x_wconf 91' lang='lat' dir='ltr'>plus</span> <span class='ocrx_word' id='word_1_730' title='bbox 1870 4635 2090 4697; x_wconf 80' lang='lat' dir='ltr'>aestuat,</span> 
     </span>
    </p>
   </div>
   <div class='ocr_carea' id='block_1_96' title="bbox 397 4709 2092 4788">
    <p class='ocr_par' dir='ltr' id='par_1_96' title="bbox 397 4709 2092 4788">
     <span class='ocr_line' id='line_1_96' title="bbox 397 4709 2092 4788; baseline 0.006 -27"><span class='ocrx_word' id='word_1_731' title='bbox 397 4711 570 4780; x_wconf 85' lang='lat' dir='ltr'>atque</span> <span class='ocrx_word' id='word_1_732' title='bbox 625 4709 771 4764; x_wconf 86' lang='lat' dir='ltr'>alius</span> <span class='ocrx_word' id='word_1_733' title='bbox 804 4711 1014 4780; x_wconf 90' lang='lat' dir='ltr'>minus,</span> <span class='ocrx_word' id='word_1_734' title='bbox 1047 4714 1126 4768; x_wconf 88' lang='lat' dir='ltr'>ita</span> <span class='ocrx_word' id='word_1_735' title='bbox 1174 4715 1290 4769; x_wconf 88' lang='lat' dir='ltr'>illic</span> <span class='ocrx_word' id='word_1_736' title='bbox 1333 4717 1391 4769; x_wconf 92' lang='lat' dir='ltr'>in</span> <span class='ocrx_word' id='word_1_737' title='bbox 1439 4732 1554 4770; x_wconf 92' lang='lat' dir='ltr'>uno</span> <span class='ocrx_word' id='word_1_738' title='bbox 1593 4718 1727 4788; x_wconf 90' lang='lat' dir='ltr'>igne</span> <span class='ocrx_word' id='word_1_739' title='bbox 1776 4734 1891 4771; x_wconf 91' lang='lat' dir='ltr'>non</span> <span class='ocrx_word' id='word_1_740' title='bbox 1944 4735 2092 4772; x_wconf 91' lang='lat' dir='ltr'>unus</span> 
     </span>
    </p>
   </div>
   <div class='ocr_carea' id='block_1_97' title="bbox 399 4799 2094 4875">
    <p class='ocr_par' dir='ltr' id='par_1_97' title="bbox 399 4799 2094 4875">
     <span class='ocr_line' id='line_1_97' title="bbox 399 4799 2094 4875; baseline 0.005 -23"><span class='ocrx_word' id='word_1_741' title='bbox 399 4803 485 4853; x_wconf 91' lang='lat' dir='ltr'>est</span> <span class='ocrx_word' id='word_1_742' title='bbox 533 4799 738 4854; x_wconf 89' lang='lat' dir='ltr'>modus</span> <span class='ocrx_word' id='word_1_743' title='bbox 785 4801 1037 4856; x_wconf 90' lang='lat' dir='ltr'>incendii</span> <span class='ocrx_word' id='word_1_744' title='bbox 1070 4818 1083 4858; x_wconf 90' lang='lat'><strong>:</strong></span> <span class='ocrx_word' id='word_1_745' title='bbox 1116 4804 1250 4874; x_wconf 89' lang='lat' dir='ltr'>quia</span> <span class='ocrx_word' id='word_1_746' title='bbox 1296 4805 1448 4875; x_wconf 91' lang='lat' dir='ltr'>quod</span> <span class='ocrx_word' id='word_1_747' title='bbox 1495 4805 1588 4860; x_wconf 91' lang='lat' dir='ltr'>hic</span> <span class='ocrx_word' id='word_1_748' title='bbox 1630 4807 1927 4860; x_wconf 86' lang='lat' dir='ltr'>diversitas</span> <span class='ocrx_word' id='word_1_749' title='bbox 1973 4823 2094 4861; x_wconf 85' lang='lat' dir='ltr'>cor-</span> 
     </span>
    </p>
   </div>
   <div class='ocr_carea' id='block_1_98' title="bbox 399 4889 2093 4965">
    <p class='ocr_par' dir='ltr' id='par_1_98' title="bbox 399 4889 2093 4965">
     <span class='ocr_line' id='line_1_98' title="bbox 399 4889 2093 4965; baseline 0.005 -24"><span class='ocrx_word' id='word_1_750' title='bbox 399 4903 607 4958; x_wconf 89' lang='lat' dir='ltr'>porum</span> <span class='ocrx_word' id='word_1_751' title='bbox 655 4889 762 4942; x_wconf 90' lang='lat' dir='ltr'>hoc</span> <span class='ocrx_word' id='word_1_752' title='bbox 791 4889 907 4944; x_wconf 87' lang='lat' dir='ltr'>illic</span> <span class='ocrx_word' id='word_1_753' title='bbox 956 4892 1074 4962; x_wconf 88' lang='lat' dir='ltr'>agit</span> <span class='ocrx_word' id='word_1_754' title='bbox 1135 4892 1431 4948; x_wconf 87' lang='lat' dir='ltr'>diversitas</span> <span class='ocrx_word' id='word_1_755' title='bbox 1476 4901 1869 4965; x_wconf 87' lang='lat' dir='ltr'>peccatorum;</span> <span class='ocrx_word' id='word_1_756' title='bbox 1913 4903 1974 4949; x_wconf 89' lang='lat' dir='ltr'>ut.</span> <span class='ocrx_word' id='word_1_757' title='bbox 2037 4900 2093 4950; x_wconf 87' lang='lat' dir='ltr'>et</span> 
     </span>
    </p>
   </div>
   <div class='ocr_carea' id='block_1_99' title="bbox 399 4977 2091 5050">
    <p class='ocr_par' dir='ltr' id='par_1_99' title="bbox 399 4977 2091 5050">
     <span class='ocr_line' id='line_1_99' title="bbox 399 4977 2091 5050; baseline 0.005 -21"><span class='ocrx_word' id='word_1_758' title='bbox 399 4977 595 5047; x_wconf 88' lang='lat' dir='ltr'>ignem</span> <span class='ocrx_word' id='word_1_759' title='bbox 641 4993 760 5032; x_wconf 91' lang='lat' dir='ltr'>non</span> <span class='ocrx_word' id='word_1_760' title='bbox 828 4978 1164 5034; x_wconf 89' lang='lat' dir='ltr'>dissimilem</span> <span class='ocrx_word' id='word_1_761' title='bbox 1209 4982 1479 5050; x_wconf 87' lang='lat' dir='ltr'>habeant,</span> <span class='ocrx_word' id='word_1_762' title='bbox 1529 4989 1585 5038; x_wconf 87' lang='lat' dir='ltr'>et</span> <span class='ocrx_word' id='word_1_763' title='bbox 1634 4988 1826 5038; x_wconf 87' lang='lat' dir='ltr'>tamen</span> <span class='ocrx_word' id='word_1_764' title='bbox 1860 4984 2091 5038; x_wconf 91' lang='lat' dir='ltr'>eosdem</span> 
     </span>
    </p>
   </div>
   <div class='ocr_carea' id='block_1_100' title="bbox 397 5065 1274 5136">
    <p class='ocr_par' dir='ltr' id='par_1_100' title="bbox 397 5065 1274 5136">
     <span class='ocr_line' id='line_1_100' title="bbox 397 5065 1274 5136; baseline 0.006 -17"><span class='ocrx_word' id='word_1_765' title='bbox 397 5065 654 5136; x_wconf 81' lang='lat' dir='ltr'>singulos</span> <span class='ocrx_word' id='word_1_766' title='bbox 680 5066 1036 5122; x_wconf 89' lang='lat' dir='ltr'>dissimiliter</span> <span class='ocrx_word' id='word_1_767' title='bbox 1059 5074 1274 5124; x_wconf 89' lang='lat' dir='ltr'>exuret.</span> 
     </span>
    </p>
   </div>
   <div class='ocr_carea' id='block_1_101' title="bbox 402 5171 2092 5314">
    <p class='ocr_par' dir='ltr' id='par_1_101' title="bbox 402 5171 2092 5314">
     <span class='ocr_line' id='line_1_101' title="bbox 402 5171 2092 5314; baseline 0.005 -89"><span class='ocrx_word' id='word_1_768' title='bbox 402 5171 531 5226; x_wconf 78' lang='lat' dir='ltr'>CAP.</span> <span class='ocrx_word' id='word_1_769' title='bbox 566 5171 710 5228; x_wconf 82' lang='lat' dir='ltr'>LXX.</span> <span class='ocrx_word' id='word_1_770' title='bbox 743 5203 812 5214; x_wconf 89' lang='lat'>—</span> <span class='ocrx_word' id='word_1_771' title='bbox 840 5175 980 5240; x_wconf 86' lang='lat' dir='ltr'>Quot</span> <span class='ocrx_word' id='word_1_772' title='bbox 1006 5179 1341 5314; x_wconf 38' lang='lat' dir='ltr'>gen;ra.si1:it</span> <span class='ocrx_word' id='word_1_773' title='bbox 1376 5178 1663 5234; x_wconf 82' lang='lat' dir='ltr'>oblationis</span> <span class='ocrx_word' id='word_1_774' title='bbox 1689 5195 1792 5249; x_wconf 84' lang='lat' dir='ltr'>pro</span> <span class='ocrx_word' id='word_1_775' title='bbox 1817 5181 2092 5249; x_wconf 79' lang='lat' dir='ltr'>defunctis</span> 
     </span>
     <span class='ocr_line' id='line_1_102' title="bbox 1140 5263 1383 5303; baseline 0.004 -1"><span class='ocrx_word' id='word_1_776' title='bbox 1140 5263 1289 5302; x_wconf 75' lang='lat' dir='ltr'>aczen</span> <span class='ocrx_word' id='word_1_777' title='bbox 1331 5264 1383 5303; x_wconf 87' lang='lat' dir='ltr'>a.</span> 
     </span>
    </p>
   </div>
   <div class='ocr_carea' id='block_1_102' title="bbox 1140 5263 1383 5303">
    <p class='ocr_par' dir='ltr' id='par_1_102' title="bbox 1140 5263 1383 5303">
     <span class='ocr_line' id='line_1_103' title="bbox 1140 5263 1383 5303; baseline 0.004 -1"><span class='ocrx_word' id='word_1_778' title='bbox 1140 5263 1383 5303; x_wconf 62' lang='lat' dir='ltr'>acuenda.</span> 
     </span>
    </p>
   </div>
   <div class='ocr_carea' id='block_1_103' title="bbox 475 5328 2093 5406">
    <p class='ocr_par' dir='ltr' id='par_1_103' title="bbox 475 5328 2093 5406">
     <span class='ocr_line' id='line_1_104' title="bbox 475 5328 2093 5406; baseline 0.006 -24"><span class='ocrx_word' id='word_1_779' title='bbox 475 5328 598 5396; x_wconf 76' lang='lat' dir='ltr'>(Ea:</span> <span class='ocrx_word' id='word_1_780' title='bbox 627 5331 787 5386; x_wconf 83' lang='lat' dir='ltr'>dictis</span> <span class='ocrx_word' id='word_1_781' title='bbox 841 5335 1102 5403; x_wconf 78' lang='lat' dir='ltr'>August.)</span> <span class='ocrx_word' id='word_1_782' title='bbox 1135 5335 1392 5399; x_wconf 90' lang='lat' dir='ltr'>Quatuor</span> <span class='ocrx_word' id='word_1_783' title='bbox 1427 5351 1638 5406; x_wconf 88' lang='lat' dir='ltr'>genera</span> <span class='ocrx_word' id='word_1_784' title='bbox 1670 5342 1802 5391; x_wconf 88' lang='lat' dir='ltr'>sunt</span> <span class='ocrx_word' id='word_1_785' title='bbox 1845 5337 2093 5392; x_wconf 84' lang='lat' dir='ltr'>oblatio-</span> 
     </span>
    </p>
   </div>
   <div class='ocr_carea' id='block_1_104' title="bbox 403 5416 2092 5494">
    <p class='ocr_par' dir='ltr' id='par_1_104' title="bbox 403 5416 2092 5494">
     <span class='ocr_line' id='line_1_105' title="bbox 403 5416 2092 5494; baseline 0.007 -24"><span class='ocrx_word' id='word_1_786' title='bbox 403 5416 514 5471; x_wconf 90' lang='lat' dir='ltr'>nis.</span> <span class='ocrx_word' id='word_1_787' title='bbox 568 5418 678 5471; x_wconf 85' lang='lat' dir='ltr'>Pro</span> <span class='ocrx_word' id='word_1_788' title='bbox 722 5421 885 5474; x_wconf 88' lang='lat' dir='ltr'>valde</span> <span class='ocrx_word' id='word_1_789' title='bbox 915 5422 1098 5488; x_wconf 87' lang='lat' dir='ltr'>bonis,</span> <span class='ocrx_word' id='word_1_790' title='bbox 1147 5424 1458 5493; x_wconf 87' lang='lat' dir='ltr'>gratiarum</span> <span class='ocrx_word' id='word_1_791' title='bbox 1507 5427 1755 5480; x_wconf 88' lang='lat' dir='ltr'>actiones</span> <span class='ocrx_word' id='word_1_792' title='bbox 1785 5431 1938 5494; x_wconf 88' lang='lat' dir='ltr'>sunt,</span> <span class='ocrx_word' id='word_1_793' title='bbox 1987 5428 2092 5481; x_wconf 87' lang='lat' dir='ltr'>hoc</span> 
     </span>
    </p>
   </div>
   <div class='ocr_carea' id='block_1_105' title="bbox 403 5506 2091 5583">
    <p class='ocr_par' dir='ltr' id='par_1_105' title="bbox 403 5506 2091 5583">
     <span class='ocr_line' id='line_1_106' title="bbox 403 5506 2091 5583; baseline 0.005 -22"><span class='ocrx_word' id='word_1_794' title='bbox 403 5509 508 5574; x_wconf 88' lang='lat' dir='ltr'>est,</span> <span class='ocrx_word' id='word_1_795' title='bbox 543 5506 658 5560; x_wconf 89' lang='lat' dir='ltr'>Deo</span> <span class='ocrx_word' id='word_1_796' title='bbox 689 5508 901 5578; x_wconf 87' lang='lat' dir='ltr'>gratias</span> <span class='ocrx_word' id='word_1_797' title='bbox 925 5517 1104 5580; x_wconf 88' lang='lat' dir='ltr'>agunt</span> <span class='ocrx_word' id='word_1_798' title='bbox 1138 5527 1150 5563; x_wconf 88' lang='lat'><strong>:</strong></span> <span class='ocrx_word' id='word_1_799' title='bbox 1184 5513 1320 5583; x_wconf 88' lang='lat' dir='ltr'>quia</span> <span class='ocrx_word' id='word_1_800' title='bbox 1347 5513 1495 5568; x_wconf 88' lang='lat' dir='ltr'>bene</span> <span class='ocrx_word' id='word_1_801' title='bbox 1528 5514 1803 5570; x_wconf 84' lang='lat' dir='ltr'>vixerunt.</span> <span class='ocrx_word' id='word_1_802' title='bbox 1838 5516 1945 5569; x_wconf 87' lang='lat' dir='ltr'>Pro</span> <span class='ocrx_word' id='word_1_803' title='bbox 1973 5531 2091 5570; x_wconf 89' lang='lat' dir='ltr'>non</span> 
     </span>
    </p>
   </div>
   <div class='ocr_carea' id='block_1_106' title="bbox 2205 4297 3903 4377">
    <p class='ocr_par' dir='ltr' id='par_1_106' title="bbox 2205 4297 3903 4377">
     <span class='ocr_line' id='line_1_107' title="bbox 2205 4297 3903 4377; baseline 0.006 -27"><span class='ocrx_word' id='word_1_804' title='bbox 2205 4297 2388 4351; x_wconf 91' lang='lat' dir='ltr'>modis</span> <span class='ocrx_word' id='word_1_805' title='bbox 2419 4314 2571 4351; x_wconf 90' lang='lat' dir='ltr'>mors</span> <span class='ocrx_word' id='word_1_806' title='bbox 2615 4298 2784 4352; x_wconf 90' lang='lat' dir='ltr'>debet</span> <span class='ocrx_word' id='word_1_807' title='bbox 2827 4299 3094 4370; x_wconf 88' lang='lat' dir='ltr'>intelligi.</span> <span class='ocrx_word' id='word_1_808' title='bbox 3142 4301 3311 4355; x_wconf 85' lang='lat' dir='ltr'>Aliud</span> <span class='ocrx_word' id='word_1_809' title='bbox 3343 4308 3428 4356; x_wconf 91' lang='lat' dir='ltr'>est</span> <span class='ocrx_word' id='word_1_810' title='bbox 3457 4319 3712 4376; x_wconf 89' lang='lat' dir='ltr'>namque</span> <span class='ocrx_word' id='word_1_811' title='bbox 3745 4309 3903 4377; x_wconf 87' lang='lat' dir='ltr'>quod</span> 
     </span>
    </p>
   </div>
   <div class='ocr_carea' id='block_1_107' title="bbox 2201 4386 3903 4462">
    <p class='ocr_par' dir='ltr' id='par_1_107' title="bbox 2201 4386 3903 4462">
     <span class='ocr_line' id='line_1_108' title="bbox 2201 4386 3903 4462; baseline 0.006 -23"><span class='ocrx_word' id='word_1_812' title='bbox 2201 4386 2261 4439; x_wconf 90' lang='lat' dir='ltr'>in</span> <span class='ocrx_word' id='word_1_813' title='bbox 2292 4388 2400 4440; x_wconf 88' lang='lat' dir='ltr'>Deo</span> <span class='ocrx_word' id='word_1_814' title='bbox 2431 4386 2694 4453; x_wconf 82' lang='lat' dir='ltr'>vivimus,</span> <span class='ocrx_word' id='word_1_815' title='bbox 2728 4388 2882 4441; x_wconf 92' lang='lat' dir='ltr'>aliud</span> <span class='ocrx_word' id='word_1_816' title='bbox 2917 4403 3048 4442; x_wconf 89' lang='lat' dir='ltr'>vero</span> <span class='ocrx_word' id='word_1_817' title='bbox 3080 4389 3232 4460; x_wconf 90' lang='lat' dir='ltr'>quod</span> <span class='ocrx_word' id='word_1_818' title='bbox 3268 4390 3324 4443; x_wconf 90' lang='lat' dir='ltr'>in</span> <span class='ocrx_word' id='word_1_819' title='bbox 3362 4390 3470 4444; x_wconf 91' lang='lat' dir='ltr'>hoc</span> <span class='ocrx_word' id='word_1_820' title='bbox 3497 4393 3657 4462; x_wconf 86' lang='lat' dir='ltr'>quod</span> <span class='ocrx_word' id='word_1_821' title='bbox 3688 4396 3903 4450; x_wconf 86' lang='lat' dir='ltr'>conditi</span> 
     </span>
    </p>
   </div>
   <div class='ocr_carea' id='block_1_108' title="bbox 2201 4475 3902 4546">
    <p class='ocr_par' dir='ltr' id='par_1_108' title="bbox 2201 4475 3902 4546">
     <span class='ocr_line' id='line_1_109' title="bbox 2201 4475 3902 4546; baseline 0.006 -18"><span class='ocrx_word' id='word_1_822' title='bbox 2201 4476 2289 4530; x_wconf 89' lang='lat' dir='ltr'>vel</span> <span class='ocrx_word' id='word_1_823' title='bbox 2336 4475 2508 4529; x_wconf 89' lang='lat' dir='ltr'>creati</span> <span class='ocrx_word' id='word_1_824' title='bbox 2564 4492 2780 4542; x_wconf 88' lang='lat' dir='ltr'>sumus,</span> <span class='ocrx_word' id='word_1_825' title='bbox 2838 4477 2894 4530; x_wconf 89' lang='lat' dir='ltr'>id</span> <span class='ocrx_word' id='word_1_826' title='bbox 2959 4482 3064 4544; x_wconf 89' lang='lat' dir='ltr'>est,</span> <span class='ocrx_word' id='word_1_827' title='bbox 3120 4477 3277 4532; x_wconf 87' lang='lat' dir='ltr'>aliud</span> <span class='ocrx_word' id='word_1_828' title='bbox 3335 4479 3499 4532; x_wconf 88' lang='lat' dir='ltr'>beate</span> <span class='ocrx_word' id='word_1_829' title='bbox 3567 4481 3788 4546; x_wconf 75' lang='lat' dir='ltr'>vivere,</span> <span class='ocrx_word' id='word_1_830' title='bbox 3850 4491 3902 4538; x_wconf 91' lang='lat' dir='ltr'>et</span> 
     </span>
    </p>
   </div>
   <div class='ocr_carea' id='block_1_109' title="bbox 2201 4563 3900 4638">
    <p class='ocr_par' dir='ltr' id='par_1_109' title="bbox 2201 4563 3900 4638">
     <span class='ocr_line' id='line_1_110' title="bbox 2201 4563 3900 4638; baseline 0.002 -23"><span class='ocrx_word' id='word_1_831' title='bbox 2201 4563 2355 4616; x_wconf 83' lang='lat' dir='ltr'>aliud</span> <span class='ocrx_word' id='word_1_832' title='bbox 2405 4563 2799 4618; x_wconf 88' lang='lat' dir='ltr'>essentialiter.</span> <span class='ocrx_word' id='word_1_833' title='bbox 2856 4567 3059 4620; x_wconf 83' lang='lat' dir='ltr'>Anima</span> <span class='ocrx_word' id='word_1_834' title='bbox 3115 4567 3327 4638; x_wconf 86' lang='lat' dir='ltr'>itaque,</span> <span class='ocrx_word' id='word_1_835' title='bbox 3371 4573 3425 4621; x_wconf 93' lang='lat' dir='ltr'>et</span> <span class='ocrx_word' id='word_1_836' title='bbox 3487 4571 3752 4622; x_wconf 86' lang='lat' dir='ltr'>mortalis</span> <span class='ocrx_word' id='word_1_837' title='bbox 3783 4583 3900 4624; x_wconf 85' lang='lat' dir='ltr'>esse</span> 
     </span>
    </p>
   </div>
   <div class='ocr_carea' id='block_1_110' title="bbox 2200 4651 3902 4728">
    <p class='ocr_par' dir='ltr' id='par_1_110' title="bbox 2200 4651 3902 4728">
     <span class='ocr_line' id='line_1_111' title="bbox 2200 4651 3902 4728; baseline 0.004 -24"><span class='ocrx_word' id='word_1_838' title='bbox 2200 4651 2558 4721; x_wconf 86' lang='lat' dir='ltr'>intelligitur,</span> <span class='ocrx_word' id='word_1_839' title='bbox 2621 4658 2679 4706; x_wconf 90' lang='lat' dir='ltr'>et</span> <span class='ocrx_word' id='word_1_840' title='bbox 2729 4652 3096 4708; x_wconf 86' lang='lat' dir='ltr'>immortalis.</span> <span class='ocrx_word' id='word_1_841' title='bbox 3155 4655 3404 4709; x_wconf 86' lang='lat' dir='ltr'>Mortalis</span> <span class='ocrx_word' id='word_1_842' title='bbox 3461 4658 3706 4727; x_wconf 81' lang='lat' dir='ltr'>quippe,</span> <span class='ocrx_word' id='word_1_843' title='bbox 3767 4660 3902 4728; x_wconf 85' lang='lat' dir='ltr'>quia</span> 
     </span>
    </p>
   </div>
   <div class='ocr_carea' id='block_1_111' title="bbox 2201 4739 3900 4815">
    <p class='ocr_par' dir='ltr' id='par_1_111' title="bbox 2201 4739 3900 4815">
     <span class='ocr_line' id='line_1_112' title="bbox 2201 4739 3900 4815; baseline 0.003 -22"><span class='ocrx_word' id='word_1_844' title='bbox 2201 4739 2364 4796; x_wconf 81' lang='lat' dir='ltr'>beate</span> <span class='ocrx_word' id='word_1_845' title='bbox 2395 4739 2582 4792; x_wconf 90' lang='lat' dir='ltr'>vivere</span> <span class='ocrx_word' id='word_1_846' title='bbox 2615 4739 2872 4806; x_wconf 87' lang='lat' dir='ltr'>amittit;-</span> <span class='ocrx_word' id='word_1_847' title='bbox 2895 4741 3237 4794; x_wconf 89' lang='lat' dir='ltr'>immortalis</span> <span class='ocrx_word' id='word_1_848' title='bbox 3266 4750 3486 4808; x_wconf 88' lang='lat' dir='ltr'>autem,</span> <span class='ocrx_word' id='word_1_849' title='bbox 3519 4744 3660 4815; x_wconf 87' lang='lat' dir='ltr'>quia</span> <span class='ocrx_word' id='word_1_850' title='bbox 3698 4760 3900 4798; x_wconf 75' lang='lat' dir='ltr'>esseu-</span> 
     </span>
    </p>
   </div>
   <div class='ocr_carea' id='block_1_112' title="bbox 2201 4828 3896 4899">
    <p class='ocr_par' dir='ltr' id='par_1_112' title="bbox 2201 4828 3896 4899">
     <span class='ocr_line' id='line_1_113' title="bbox 2201 4828 3896 4899; baseline 0.004 -19"><span class='ocrx_word' id='word_1_851' title='bbox 2201 4828 2414 4880; x_wconf 88' lang='lat' dir='ltr'>tialiter</span> <span class='ocrx_word' id='word_1_852' title='bbox 2472 4828 2660 4881; x_wconf 87' lang='lat' dir='ltr'>vivere</span> <span class='ocrx_word' id='word_1_853' title='bbox 2716 4845 3011 4899; x_wconf 89' lang='lat' dir='ltr'>nunquam</span> <span class='ocrx_word' id='word_1_854' title='bbox 3074 4830 3283 4884; x_wconf 90' lang='lat' dir='ltr'>desinit</span> <span class='ocrx_word' id='word_1_855' title='bbox 3333 4848 3345 4885; x_wconf 89' lang='lat'>:</span> <span class='ocrx_word' id='word_1_856' title='bbox 3394 4837 3452 4885; x_wconf 92' lang='lat' dir='ltr'>et</span> <span class='ocrx_word' id='word_1_857' title='bbox 3500 4839 3722 4886; x_wconf 61' lang='lat' dir='ltr'>natura?</span> <span class='ocrx_word' id='word_1_858' title='bbox 3787 4850 3896 4886; x_wconf 68' lang='lat' dir='ltr'>sua!</span> 
     </span>
    </p>
   </div>
   <div class='ocr_carea' id='block_1_113' title="bbox 2201 4915 3903 4989">
    <p class='ocr_par' dir='ltr' id='par_1_113' title="bbox 2201 4915 3903 4989">
     <span class='ocr_line' id='line_1_114' title="bbox 2201 4915 3903 4989; baseline 0.003 -22"><span class='ocrx_word' id='word_1_859' title='bbox 2201 4915 2374 4968; x_wconf 87' lang='lat' dir='ltr'>vitam</span> <span class='ocrx_word' id='word_1_860' title='bbox 2407 4916 2644 4985; x_wconf 90' lang='lat' dir='ltr'>perdere</span> <span class='ocrx_word' id='word_1_861' title='bbox 2680 4932 2795 4968; x_wconf 90' lang='lat' dir='ltr'>non</span> <span class='ocrx_word' id='word_1_862' title='bbox 2829 4918 2994 4983; x_wconf 90' lang='lat' dir='ltr'>valet,</span> <span class='ocrx_word' id='word_1_863' title='bbox 3030 4933 3133 4971; x_wconf 93' lang='lat' dir='ltr'>nec</span> <span class='ocrx_word' id='word_1_864' title='bbox 3163 4935 3291 4971; x_wconf 91' lang='lat' dir='ltr'>cum</span> <span class='ocrx_word' id='word_1_865' title='bbox 3332 4919 3388 4971; x_wconf 89' lang='lat' dir='ltr'>in</span> <span class='ocrx_word' id='word_1_866' title='bbox 3423 4926 3702 4989; x_wconf 86' lang='lat' dir='ltr'>perpetua</span> <span class='ocrx_word' id='word_1_867' title='bbox 3731 4921 3903 4974; x_wconf 81' lang='lat' dir='ltr'>fuerit</span> 
     </span>
    </p>
   </div>
   <div class='ocr_carea' id='block_1_114' title="bbox 2202 5003 3898 5077">
    <p class='ocr_par' dir='ltr' id='par_1_114' title="bbox 2202 5003 3898 5077">
     <span class='ocr_line' id='line_1_115' title="bbox 2202 5003 3898 5077; baseline 0.002 -20"><span class='ocrx_word' id='word_1_868' title='bbox 2202 5007 2386 5057; x_wconf 91' lang='lat' dir='ltr'>morte</span> <span class='ocrx_word' id='word_1_869' title='bbox 2417 5003 2706 5057; x_wconf 88' lang='lat' dir='ltr'>damnata.</span> <span class='ocrx_word' id='word_1_870' title='bbox 2741 5004 2861 5057; x_wconf 90' lang='lat' dir='ltr'>Illic</span> <span class='ocrx_word' id='word_1_871' title='bbox 2891 5005 3046 5059; x_wconf 89' lang='lat' dir='ltr'>enim</span> <span class='ocrx_word' id='word_1_872' title='bbox 3080 5007 3266 5076; x_wconf 90' lang='lat' dir='ltr'>posita</span> <span class='ocrx_word' id='word_1_873' title='bbox 3296 5006 3458 5061; x_wconf 88' lang='lat' dir='ltr'>beate</span> <span class='ocrx_word' id='word_1_874' title='bbox 3489 5023 3612 5060; x_wconf 86' lang='lat' dir='ltr'>esse</span> <span class='ocrx_word' id='word_1_875' title='bbox 3647 5010 3854 5077; x_wconf 91' lang='lat' dir='ltr'>perdet</span> <span class='ocrx_word' id='word_1_876' title='bbox 3886 5026 3898 5061; x_wconf 89' lang='lat'><strong>:</strong></span> 
     </span>
    </p>
   </div>
   <div class='ocr_carea' id='block_1_115' title="bbox 2203 5091 3898 5166">
    <p class='ocr_par' dir='ltr' id='par_1_115' title="bbox 2203 5091 3898 5166">
     <span class='ocr_line' id='line_1_116' title="bbox 2203 5091 3898 5166; baseline 0.002 -21"><span class='ocrx_word' id='word_1_877' title='bbox 2203 5096 2258 5145; x_wconf 91' lang='lat' dir='ltr'>et</span> <span class='ocrx_word' id='word_1_878' title='bbox 2298 5106 2562 5144; x_wconf 79' lang='lat' dir='ltr'>essenon</span> <span class='ocrx_word' id='word_1_879' title='bbox 2610 5091 2831 5161; x_wconf 87' lang='lat' dir='ltr'>perdet.</span> <span class='ocrx_word' id='word_1_880' title='bbox 2884 5094 2955 5146; x_wconf 87' lang='lat' dir='ltr'>Ex</span> <span class='ocrx_word' id='word_1_881' title='bbox 2989 5109 3102 5164; x_wconf 85' lang='lat' dir='ltr'>qua</span> <span class='ocrx_word' id='word_1_882' title='bbox 3140 5111 3200 5147; x_wconf 93' lang='lat' dir='ltr'>re</span> <span class='ocrx_word' id='word_1_883' title='bbox 3235 5111 3463 5165; x_wconf 84' lang='lat' dir='ltr'>semper</span> <span class='ocrx_word' id='word_1_884' title='bbox 3493 5097 3723 5166; x_wconf 86' lang='lat' dir='ltr'>cogitur</span> <span class='ocrx_word' id='word_1_885' title='bbox 3756 5104 3821 5151; x_wconf 91' lang='lat' dir='ltr'>ut</span> <span class='ocrx_word' id='word_1_886' title='bbox 3848 5102 3898 5150; x_wconf 90' lang='lat' dir='ltr'>et</span> 
     </span>
    </p>
   </div>
   <div class='ocr_carea' id='block_1_116' title="bbox 2202 5179 3900 5246">
    <p class='ocr_par' dir='ltr' id='par_1_116' title="bbox 2202 5179 3900 5246">
     <span class='ocr_line' id='line_1_117' title="bbox 2202 5179 3900 5246; baseline 0.003 -13"><span class='ocrx_word' id='word_1_887' title='bbox 2202 5185 2447 5233; x_wconf 90' lang='lat' dir='ltr'>mortem</span> <span class='ocrx_word' id='word_1_888' title='bbox 2479 5179 2599 5233; x_wconf 90' lang='lat' dir='ltr'>sine</span> <span class='ocrx_word' id='word_1_889' title='bbox 2643 5183 2848 5246; x_wconf 91' lang='lat' dir='ltr'>morte,</span> <span class='ocrx_word' id='word_1_890' title='bbox 2885 5187 2942 5234; x_wconf 91' lang='lat' dir='ltr'>ct</span> <span class='ocrx_word' id='word_1_891' title='bbox 2989 5183 3322 5237; x_wconf 86' lang='lat' dir='ltr'>defunctum</span> <span class='ocrx_word' id='word_1_892' title='bbox 3367 5184 3488 5238; x_wconf 84' lang='lat' dir='ltr'>sine</span> <span class='ocrx_word' id='word_1_893' title='bbox 3528 5185 3803 5241; x_wconf 86' lang='lat' dir='ltr'>defuncto</span> <span class='ocrx_word' id='word_1_894' title='bbox 3847 5191 3900 5239; x_wconf 88' lang='lat' dir='ltr'>et</span> 
     </span>
    </p>
   </div>
   <div class='ocr_carea' id='block_1_117' title="bbox 2203 5267 2951 5339">
    <p class='ocr_par' dir='ltr' id='par_1_117' title="bbox 2203 5267 2951 5339">
     <span class='ocr_line' id='line_1_118' title="bbox 2203 5267 2951 5339; baseline 0.003 -17"><span class='ocrx_word' id='word_1_895' title='bbox 2203 5270 2370 5322; x_wconf 85' lang='lat' dir='ltr'>tinem</span> <span class='ocrx_word' id='word_1_896' title='bbox 2393 5268 2514 5322; x_wconf 90' lang='lat' dir='ltr'>sine</span> <span class='ocrx_word' id='word_1_897' title='bbox 2543 5267 2656 5322; x_wconf 91' lang='lat' dir='ltr'>fine</span> <span class='ocrx_word' id='word_1_898' title='bbox 2685 5269 2951 5339; x_wconf 87' lang='lat' dir='ltr'>patiatur.</span> 
     </span>
    </p>
   </div>
   <div class='ocr_carea' id='block_1_118' title="bbox 2203 5357 3892 5429">
    <p class='ocr_par' dir='ltr' id='par_1_118' title="bbox 2203 5357 3892 5429">
     <span class='ocr_line' id='line_1_119' title="bbox 2203 5357 3892 5429; baseline 0.001 -17"><span class='ocrx_word' id='word_1_899' title='bbox 2203 5357 2328 5412; x_wconf 73' lang='lat' dir='ltr'>CAP.</span> <span class='ocrx_word' id='word_1_900' title='bbox 2365 5357 2589 5412; x_wconf 86' lang='lat' dir='ltr'><strong>LXXIII.</strong></span> <span class='ocrx_word' id='word_1_901' title='bbox 2635 5385 2706 5397; x_wconf 96' lang='lat'><em>—</em></span> <span class='ocrx_word' id='word_1_902' title='bbox 2737 5358 2893 5423; x_wconf 77' lang='lat' dir='ltr'>Quod</span> <span class='ocrx_word' id='word_1_903' title='bbox 2919 5359 3073 5412; x_wconf 82' lang='lat' dir='ltr'>electi</span> <span class='ocrx_word' id='word_1_904' title='bbox 3100 5374 3192 5413; x_wconf 82' lang='lat' dir='ltr'>seu</span> <span class='ocrx_word' id='word_1_905' title='bbox 3220 5361 3444 5429; x_wconf 81' lang='lat' dir='ltr'>reprobi</span> <span class='ocrx_word' id='word_1_906' title='bbox 3470 5361 3547 5415; x_wconf 83' lang='lat' dir='ltr'>ad</span> <span class='ocrx_word' id='word_1_907' title='bbox 3593 5363 3709 5416; x_wconf 84' lang='lat' dir='ltr'>loca</span> <span class='ocrx_word' id='word_1_908' title='bbox 3754 5378 3892 5416; x_wconf 85' lang='lat' dir='ltr'>com-</span> 
     </span>
    </p>
   </div>
   <div class='ocr_carea' id='block_1_119' title="bbox 2568 5429 3526 5486">
    <p class='ocr_par' dir='ltr' id='par_1_119' title="bbox 2568 5429 3526 5486">
     <span class='ocr_line' id='line_1_120' title="bbox 2568 5429 3526 5486; baseline 0.006 -6"><span class='ocrx_word' id='word_1_909' title='bbox 2568 5431 2757 5481; x_wconf 81' lang='lat' dir='ltr'>munia</span> <span class='ocrx_word' id='word_1_910' title='bbox 2785 5429 3123 5483; x_wconf 81' lang='lat' dir='ltr'>deducantur</span> <span class='ocrx_word' id='word_1_911' title='bbox 3141 5433 3199 5484; x_wconf 86' lang='lat' dir='ltr'>in</span> <span class='ocrx_word' id='word_1_912' title='bbox 3232 5436 3526 5486; x_wconf 74' lang='lat' dir='ltr'>tormentis.</span> 
     </span>
    </p>
   </div>
   <div class='ocr_carea' id='block_1_120' title="bbox 2273 5515 3896 5586">
    <p class='ocr_par' dir='ltr' id='par_1_120' title="bbox 2273 5515 3896 5586">
     <span class='ocr_line' id='line_1_121' title="bbox 2273 5515 3896 5586; baseline 0.002 -16"><span class='ocrx_word' id='word_1_913' title='bbox 2273 5516 2385 5584; x_wconf 69' lang='lat' dir='ltr'>(Em</span> <span class='ocrx_word' id='word_1_914' title='bbox 2430 5515 2626 5570; x_wconf 84' lang='lat' dir='ltr'>eodem.</span> <span class='ocrx_word' id='word_1_915' title='bbox 2685 5517 2826 5570; x_wconf 75' lang='lat' dir='ltr'>Patr.</span> <span class='ocrx_word' id='word_1_916' title='bbox 2859 5516 2986 5586; x_wconf 74' lang='lat' dir='ltr'>int.)</span> <span class='ocrx_word' id='word_1_917' title='bbox 3042 5519 3201 5583; x_wconf 87' lang='lat' dir='ltr'>Quod</span> <span class='ocrx_word' id='word_1_918' title='bbox 3250 5535 3385 5574; x_wconf 86' lang='lat' dir='ltr'>vero</span> <span class='ocrx_word' id='word_1_919' title='bbox 3439 5521 3558 5574; x_wconf 86' lang='lat' dir='ltr'>sive</span> <span class='ocrx_word' id='word_1_920' title='bbox 3598 5521 3767 5575; x_wconf 89' lang='lat' dir='ltr'>electi</span> <span class='ocrx_word' id='word_1_921' title='bbox 3800 5536 3896 5574; x_wconf 88' lang='lat' dir='ltr'>seu</span> 
     </span>
    </p>
   </div>
  </div>
