4010 6194
188 260 323 313 1045

1132 258 1602 315 DECRETORUM
1650 260 1840 314 LIBRI
1878 260 1986 314 XX.
2032 290 2100 299 -—
2141 262 2354 317 LIBER
2399 260 2794 318 VICESIMUS.

3572 277 3708 329 1046

177 384 437 455 reprobi,
476 397 722 454 quorum
775 383 1099 436 communis
1130 400 1297 438 causa
1344 384 1402 438 in
1455 400 1629 454 opere
1694 382 1889 449 fuerit,
1920 384 1963 435 Α
2010 384 2378 463 ΟΑῐζῖΙλΧΧνῐ.
2401 384 2638 463 —Quod
2663 386 2801 463 Deus
2826 387 3044 441 :licntu-r
3066 392 3706 463 zelans,dicaturiratus,

180 475 253 526 ad
294 476 417 526 loca
447 473 615 525 etiam
665 478 999 524 communia
1030 472 1400 525 deducantur.
1435 471 1697 524 Veritatis
1721 470 1889 523 nobis

176 566 355 616 verba
391 559 798 623 satisfacerent,
835 562 1004 613 etiam
1038 561 1084 612 si
1128 562 1385 631 exempla
1436 561 1714 613 deessent.
1762 561 1889 629 Ipsa

175 652 396 722 quippe
433 650 645 703 Veritas
704 655 943 719 propter
987 651 1193 702 electos
1238 651 1295 703 in
1346 650 1649 718 Evangelio
1700 647 1883 701 dicit:

176 742 240 793 In
278 743 449 793 domo
483 739 660 793 Putris
697 755 807 790 mei
844 739 1040 791 multae
1090 740 1407 791 mansiones
1438 744 1590 791 sunt.
1624 738 1678 791 Si
1731 736 1886 790 enim

179 830 383 898 dispar
415 829 470 880 in
505 828 596 879 illa
629 827 987 879 beatitudine
1012 833 1226 879 aeterna
1250 828 1552 879 retributio
1577 842 1693 879 non
1717 830 1885 892 esset,

178 934 301 969 una
335 917 520 986 potiUs
556 915 770 967 mansio
807 931 980 984 quam
1026 916 1222 967 multa;
1265 921 1471 968 essent.
1531 915 1716 968 Multae
1751 927 1887 981 ergo

179 1006 512 1059 mansiones
541 1010 691 1067 sunt,
720 1005 777 1055 in
803 1003 1013 1073 quibus
1037 1009 1093 1055 et
1140 1003 1391 1055 distincti
1429 1004 1709 1056 bonorum
1734 1001 1885 1055 ordi-

180 1110 287 1147 nes
346 1099 578 1163 propter
664 1094 1005 1144 meritorum
1073 1092 1423 1144 consortium
1502 1092 1889 1145 communiter

181 1184 487 1245 laetentur;
520 1188 574 1233 et
609 1186 799 1233 tamen
835 1195 1015 1232 unum
1045 1179 1345 1232 denarium
1389 1197 1585 1233 omnes
1621 1181 1884 1234 laboran-

183 1276 271 1322 tes
307 1269 610 1338 accipiunt,
647 1269 742 1336 qui
778 1267 974 1320 multis
1021 1268 1414 1321 mansionibus
1464 1268 1836 1337 distinguitur
1870 1286 1880 1323 :

181 1356 324 1427 quia
357 1362 410 1410 et
446 1373 557 1408 una
590 1360 672 1408 est
722 1355 1016 1409 beatitudo
1067 1372 1239 1425 quam
1291 1358 1402 1409 illic
1432 1358 1778 1427 percipiunt,
1831 1366 1887 1413 et

180 1446 382 1515 dispar
411 1444 799 1498 retributionis
831 1444 1074 1514 qualitas
1104 1461 1271 1514 quam
1308 1462 1407 1514 per
1434 1463 1605 1516 opera
1662 1446 1886 1501 diversa

183 1540 637 1604 consequuntur.
672 1533 809 1605 Qua:
832 1532 1110 1586 nimirum
1144 1534 1355 1587 Veritas
1381 1535 1582 1604 judicii
1611 1536 1697 1588 sui
1730 1536 1882 1589 diem

184 1623 541 1677 denuntians
570 1623 646 1675 ait
684 1638 697 1675 :
745 1623 900 1675 Tunc
948 1622 1132 1675 dicam
1169 1624 1516 1677 messoribus
1548 1641 1560 1678 :
1617 1625 1881 1694 Colligite

181 1712 428 1777 zizania,
474 1716 530 1765 et
586 1710 756 1781 ligato
813 1727 878 1765 ea
933 1711 1216 1764 fasciculis
1276 1713 1345 1766 ad
1402 1714 1877 1768 comburendum.

182 1801 460 1854 Messores
491 1799 702 1869 quippe
732 1798 922 1869 angeli
953 1803 1116 1864 sunt;
1152 1798 1362 1852 zizania
1397 1800 1455 1852 in
1497 1801 1776 1854 fasciculis
1810 1801 1882 1855 ad

180 1888 641 1943 comburendum
685 1888 883 1958 ligant,
917 1904 1048 1941 cum
1081 1904 1246 1957 pares
1285 1890 1648 1959 comparibus
1680 1890 1735 1943 in
1764 1895 1881 1943 tor-

179 1978 400 2031 mentis
434 1976 714 2030 similibus
781 1976 1015 2042 sociant,
1051 1981 1112 2029 ut
1166 1977 1397 2047 superbi
1423 1993 1550 2030 cum
1601 1977 1880 2047 superbis,

180 2062 465 2118 luxuriosi
496 2079 621 2117 cum
656 2062 979 2131 luxuriosis,
1021 2064 1175 2116 avari
1219 2080 1369 2131 cum,
1404 2064 1606 2125 avaris,
1658 2066 1883 2119 fallaces

183 2169 321 2208 cum
368 2152 681 2217 fallacibus,
738 2153 915 2205 invidi
948 2168 1080 2206 cum
1140 2152 1367 2218 invidis,
1438 2154 1696 2207 infideles
1753 2169 1879 2207 cum

180 2242 538 2307 infidelibus,
568 2242 789 2295 ardent.
846 2242 987 2296 Cum
1046 2256 1183 2309 ergo
1234 2242 1446 2295 similes
1492 2243 1548 2295 in
1592 2244 1776 2313 culpa.
1815 2243 1882 2296 ad

180 2335 477 2384 tormenta
498 2330 709 2384 similia
738 2330 1112 2394 adducantur,
1150 2330 1246 2399 qui
1274 2347 1368 2383 eos
1396 2332 1532 2384 locis
1563 2332 1883 2403 poanalibus

181 2420 383 2489 angeli
438 2420 735 2489 deputant,
802 2419 964 2489 quasi
1025 2418 1378 2474 zizaniorum
1458 2420 1755 2474 fasciculos
1814 2421 1883 2475 ad

183 2508 641 2563 comburendum
676 2508 871 2577 ligant.

184 2615 321 2670 CAP.
362 2614 578 2669 LXXIV.
611 2643 679 2652 —
710 2616 782 2666 De
814 2615 907 2667 hoc
938 2613 1083 2681 quod
1116 2615 1173 2665 in
1205 2613 1357 2667 domo
1390 2616 1485 2667 Dei
1513 2616 1693 2668 multa:
1724 2630 1879 2667 man-

865 2687 1040 2739 siones
1078 2687 1208 2737 sint.

267 2774 447 2841 (Greg.
478 2774 535 2825 in
565 2775 677 2826 suis
708 2774 898 2827 Moral.
952 2773 1088 2825 dicit
1127 2772 1166 2838 :)
1218 2773 1279 2825 In
1324 2772 1619 2841 evangelio
1665 2772 1883 2826 Veritas

186 2861 372 2917 dicit:
408 2863 466 2915 In
499 2862 668 2914 domo
703 2862 880 2914 Patris
916 2861 1241 2913 mansiones
1273 2863 1467 2914 multa:
1496 2868 1645 2914 sunt.
1685 2862 1790 2915 Sed
1824 2863 1883 2915 in

2076 457 2297 539 dicatur
2348 460 2628 524 pwm‘tens,
2690 457 2906 512 dicatur
2943 457 3270 529 misericors,
3317 466 3536 519 dicatur
3565 457 3705 536 pra;

2070 542 2233 581 SCtllS.

2071 634 2257 699 (Greg.
2292 635 2351 685 in
2385 634 2499 685 suis
2526 634 2717 686 Morel.
2752 635 2887 688 dicit
2918 636 2959 705 ;)
3018 639 3164 691 Deus
3222 657 3356 711 ergo
3417 645 3705 712 quomodo

1998 722 2191 775 zelans
2221 729 2327 787 est,
2358 721 2457 791 qui
2488 720 2547 772 in
2597 725 2974 778 custodienda
3018 729 3276 782 castitate
3324 738 3515 784 nostra
3546 734 3706 786 nullo

2001 812 2209 864 mentis
2237 810 2494 863 cruciatu
2527 812 2821 881 tangitur?
2862 814 3165 877 Quomodo
3199 819 3479 885 irascitur,
3514 821 3611 890 qui
3644 821 3704 874 in

1998 899 2347 953 ulciscendis
2382 898 2529 950 vitiis
2576 902 2784 954 nostris
2836 904 2991 956 nulla
3042 907 3475 972 perturbatione
3527 910 3709 963 animi

1997 986 2432 1042 commovetur?
2481 986 2781 1050 Quomodo
2815 997 2899 1043 est
2932 994 3239 1059 paenitens,
3275 996 3411 1064 quid
3466 996 3519 1049 id
3554 998 3707 1067 quod

1997 1080 2171 1131 semel
2205 1075 2424 1141 fecerit,
2459 1081 2514 1128 et
2540 1076 2736 1130 fecisse
2765 1096 3132 1149 nequaquam
3165 1083 3364 1136 dolet?
3401 1086 3707 1148 Quomodo

1997 1166 2170 1219 habet
2197 1165 2677 1230 misericordiam,
2706 1168 2805 1237 qui
2846 1185 2943 1221 eor
2992 1171 3269 1225 miserum
3324 1189 3440 1226 non
3492 1174 3707 1229 habet?

1998 1255 2294 1318 Quomodo
2322 1260 2406 1307 est
2436 1256 2733 1323 praescius,
2772 1258 2909 1311 dum
2970 1260 3128 1312 nulla
3185 1259 3295 1313 nisi
3349 1277 3477 1330 qum
3508 1262 3709 1316 futura

1997 1344 2110 1396 sint
2147 1343 2563 1413 praesciantur'?
2597 1343 2664 1396 Et
2694 1346 2905 1398 scimus
2940 1347 3073 1415 quia
3102 1350 3214 1400 Deo
3249 1348 3393 1401 nihil
3446 1350 3705 1405 futurum

1996 1436 2097 1497 est,
2136 1437 2268 1484 ante
2298 1432 2462 1501 cujus
2489 1433 2685 1485 oculos
2718 1436 3005 1503 praeterita
3047 1438 3205 1489 nulla
3254 1443 3408 1505 sunt,
3453 1456 3706 1509 praesen-

1995 1520 2071 1573 tia
2104 1536 2218 1573 non
2240 1524 2556 1582 transeunt,
2608 1521 2802 1575 futura
2847 1540 2962 1575 non
3004 1526 3267 1578 veniunt.
3313 1527 3534 1598 Quippe
3566 1529 3707 1598 quia

1996 1609 2149 1679 quod
2180 1607 2347 1661 nobis
2379 1609 2504 1673 fuit,
2538 1614 2595 1661 et
2652 1610 2780 1671 erit,
2838 1610 2895 1663 in
2947 1612 3070 1681 ejus
3126 1620 3434 1683 prospectu
3493 1622 3704 1686 praesto

1997 1702 2081 1750 est
2115 1714 2126 1750 :
2162 1701 2218 1751 et
2247 1713 2419 1750 omne
2450 1698 2603 1767 quod
2638 1714 2890 1768 prmsens
2926 1706 3009 1752 est
3069 1702 3201 1753 sciri
3258 1708 3459 1769 potest,
3513 1706 3707 1772 potius

1997 1800 2169 1856 quam
2225 1785 2499 1855 praesciri.
2564 1787 2629 1838 Et
2702 1791 2894 1838 tamen
2950 1787 3159 1841 dicitur
3212 1791 3422 1856 zelans,
3494 1792 3707 1846 dicitur

1996 1874 2189 1932 iratus,
2222 1873 2432 1927 dicitur
2470 1874 2771 1944 pcenitens,
2823 1876 3031 1930 dicitur
3082 1876 3430 1945 misericors,
3491 1881 3707 1934 dicitur

1994 1961 2268 2033 praescius
2302 1980 2314 2015 :
2367 1967 2430 2016 ut
2487 1963 2621 2033 quia
2653 1964 2971 2016 castitatem
3003 1964 3211 2018 animae
3248 1968 3703 2039 uniuscujusque

1995 2049 2262 2116 custodit,
2324 2051 2578 2104 humano
2642 2051 2816 2104 modo
2875 2054 3063 2105 zelans
3113 2060 3369 2119 vocetur,
3440 2058 3703 2125 quamvis

1996 2139 2202 2192 mentis
2246 2139 2501 2193 cruciatu
2559 2155 2674 2193 non
2717 2141 3001 2208 tangitur;
3056 2141 3192 2211 quia
3244 2144 3442 2212 culpas
3494 2161 3700 2213 percu-

1993 2229 2082 2293 tit,
2117 2228 2326 2282 dicitur
2363 2228 2549 2293 irasci,
2608 2231 2869 2297 quimvis
2919 2231 3073 2282 nulla
3125 2231 3303 2284 animi
3368 2233 3700 2286 turbatione

1995 2323 2326 2382 moveatur;
2365 2323 2422 2371 et
2451 2319 2584 2388 quia
2624 2318 2745 2388 ipse
2778 2318 3175 2382 immutabilis,
3211 2320 3265 2372 id
3297 2322 3449 2389 quod
3501 2323 3697 2374 volne-

1994 2405 2068 2459 rit
2120 2411 2326 2470 mutat,
2385 2407 2663 2474 poenitere
2718 2407 2950 2466 dicitur.
3009 2408 3271 2476 quamvis
3312 2424 3430 2461 rem
3494 2414 3693 2474 mutet,

1993 2493 2293 2548 consilium
2329 2510 2443 2547 non
2478 2499 2676 2547 mutet.
2716 2496 2778 2547 Et
2809 2510 2938 2546 cum
2974 2495 3220 2548 miseriae
3256 2502 3460 2549 nostra!
3493 2498 3695 2551 subve-

1994 2582 2097 2648 nit,
2133 2582 2456 2636 misericors
2509 2589 2765 2646 vocatur,
2810 2583 3072 2651 quamvis
3125 2583 3348 2636 miseris
3407 2585 3691 2650 subvenit,

1995 2676 2049 2724 et
2074 2686 2175 2724 cor
2229 2671 2502 2724 miserum
2567 2687 2866 2740 nunquam
2923 2670 3075 2724 facit.
3136 2672 3199 2724 Et
3256 2672 3393 2741 quia
3452 2690 3518 2724 ea
3566 2689 3696 2743 quas

1994 2759 2157 2813 nobis
2184 2760 2374 2812 futura
2430 2764 2562 2812 sunt
2592 2759 2768 2824 videt,
2830 2775 2957 2829 quas
3011 2764 3235 2812 tantum
3292 2760 3401 2829 ipsi
3466 2776 3695 2829 semper

1994 2853 2201 2917 prmslo
2232 2853 2385 2912 sunt,
2418 2847 2688 2917 praescius
2720 2846 2929 2900 dicitur
2963 2863 2974 2899 :
3011 2848 3272 2917 quamvis
3325 2864 3692 2919 nequaquam

185 2950 409 3005 eisdem
456 2949 650 3002 multis
700 2949 1097 3002 mansionibus
1144 2949 1251 3002 erit
1295 2950 1486 3019 aliquo
1538 2950 1710 3003 modo
1762 2950 1885 3020 ipsa
1917 2942 1956 2996 C
1996 2934 2112 2988 mm

2061 2941 2250 2989 turum
2285 2935 2613 3005 praevideat,
2648 2936 2799 3005 quod
2831 2951 3085 3004 praesens
3126 2935 3298 2988 videt.

184 3037 639 3092 retributionum
689 3037 987 3090 diversitas
1018 3053 1287 3091 concors:
1337 3038 1471 3107 quia
1523 3044 1679 3091 tanta
1712 3038 1792 3091 vis
1825 3040 1883 3092 in

182 3128 293 3181 illa
322 3142 455 3195 pace
488 3142 591 3179 nos
624 3125 819 3190 sociat,
855 3131 915 3179 ut
945 3127 1100 3196 quod
1136 3127 1195 3179 in
1218 3142 1275 3179 se
1303 3127 1545 3197 quisque
1581 3143 1693 3180 non
1723 3143 1884 3181 acce-

184 3214 363 3285 perit,
401 3215 508 3268 hoc
540 3231 597 3267 se
629 3213 910 3283 accepisse
961 3213 1019 3266 in
1050 3213 1161 3266 alio
1202 3214 1459 3267 exsultet.
1498 3215 1652 3269 Unde
1684 3220 1740 3267 ct
1773 3232 1884 3268 non

184 3318 357 3373 aeque
400 3303 724 3356 laborantes
773 3302 830 3354 in
874 3301 1069 3369 vinea,
1126 3318 1287 3372 asque
1343 3303 1530 3355 cuncti
1586 3303 1883 3357 denarium

183 3392 521 3445 sortiuntur.
558 3391 623 3444 Et
652 3389 883 3459 quidem
919 3390 1066 3460 apud
1093 3392 1314 3443 Patrem
1340 3391 1667 3444 mansiones
1693 3394 1885 3445 multae

182 3485 346 3545 sunt,
380 3485 435 3531 et
463 3484 654 3532 tamen
688 3479 952 3531 eumdem
983 3478 1281 3532 denarium
1319 3479 1572 3548 dispares
1602 3480 1885 3533 laborato-

184 3586 287 3624 res
316 3568 636 3636 accipiunt:
671 3567 804 3636 quia
834 3583 945 3619 una
987 3568 1205 3621 cunctis
1263 3567 1371 3619 erit
1404 3568 1697 3620 beatitudo
1749 3569 1887 3622 lteti-

181 3658 309 3722 tiae,
340 3655 599 3726 quamvis
639 3672 752 3707 non
795 3672 906 3708 una
946 3656 1017 3708 sit
1049 3656 1318 3709 omnibus
1368 3655 1686 3708 sublimitas
1733 3657 1881 3710 vita).

184 3763 324 3817 CAP.
359 3760 545 3815 LXXV.
582 3792 645 3799 —
674 3761 824 3826 Quod
852 3763 1004 3815 illum
1034 3778 1185 3830 quem
1209 3763 1367 3815 semel
1386 3764 1545 3830 culpa
1575 3762 1649 3814 ad
1674 3778 1885 3831 pamam

260 3834 553 3900 pertrahit,
595 3834 973 3886 misericordia
1020 3836 1252 3888 ulterius
1286 3833 1360 3887 ad
1416 3835 1623 3887 omium
1653 3849 1759 3887 non
1801 3849 1884 3887 re-

265 3903 445 3957 ducat.

267 4011 447 4078 (Greg.
500 4013 559 4064 in
623 4012 737 4065 suis
802 4011 997 4064 Moral.
1067 4011 1249 4079 dicitz)
1311 4010 1465 4065 Sicut
1530 4010 1887 4063 Consumitur

180 4100 393 4164 nubes,
426 4104 481 4153 et
505 4097 832 4169 pertransit,
869 4100 948 4151 sic
978 4098 1075 4169 qui
1107 4098 1401 4152 descendit
1432 4097 1498 4150 ad
1533 4097 1746 4149 inferos
1771 4113 1886 4150 non

180 4186 465 4241 ascendit.
518 4188 703 4242 Nubes
735 4187 947 4259 quippe
997 4187 1066 4239 ad
1096 4187 1301 4239 altiora
1352 4183 1735 4254 suspenditur,
1785 4184 1882 4237 sed

180 4275 430 4329 densata
453 4282 618 4328 vento
651 4275 965 4345 impellitur
994 4280 1057 4327 ut
1090 4280 1298 4339 currat,
1340 4275 1525 4325 calore
1548 4272 1683 4325 solis
1714 4271 1882 4324 dissi-

178 4368 362 4435 patur
393 4369 454 4417 ut
490 4368 803 4417 evanescat.
858 4362 949 4417 Sic
1008 4363 1283 4415 nimirum
1317 4362 1488 4414 corda
1539 4367 1672 4414 sunt
1703 4360 1885 4415 homi-

177 4466 354 4516 num,
388 4467 516 4521 quaa
566 4468 670 4520 per
714 4459 956 4520 acceptae
1001 4451 1235 4503 rationis
1293 4449 1587 4519 ingenium
1648 4450 1714 4503 ad
1774 4448 1885 4503 alia

176 4538 513 4608 emigrent:
575 4539 815 4607 impulsa
880 4544 1072 4591 autem
1129 4538 1364 4607 maligni
1424 4537 1657 4607 spiritus
1721 4538 1879 4603 ﬂatu,

177 4626 381 4699 pravis
436 4624 850 4678 desideriorum
899 4641 1129 4678 suorum
1184 4626 1432 4678 motibus
1484 4626 1593 4679 huc
1638 4627 1883 4696 illucque

179 4712 632 4788 pertrahuntur.
672 4713 781 4767 Sed
811 4714 1065 4766 districta
1114 4719 1373 4781 respectu
1407 4713 1637 4783 superni
1674 4714 1882 4784 judicis

179 4802 356 4875 quasi
397 4801 533 4855 solis
564 4802 749 4853 calore
790 4801 1116 4870 liqueﬁunt,
1172 4807 1226 4853 et
1257 4801 1429 4853 semel
1462 4802 1601 4854 locis
1645 4804 1880 4871 pmuali-

178 4894 297 4947 bus
328 4889 553 4954 tradita,
596 4892 663 4943 ad
698 4890 1046 4959 operationis
1080 4905 1244 4941 usum
1275 4893 1420 4941 ultra
1464 4906 1578 4942 nou
1619 4890 1880 4944 redeunt.

179 4980 287 5032 Vir
337 4978 510 5047 igitur
566 4984 793 5031 sanctus
867 4978 1132 5030 elationis
1192 4994 1418 5030 cursum
1482 4978 1882 5048 deiectamque

179 5067 431 5123 humani
464 5068 687 5135 generis
737 5066 1064 5135 exprimens
1096 5065 1268 5118 dicit:
1322 5065 1478 5119 Sicut
1530 5068 1885 5121 consumitur

184 5154 392 5218 nubes,
452 5161 507 5207 et
554 5154 885 5224 pertransit,
945 5154 1023 5206 sic
1079 5153 1177 5222 qui
1217 5153 1503 5205 descendit
1555 5153 1620 5206 ad
1670 5154 1883 5209 inferos

182 5259 307 5298 non
336 5243 606 5296 ascendit.
665 5248 741 5295 Ac
798 5242 843 5294 si
902 5248 1097 5311 aperte
1172 5243 1504 5311 loqueretur
1539 5241 1768 5297 dicens:
1820 5244 1881 5298 In

186 5333 372 5385 altum
404 5331 682 5384 currendo
713 5330 921 5397 deficit,
947 5331 1046 5402 qui
1068 5330 1453 5399 superbiendo
1486 5330 1551 5383 ad
1584 5331 1880 5387 interitum

185 5418 393 5473 tendit.
447 5418 625 5481 Quem
676 5419 721 5471 si
754 5420 932 5471 semel
983 5419 1151 5487 culpa
1201 5416 1271 5470 ad
1306 5434 1530 5487 poenam
1582 5420 1878 5487 pertrahit,

192 5506 587 5562 misericordia
622 5507 860 5561 ulterius
890 5508 957 5561 ad
986 5507 1209 5561 veniam
1249 5521 1366 5560 non
1397 5506 1635 5559 reducit.

1998 3041 2121 3095 CAP.
2157 3041 2409 3096 LXXVII.
2424 3072 2491 3080 —
2512 3043 2620 3097 Cur
2634 3043 2769 3094 Deus
2783 3056 2906 3094 suos
2919 3041 3105 3094 electos
3126 3043 3200 3093 sic
3228 3043 3512 3109 permittat
3534 3043 3690 3106 mori,

2032 3117 2091 3165 ut
2120 3128 2228 3167 non
2250 3115 2309 3166 in
2332 3116 2448 3165 vita
2478 3114 2695 3165 illorum
2720 3113 2966 3166 ostendat
2996 3114 3149 3179 cujus
3181 3114 3493 3165 sanctitatis
3523 3110 3654 3165 sint.

2067 3220 2176 3289 (Em
2202 3218 2401 3273 eodem.
2421 3220 2564 3273 Petr.
2590 3221 2693 3271 int.
2720 3218 2876 3284 Greg.
2899 3218 3066 3287 reSp.)
3084 3218 3227 3281 Quid
3246 3218 3476 3283 esthoc,
3496 3233 3692 3286 quaeso

1995 3314 2073 3375 te,
2102 3307 2257 3378 quod
2290 3308 2659 3376 omnipotens
2698 3309 2842 3361 Deus
2894 3309 2972 3359 sic
3002 3307 3286 3377 permittit
3334 3306 3502 3375 mori,
3547 3323 3693 3377 quos

1998 3401 2188 3450 tamen
2245 3402 2375 3465 post
2421 3401 2661 3449 mortem
2712 3397 2877 3466 cujus
2937 3396 3252 3448 sanctitatis
3307 3395 3521 3449 fuerint
3575 3412 3691 3449 non

1994 3483 2343 3553 compatitur
2372 3483 2563 3536 celari.
2626 3483 2767 3535 Cum
2809 3484 3085 3550 scriptum
3141 3484 3256 3535 sit:
3319 3484 3510 3535 Justus
3555 3500 3692 3553 qua-

1995 3586 2223 3641 cunque
2271 3573 2455 3622 morte
2504 3575 2825 3638 praeventus
2884 3569 3075 3635 fuerit,
3113 3570 3336 3638 justitia
3391 3570 3513 3638 ejus
3570 3585 3688 3623 non

1995 3657 2286 3711 auferetur
2314 3658 2383 3710 ab
2405 3658 2512 3709 eo?
2544 3685 2609 3696 —
2633 3657 2804 3709 Etecti
2836 3657 2933 3726 qui
2963 3658 3159 3725 procul
3185 3658 3356 3710 dubio
3389 3658 3457 3710 ad
3480 3673 3685 3727 perpe-

1994 3752 2151 3800 tuam
2182 3745 2353 3798 vitam
2384 3746 2646 3809 tendunt,
2693 3745 2829 3814 quid
2876 3745 2957 3797 eis
2997 3745 3156 3798 obest
3197 3745 3241 3797 si
3273 3745 3342 3797 ad
3392 3745 3685 3798 modicum

1993 3833 2133 3888 dure
2161 3832 2524 3887 moriantur?
2556 3833 2619 3885 Et
2650 3837 2734 3885 est
2764 3833 3000 3885 fortasse
3033 3848 3450 3901 nonnunquam
3484 3846 3687 3885 eorum

1995 3923 2181 3991 culpa,
2240 3920 2369 3976 licet
2409 3920 2669 3985 minima,
2722 3936 2851 3989 quas
2898 3920 2955 3972 in
3007 3920 3206 3974 eadem
3238 3920 3443 3973 debeat
3501 3924 3685 3973 morte

1995 4010 2257 4063 resecari.
2321 4008 2477 4062 Unde
2538 4007 2603 4060 ﬁt
2660 4012 2723 4060 ut
2773 4007 3001 4078 reprobi
3046 4009 3280 4078 quidem
3337 4013 3681 4078 potestatem

1995 4104 2194 4152 contra
2225 4096 2475 4150 viventes
2504 4095 2809 4166 accipiant,
2858 4097 2954 4149 sed
2987 4097 3099 4150 illis
3142 4097 3521 4151 morientibus
3580 4098 3687 4150 hoc

1996 4185 2053 4239 in
2086 4186 2168 4239 eis
2197 4184 2424 4256 gravius
2456 4185 2794 4251 vindicetur,
2845 4184 2997 4255 quod
3028 4190 3225 4238 contra
3282 4185 3462 4238 bonos
3517 4190 3687 4254 pote-

1994 4278 2195 4328 statem
2290 4289 2408 4327 suae
2464 4273 2816 4327 crudelitatis
2874 4279 3256 4344 acceperunt:
3330 4273 3476 4327 sicut
3532 4273 3684 4327 idem

1993 4363 2241 4416 carnifex
2263 4363 2361 4433 qui
2384 4362 2649 4415 eumdem
2674 4362 3056 4415 venerabilem
3080 4356 3379 4415 diaconem
3403 4361 3685 4416 viventem

1993 4449 2162 4503 ferire
2197 4450 2511 4519 permissus
2568 4454 2670 4515 est,
2707 4448 2959 4519 gaudere
3008 4464 3179 4519 super
3233 4452 3527 4501 mortuum
3558 4463 3687 4517 per-

1994 4538 2204 4592 missus
2244 4553 2359 4590 non
2401 4543 2503 4590 est.
2548 4538 2710 4602 Quod
2757 4554 2913 4591 sacra
2957 4553 3186 4607 quoque
3241 4541 3522 4590 testantur
3569 4538 3687 4590 elo-

1994 4627 2147 4697 quia.
2180 4627 2317 4679 Nam
2370 4626 2455 4678 vir
2521 4628 2618 4679 Dei
2669 4633 2866 4679 contra
2920 4626 3235 4679 Samariam
3294 4626 3519 4689 missus,
3553 4626 3689 4694 quia

1994 4731 2097 4785 per
2126 4715 2571 4769 iuobedientiam
2607 4715 2665 4766 in
2697 4714 2896 4766 itinere
2919 4714 3185 4780 comedit,
3215 4713 3366 4765 hunc
3398 4712 3456 4764 in
3484 4713 3687 4766 eodem

1995 4804 2200 4857 itinere
2233 4804 2321 4856 leo
2362 4802 2583 4855 occidit.
2627 4802 2733 4855 Sed
2792 4802 2980 4854 statim
3042 4801 3155 4853 illic
3215 4801 3487 4869 scriptum
3555 4806 3682 4855 est:

1993 4890 2136 4954 Quia
2167 4890 2322 4943 stetit
2349 4891 2436 4942 leo
2462 4889 2627 4959 juxta
2661 4890 2911 4955 asinum,
2945 4894 2998 4942 et
3042 4906 3160 4943 non
3208 4890 3459 4943 comedit
3495 4890 3563 4943 de
3595 4904 3687 4942 ca-

1997 4980 2219 5033 davere.
2257 4980 2330 5031 Ex
2362 4994 2470 5047 qua
2508 4993 2567 5028 re
2597 4979 2936 5044 ostenditur,
2965 4978 3119 5047 quod
3152 4982 3447 5046 peccaturo
3497 4976 3690 5030 inobe-

1996 5066 2230 5121 dientize
2260 5066 2467 5134 inipsa
2514 5070 2694 5118 morte
2742 5066 2848 5118 fuit
2906 5068 3176 5133 laxatum,
3212 5065 3346 5135 quia
3398 5065 3549 5119 idem
3597 5063 3687 5118 leo

1995 5152 2095 5222 qui
2123 5151 2404 5205 viventem
2440 5152 2806 5221 pra-sumpsit
2861 5151 3136 5216 occidere,
3194 5151 3524 5221 contingere
3573 5167 3689 5204 non

1994 5240 2361 5309 praesumpsit
2410 5239 2680 5292 occisum.
2742 5239 2850 5302 Qui
2918 5239 3069 5292 enim
3125 5238 3423 5292 occidendi
3484 5254 3688 5292 ausum

1995 5328 2215 5395 habuit,
2241 5328 2308 5381 de
2340 5327 2509 5381 occisi
2536 5328 2809 5381 cadavere
2847 5326 3185 5381 comedendi
3232 5326 3517 5380 licentiam
3570 5343 3689 5380 non

1996 5416 2250 5485 accepit:
2286 5418 2419 5487 quia
2469 5416 2515 5468 is
2548 5417 2647 5486 qui
2678 5416 2977 5486 culpabilis
3027 5414 3086 5467 in
3141 5414 3253 5466 vita
3298 5414 3423 5480 fuit,
3484 5415 3688 5483 punita

1996 5505 2403 5567 inobedientia,
2435 5515 2558 5558 erat
2599 5506 2717 5575 jam
2769 5506 2957 5574 justus
3011 5518 3075 5556 ex
3138 5506 3341 5558 morte.
3395 5502 3503 5556 Leo
3554 5516 3690 5570 ergo
