4014 6200
331 260 461 312 1037

1405 250 1804 308 BURCHARDI
1843 249 2374 306 WOBMACIENSIS
2416 249 2746 306 EPISCOI’I.

3695 254 3841 305 1048

327 382 427 454 qui
459 381 614 452 prius
644 378 954 451 peccatoris
997 377 1172 431 vitam
1212 376 1452 444 necavit,
1510 375 1817 430 custodivit
1870 379 2022 445 post-
2052 375 2102 431 Α
2138 390 2388 444 namque
2421 390 2752 445 corporeus,
2789 378 2851 428 ut
2907 381 3028 428 esse
3077 373 3263 428 valeat
3310 373 3459 444 ignis
3489 416 3504 441 ,
3538 375 3846 446 corporeis

327 471 565 525 modum
599 469 838 523 cadaver
862 466 1022 538 justi.

402 560 532 614 CAP.
559 557 824 612 LXXVIII.
851 585 920 595 —-
943 553 1094 620 Quod
1113 554 1324 607 miseris
1346 567 1492 608 mors
1513 555 1611 620 ﬁat
1630 554 1745 606 sine
1765 557 1950 605 morte.

405 648 658 717 (Gregor.
698 647 759 700 in
797 647 910 699 suis
963 643 1157 697 Morat.
1210 641 1408 711 dicitz)
1470 641 1557 696 Fit
1615 657 1752 711 ergo
1804 639 2026 692 miseris

334 749 490 788 mors
519 733 638 786 sine
663 737 867 796 morte,
901 730 1033 784 ﬁnis
1077 728 1197 782 sine
1236 728 1504 782 defunctu
1540 743 1552 783 :
1587 728 1721 798 quia
1764 732 1821 782 et
1873 743 2028 780 mors

336 820 496 886 vivit,
549 826 605 873 et
660 819 790 872 linis
841 833 1070 886 semper
1115 815 1336 886 incipit,
1369 821 1426 869 et
1455 815 1696 869 deﬁcere
1727 815 2028 869 defunctus

339 909 535 963 nescit.
571 907 714 972 Quia
736 907 934 976 igitur,
966 911 1022 958 et
1045 921 1199 958 mors
1222 904 1452 974 perimit
1473 911 1529 957 et
1566 920 1682 958 non
1727 903 2024 973 extinguit,

338 998 504 1052 dolor
531 995 765 1060 cruciat,
797 996 894 1048 sed
926 994 1255 1047 nullatenus
1287 1009 1551 1062 pavorem
1584 993 1762 1064 fugat,
1795 992 2031 1047 ﬂamma

338 1085 641 1148 comburit,
678 1085 774 1136 sed
806 1098 1171 1152 nequaquam
1208 1082 1469 1135 tenebras
1513 1081 1744 1135 decutit.

340 1173 467 1228 CAP.
522 1173 734 1226 LXXIX.
768 1201 828 1212 —
860 1171 1011 1237 Quod
1031 1173 1087 1224 in
1119 1173 1330 1237 inferno
1357 1169 1722 1238 peccatoribus
1753 1169 1827 1223 ad
1855 1184 2034 1224 conso-

446 1263 699 1315 lationem
727 1262 870 1329 ignis
901 1277 1006 1314 non
1038 1261 1228 1324 luceat,
1261 1259 1355 1314 sed
1385 1264 1444 1313 ut
1463 1260 1637 1326 magis
1658 1264 1922 1327 torqueat.

412 1350 650 1418 (Gregor.
686 1353 744 1402 in
790 1351 904 1402 suis
935 1349 1128 1402 Moral.
1171 1347 1306 1401 dicit
1340 1346 1378 1416 :)
1421 1347 1689 1411 Quamvis
1737 1346 1853 1400 illic
1881 1346 2032 1416 ignis

342 1444 396 1492 et
425 1438 497 1492 ad
539 1437 990 1492 consolationem
1047 1453 1163 1490 non
1192 1437 1361 1501 lucet,
1421 1443 1672 1490 attamen
1733 1441 1794 1488 ut
1852 1436 2033 1504 magis

341 1532 624 1597 torqueat,
658 1527 725 1580 ad
770 1525 991 1595 aliquid
1025 1525 1193 1578 lucet.
1252 1526 1393 1578 Nam
1451 1541 1719 1595 sequaces
1776 1540 2033 1594 quosque

344 1632 477 1670 suos
504 1631 696 1668 secum
730 1615 787 1667 in
823 1618 1110 1668 tormento
1142 1613 1372 1682 reprobi
1427 1613 1660 1666 ﬂamma
1708 1613 2033 1666 illustrante

342 1701 518 1755 visuri
550 1708 702 1766 sunt,
737 1717 984 1771 quorum
1045 1716 1239 1753 amore
1274 1699 1641 1769 deliquerunt
1675 1715 1687 1754 :
1755 1704 2036 1769 quatenus

346 1790 446 1859 qui
477 1804 676 1842 eorum
711 1789 884 1841 vitam
929 1789 1236 1841 carnaliter
1266 1793 1462 1841 contra
1495 1792 1780 1857 praecepta
1829 1787 2034 1841 Condi-

347 1877 487 1933 toris
541 1880 898 1944 amaverunt,
930 1875 1187 1945 ipsorum
1234 1893 1463 1946 quoque
1516 1892 1612 1930 eos
1659 1875 1922 1930 interitus
1977 1876 2038 1929 in

347 1970 659 2036 augmento
691 1982 806 2019 sua:
837 1965 1220 2018 damnationis
1232 1964 1468 2034 afﬂigat.

753 2053 882 2107 Car.
917 2053 1101 2108 LXXX.
1136 2082 1205 2091 —
1237 2054 1317 2106 De
1345 2053 1527 2106 eadem
1551 2067 1636 2107 re.

417 2141 668 2210 (Grego'r.
704 2143 763 2194 in
791 2143 905 2195 suis
949 2141 1152 2196 Moral.
1203 2140 1337 2194 dicit
1372 2146 1405 2206 :)
1446 2140 1600 2194 Sicut
1657 2156 1792 2209 ergo
1851 2140 2042 2194 electis

347 2230 497 2301 ignis
527 2230 728 2284 ardere
757 2229 913 2283 novit
939 2229 1008 2282 ad
1037 2229 1326 2293 solatium,
1376 2234 1432 2282 et
1458 2234 1652 2282 tamen
1707 2229 1907 2282 ardere
1971 2229 2040 2284 ad

348 2317 692 2390 supplicium
729 2317 1056 2371 nescitzita
1107 2333 1136 2369 e
1193 2316 1412 2370 diverso
1471 2318 1750 2386 gehennae
1811 2316 2040 2371 ﬂamma

348 2406 631 2477 reprobis,
664 2409 719 2458 et
749 2421 1114 2475 nequaquam
1143 2405 1292 2458 lucet
1337 2405 1406 2458 ad
1452 2405 1863 2458 consolationis
1911 2423 2040 2476 gra-

349 2497 510 2560 tiam,
527 2501 582 2547 et
595 2499 787 2548 tamen
809 2494 960 2547 lucet
983 2494 1050 2546 ad
1072 2508 1301 2563 pcenam
1330 2509 1343 2546 :
1370 2499 1432 2546 ut
1451 2493 2043 2548 damnatorumoculis

351 2582 717 2653 supplicium,
751 2588 809 2635 et
836 2583 995 2635 nulla
1044 2581 1317 2634 charitate
1348 2581 1606 2649 candeat,
1662 2588 1720 2635 et
1767 2583 1837 2634 ad
1891 2581 2044 2636 dolo-

351 2671 430 2726 ris
460 2672 756 2725 cumulum
791 2670 1038 2740 qualiter
1070 2669 1397 2723 cruciantur
1435 2670 1715 2736 ostendat,
1758 2670 1902 2734 Quid
1950 2671 2042 2726 hic

353 2761 588 2822 mirum.
623 2760 669 2812 si
700 2760 978 2830 geliennaa
1005 2760 1196 2829 ignem
1237 2759 1523 2812 credimus
1571 2758 1780 2812 habere
1822 2759 2041 2830 suppli-

352 2849 527 2914 cium,
563 2848 729 2901 simul
793 2847 1152 2901 obscuritatis
1182 2853 1240 2902 et
1294 2845 1570 2902 luminis?
1610 2847 1759 2918 quod
1816 2847 2041 2919 experi-

2132 462 2354 532 indiget
2383 462 2670 516 fomentis.
2704 462 2812 527 Qui
2862 479 2992 516 cum
3036 479 3263 516 necesse
3297 469 3382 517 est
3431 469 3495 517 ut
3546 470 3842 526 servetur,

2133 568 2235 622 per
2265 551 2708 622 congestaligna
2736 551 2934 620 procul
2973 550 3148 604 dubio
3180 552 3455 619 nutritur,
3517 568 3623 605 nec
3688 550 3848 604 valet

2135 639 2246 692 nisi
2304 655 2603 693 succensus
2657 656 2795 696 esse,
2853 643 2908 692 et
2936 638 3045 692 nisi
3102 639 3315 692 refotus
3365 638 3700 692 subsistere.
3769 642 3844 692 At

2135 733 2332 781 contra
2370 727 2650 798 gehennae
2685 727 2837 796 ignis
2865 743 2994 780 cum
3048 726 3122 780 sit
3172 743 3501 796 corporeus,
3561 732 3619 781 et
3679 727 3745 780 in
3782 743 3844 780 se

2134 816 2335 868 missos
2400 814 3110 884 reprobos.corpora1iter
3188 821 3408 880 exurat,
3471 832 3575 870 nec
3641 814 3842 869 studio

2135 905 2388 958 humauo
2457 903 2841 970 succenditur,
2919 919 3025 958 nec
3107 905 3280 976 lignis
3346 907 3669 959 nutritur:
3742 904 3842 957 sed

2137 999 2358 1046 creatus
2397 993 2572 1046 semel
2615 993 2782 1046 durat
2819 992 3294 1062 inextinguibilis,
3356 1000 3414 1047 et
3462 994 3840 1047 succensione

2136 1097 2254 1136 non
2286 1081 2524 1152 indiget,
2555 1087 2612 1134 et
2641 1081 2841 1134 ardore
2874 1097 2988 1134 non
3021 1087 3190 1136 caret.
3247 1083 3396 1136 Bene
3444 1099 3585 1154 ergo
3627 1083 3700 1137 de
3736 1083 3841 1136 hoc

2137 1168 2338 1240 iniquo
2371 1170 2623 1223 dicitur:
2664 1169 2963 1222 Devorabit
3013 1185 3144 1222 eum
3189 1169 3338 1237 ignis
3386 1170 3484 1240 qui
3524 1187 3640 1223 non
3709 1186 3841 1222 suc—

2139 1259 2454 1312 cenditur:
2525 1258 2660 1328 quia
2717 1257 3140 1328 Omnipotentis
3201 1258 3440 1328 justitia,
3507 1260 3840 1312 futurorum

2142 1345 2396 1418 praescia,
2431 1346 2500 1399 ab
2527 1346 2648 1416 ipsa
2677 1345 2878 1399 mundi
2907 1345 3129 1416 origine
3161 1347 3440 1416 gehennae
3473 1348 3667 1419 ignem
3691 1364 3841 1400 crea-

2143 1435 2268 1488 vit:
2304 1434 2484 1504 quiin
2518 1450 2683 1502 pmna
2736 1433 3112 1504 reprobornm
3164 1450 3284 1487 esse
3343 1437 3518 1488 semel
3579 1434 3843 1504 incipiet,

2144 1523 2241 1578 sed
2275 1523 2534 1577 ardorem
2568 1537 2734 1575 suum
2759 1522 2931 1575 etiam
2967 1522 3089 1576 sine
3122 1522 3293 1593 lignis
3323 1540 3620 1593 nunquam
3656 1525 3841 1577 ﬁniet.

2145 1612 2448 1666 Sciendum
2473 1627 2606 1664 vero
2659 1615 2762 1676 est,
2824 1610 2978 1681 quod
3039 1627 3237 1665 omnes
3295 1612 3540 1682 reprobi,
3597 1613 3740 1682 quia
3793 1616 3849 1666 et

2147 1701 2207 1754 in
2234 1699 2425 1753 anima
2455 1699 2624 1752 simul
2655 1703 2711 1752 et
2730 1715 2895 1752 carne
2923 1705 3327 1770 peccaverunt,
3380 1700 3496 1754 illic
3540 1701 3602 1754 in
3647 1702 3848 1755 anima

2147 1794 2205 1842 et
2231 1804 2398 1840 carne
2428 1788 2646 1857 pariter
2675 1787 3019 1841 cruciantur.

2149 1895 2276 1948 Car.
2307 1894 2574 1949 LXXXIII.
2609 1923 2676 1933 —
2704 1895 2824 1947 Cur
2836 1896 3021 1947 anima
3034 1897 3090 1947 in
3119 1909 3337 1962 corpore
3349 1909 3590 1960 manens,
3619 1899 3666 1948 et
3690 1909 3845 1962 egre-

2644 1964 2798 2018 diens
2824 1965 3003 2020 videri
3024 1980 3128 2017 non
3148 1967 3338 2032 possit.

2219 2053 2364 2118 Quid
2403 2052 2634 2118 mirum,
2665 2054 2849 2118 Petre,
2893 2052 2938 2106 si
2985 2053 3373 2124 egredientem
3435 2053 3692 2106 animam
3725 2069 3843 2106 non

2148 2141 2362 2206 vidisti,
2393 2157 2567 2212 quam
2606 2145 2661 2194 et
2704 2146 3033 2195 manentem
3083 2141 3141 2194 iu
3186 2157 3428 2211 corpore
3479 2157 3594 2194 non
3647 2141 3846 2195 vides?

2152 2229 2563 2300 Nunquidnam
2630 2230 2802 2282 modo
2861 2247 2988 2284 cum
3075 2246 3298 2284 mecum
3373 2229 3648 2301 loqueris,
3711 2231 3844 2300 quia

2151 2318 2339 2370 videre
2370 2318 2430 2370 in
2466 2333 2555 2370 me
2583 2334 2696 2370 non
2734 2317 2884 2370 vales
2919 2317 3171 2371 animam
3222 2333 3428 2383 meam,
3493 2317 3708 2370 idcirco
3757 2333 3846 2370 me

2151 2422 2270 2458 esse
2305 2406 2630 2459 exanimem
2681 2405 2901 2460 credis?
2956 2407 3165 2460 Natura
3225 2406 3438 2476 quippe
3493 2407 3704 2459 anime
3756 2406 3848 2458 in-

2151 2494 2389 2547 visibilis
2455 2498 2556 2560 est,
2625 2499 2797 2565 atque
2863 2493 2939 2546 ita
3007 2510 3072 2546 ex
3175 2509 3408 2563 corpore
3487 2493 3851 2546 invisibiliter

2152 2584 2443 2654 egreditur
2465 2582 2609 2636 sicut
2640 2582 2698 2636 in
2737 2597 2972 2652 corpore
2993 2581 3354 2636 invisibiliter
3375 2587 3588 2635 manet.
3625 2583 3848 2635 Petrus:

2152 2672 2258 2728 Sed
2293 2673 2465 2725 vitam
2500 2671 2707 2725 animas
2739 2669 2797 2724 in
2820 2687 3058 2741 corpore
3101 2671 3384 2724 manentis
3434 2685 3678 2741 pensare
3714 2687 3846 2740 pos-

2153 2777 2277 2814 sum
2309 2777 2375 2814 ex
2428 2759 2568 2830 ipsis
2624 2760 2872 2814 motibus
2933 2759 3190 2829 corporis
3223 2775 3236 2812 :
3267 2759 3402 2830 quia
3451 2758 3556 2811 nisi
3623 2759 3849 2828 corpori

2151 2851 2343 2903 anima
2387 2850 2629 2914 adesset,
2691 2848 2951 2918 ejusdem
3009 2849 3269 2901 membra
3320 2846 3575 2916 corporis
3633 2847 3851 2900 moveri

355 2943 546 2992 mento
577 2936 1044 3006 novimuszquia
1083 2942 1140 2990 et
1187 2952 1336 2989 nunc
1393 2936 1536 2989 dura
1593 2936 1847 3004 ﬂamma,
1899 2937 2044 2989 lucet
2079 2939 2118 2994 C
2160 2957 2271 2994 non
2338 2943 2592 3010 possent.
2659 2940 2781 2992 Vita
2848 2955 2982 2992 vero
3030 2938 3237 2992 anima:
3303 2943 3433 3008 post
3489 2954 3724 2991 carnem
3794 2939 3848 2991 in

354 3027 612 3080 obscura.
653 3026 808 3079 Tunc
861 3025 1004 3078 edax
1062 3025 1296 3078 ﬂamma
1350 3023 1655 3091 comburit,
1703 3040 1848 3094 quos
1897 3041 2047 3079 nunc

354 3114 598 3169 carnalis
638 3113 937 3167 delectatio
962 3113 1186 3182 polluit.
1221 3114 1378 3166 Tunc
1407 3112 1627 3166 inﬁnite
1651 3119 1848 3178 patens
1879 3113 2050 3167 infer-

357 3203 417 3256 ni
449 3203 740 3255 baratrum
773 3201 1026 3263 devorat,
1063 3215 1205 3269 qtos
1233 3215 1382 3252 nunc
1407 3200 1595 3253 inanis
1628 3200 1797 3253 elatio
1824 3202 2048 3256 exultat.

358 3295 540 3359 Atque
584 3289 684 3358 qui
731 3288 990 3358 quolibet
1027 3304 1092 3340 cx
1142 3286 1282 3340 vitio
1336 3286 1428 3340 hic
1457 3288 1808 3342 voluntatem
1862 3289 2049 3344 callidi

357 3375 712 3449 persuasoris
745 3376 1138 3445 expleverunt,
1172 3381 1308 3428 tunc
1343 3391 1475 3430 cum
1505 3392 1606 3429 suo
1635 3377 1775 3430 duce
1819 3379 2050 3446 reprobi

361 3465 429 3520 ad
482 3469 768 3518 tormenta
823 3464 1213 3534 perveniunt:
1274 3468 1331 3518 et
1384 3463 1644 3535 quamvis
1714 3466 2049 3535 angelorum

359 3559 531 3624 atque
595 3551 900 3606 hominum
960 3552 1128 3622 longe
1180 3551 1252 3604 sit
1309 3556 1515 3605 natura
1571 3552 1881 3620 dissimilis,
1941 3571 2054 3607 una

357 3646 552 3694 tamen
584 3657 754 3712 paena
780 3639 1056 3712 implicat,
1091 3656 1237 3712 quos
1287 3657 1433 3694 unus
1479 3639 1538 3694 in
1570 3640 1809 3694 crimine
1864 3647 2053 3696 reatus

357 3729 519 3800 ligat.

361 3835 489 3889 CAP.
524 3834 741 3889 LXXXI.
764 3863 835 3876 —
858 3833 1011 3902 ()uod
1032 3835 1269 3887 humana
1297 3836 1482 3887 anima
1511 3836 1593 3887 ita
1617 3836 1936 3890 immortalis
1957 3838 2050 3900 sit,

753 3910 813 3958 ut
839 3911 889 3958 et
918 3907 1056 3958 mori
1072 3908 1244 3973 possit
1268 3910 1318 3958 et
1346 3920 1451 3959 non
1468 3908 1660 3973 possit.

433 3993 678 4063 (Gregor.
708 3997 766 4047 in
795 3996 910 4048 suis
953 3995 1148 4047 Moral.
1191 3992 1324 4047 dicit
1358 3991 1397 4062 :)
1457 3992 1601 4057 Quia
1657 4009 1791 4062 ergo
1843 4001 2053 4049 nostrae

359 4081 810 4136 immortalitatis
840 4082 946 4135 hoc
984 4088 1210 4151 tempus
1243 4097 1357 4134 non
1403 4080 1481 4134 ita
1528 4086 1591 4134 ut
1648 4083 1794 4136 male
1831 4083 1919 4146 sit,
1957 4084 2052 4138 sed

361 4169 440 4224 ita
464 4171 614 4240 perit
644 4175 709 4224 ut
739 4185 856 4223 non
887 4169 980 4236 sit,
1019 4169 1400 4240 quaerendum
1430 4173 1515 4222 est
1563 4170 1696 4239 quid
1751 4171 1844 4238 sit,
1897 4172 2050 4242 quod

361 4273 481 4311 non
514 4261 574 4310 ut
600 4257 678 4310 ita
707 4273 819 4310 non
873 4257 964 4322 sit,
1000 4258 1096 4312 sed
1136 4259 1217 4311 ita
1270 4257 1459 4327 perire
1508 4262 1734 4327 optatur
1793 4265 1854 4313 ut
1906 4263 2052 4315 male

363 4345 457 4399 sit.
488 4346 747 4398 Humana
778 4345 931 4398 enim
988 4345 1178 4399 anima
1211 4362 1313 4399 seu
1371 4346 1660 4415 angelicus
1709 4347 1945 4418 spiritus
1975 4350 2054 4402 ita

363 4432 708 4486 immortalis
758 4437 862 4498 est,
947 4437 1009 4486 ut
1043 4433 1190 4487 mori
1242 4433 1463 4504 possit:
1527 4434 1606 4488 ita
1662 4437 1938 4503 mortalis,
1990 4443 2055 4492 ut

363 4519 512 4574 mori
544 4535 655 4572 non
690 4519 886 4590 possit.
911 4521 1051 4574 Nam
1084 4521 1244 4576 beate
1282 4522 1493 4587 vivere,
1547 4523 1662 4576 sive
1694 4540 1798 4594 per
1830 4524 2050 4590 vitium,

363 4623 462 4662 seu
495 4623 600 4679 per
624 4607 970 4678 supplicium
1004 4609 1190 4680 perdit
1217 4626 1229 4663 :
1255 4610 1633 4664 essentialiter
1661 4618 1852 4666 autem
1896 4612 2050 4666 vive-

363 4712 450 4766 re,
485 4712 672 4766 neque
701 4713 803 4767 per
833 4697 1053 4760 vitium,
1085 4715 1272 4770 neque
1303 4715 1408 4768 per
1437 4699 1781 4770 supplicium
1819 4700 2050 4754 amittit.

361 4788 407 4840 A
458 4786 735 4856 qualitate
769 4785 920 4839 enim
967 4788 1189 4840 vivendi
1244 4787 1457 4850 deﬁcit,
1520 4789 1612 4840 sed
1659 4788 2054 4842 omnimodum

361 4874 708 4929 subsistendi
783 4874 1079 4929 interitum
1128 4891 1232 4930 nec
1291 4875 1539 4930 moriens
1587 4876 1778 4930 sentit.
1815 4877 1885 4931 Ut
1917 4893 2053 4944 ergo

360 4962 610 5019 breviter
648 4962 911 5027 dixerim,
973 4968 1029 5017 et
1082 4963 1490 5018 immortaliter
1549 4963 1808 5020 mortalis
1864 4969 1967 5030 est,
2001 4969 2056 5018 et

363 5049 685 5105 mortaliter
699 5049 1059 5106 immortalis.

363 5155 490 5212 CAP.
527 5156 761 5211 LXXXII.
794 5187 861 5198 —
915 5157 1068 5228 ()qu
1097 5173 1382 5226 corporeus
1424 5160 1498 5212 sit
1541 5161 1685 5226 ignis
1717 5160 1986 5226 gehennz,
2005 5163 2054 5213 et

432 5241 541 5351 nor;
578 5228 823 5297 indigeat
886 5229 1000 5282 alia
1055 5230 1306 5295 materia,
1358 5230 1470 5283 nisi
1521 5229 1880 5298 reproborum
1930 5245 2056 5284 cru-

433 5313 518 5350 cia
547 5313 598 5352 u.

436 5399 624 5470 (Greg.
659 5405 714 5456 in
745 5403 862 5459 suis
901 5404 1191 5459 Moralibus
1223 5403 1356 5458 dicit
1400 5409 1437 5471 :)
1473 5404 1610 5459 Miro
1657 5406 1818 5459 valde
1863 5405 2050 5470 modo,

361 5489 558 5562 paucis
612 5490 798 5545 verbis
844 5508 1145 5562 expressus
1202 5498 1289 5548 est
1329 5492 1479 5564 ignis
1550 5493 1849 5562 gehennaz.
1900 5493 2052 5565 Ignis

2157 3027 2364 3100 quibus
2401 3027 2649 3080 molibus
2681 3027 2958 3098 quibusve
2977 3026 3247 3097 operibus
3278 3026 3367 3089 sit,
3396 3042 3512 3080 non
3541 3026 3708 3079 video
3746 3043 3759 3079 :
3793 3032 3853 3078 ut

2158 3133 2220 3171 ex
2256 3117 2424 3169 rebus
2449 3114 2770 3168 visibilibus
2800 3130 2920 3168 esse
2948 3115 3236 3184 colligam,
3288 3113 3438 3184 quod
3494 3114 3692 3168 videre
3735 3131 3850 3168 non

2158 3220 2410 3274 possum.

2160 3309 2289 3364 Car.
2326 3309 2584 3364 LXXXIV.
2613 3339 2681 3346 —
2721 3310 2786 3363 Ut
2815 3310 2998 3363 nullus
3025 3308 3278 3363 dubitare
3293 3308 3499 3371 debeat,
3533 3324 3596 3362 ea
3629 3325 3740 3364 esse
3769 3314 3854 3362 in-

2334 3381 2596 3446 visibilia,
2631 3395 2749 3447 qua
2792 3383 2895 3434 Deo
2925 3381 3194 3434 invisibili
3228 3380 3672 3434 subministrant.

2233 3468 2340 3535 (Ea:
2369 3467 2571 3535 dialog.
2647 3467 2828 3538 Greg.)
2881 3467 3039 3521 Sicut
3090 3467 3172 3519 vis
3231 3467 3437 3520 animai
3493 3467 3744 3520 viviﬁcat
3800 3473 3858 3521 et

2163 3561 2350 3609 movet
2404 3572 2632 3626 corpus,
2695 3555 2775 3608 sic
2826 3554 2905 3607 vis
2956 3554 3148 3609 divina
3205 3554 3408 3626 implet
3463 3571 3592 3625 quae
3643 3555 3858 3608 creavit

2162 3643 2374 3698 omnia.
2408 3645 2474 3698 Et
2501 3643 2611 3696 alia
2633 3643 2968 3714 inspirando
3000 3643 3265 3706 viviﬁcal,
3312 3642 3438 3696 aliis
3483 3659 3614 3695 vero
3653 3643 3858 3696 tribuit

2164 3738 2226 3785 ut
2289 3732 2502 3795 vivant,
2556 3731 2682 3786 aliis
2741 3732 2847 3785 hoc
2903 3731 3266 3785 solummodo
3325 3735 3558 3802 prmstat
3605 3734 3669 3784 ut
3717 3731 3854 3784 sint.

2162 3820 2306 3884 Quia
2337 3836 2531 3874 verum
2565 3836 2686 3874 esse
2722 3836 2834 3872 non
2891 3819 3138 3888 dubitas,
3185 3825 3494 3884 creantem,
3553 3825 3610 3872 et
3648 3835 3858 3890 regen-

2163 3913 2299 3974 tem,
2337 3908 2696 3978 implentem,
2731 3913 2786 3960 et
2817 3907 3026 3961 circum
3037 3908 3397 3979 plectentem,
3445 3908 3857 3962 transcenden-

2162 4001 2299 4061 tem,
2329 4001 2386 4050 et
2412 3995 2809 4056 sustinentem.
2843 3995 3424 4066 incircumscriptum,
3455 4002 3625 4066 atque
3654 3995 3856 4049 invisi-

2163 4085 2336 4138 bilem
2373 4086 2581 4151 Deum;
2615 4084 2690 4137 ita
2729 4084 2989 4139 dubitare
3019 4101 3135 4138 non
3193 4085 3387 4149 debes,
3447 4085 3602 4138 hunc
3659 4083 3858 4138 invisi-

2163 4173 2300 4227 bilia
2326 4173 2598 4244 obsequia
2631 4172 2862 4226 habere.
2910 4172 3124 4226 Debent
3167 4173 3382 4244 quippe
3436 4187 3503 4225 ea
3555 4188 3684 4243 quae
3749 4174 3859 4226 mi-

2163 4262 2409 4316 nistrant
2465 4261 2531 4315 ad
2587 4261 2708 4332 ejus
2755 4261 3198 4316 similitudinem
3260 4261 3497 4316 tendere
3540 4261 3633 4315 cui
3683 4262 3858 4315 mini-

2161 4355 2362 4418 strant,
2412 4353 2476 4403 ut
2534 4365 2663 4420 quae
2712 4349 2985 4403 invisibili
3037 4350 3310 4416 serviunt,
3367 4366 3490 4403 esse
3548 4349 3860 4403 invisibilia

2162 4455 2279 4492 non
2328 4437 2682 4492 dubitentur.
2738 4438 2866 4491 Haec
2942 4443 3134 4492 autem
3189 4455 3317 4509 quae
3364 4454 3486 4491 esse
3540 4438 3854 4503 credimus,

2161 4526 2272 4580 nisi
2319 4531 2542 4579 sanctos
2612 4526 2869 4597 angelos,
2921 4532 2972 4579 et
3028 4526 3261 4596 spiritus
3303 4528 3641 4595 justorum?
3703 4526 3861 4581 Sicut

2162 4629 2298 4684 ergo
2333 4619 2553 4666 motum
2580 4613 2951 4667 considerans
2983 4615 3257 4684 corporis,
3307 4614 3477 4668 vitam
3530 4614 3740 4668 anima:
3797 4615 3855 4668 in

2162 4717 2402 4772 corpore
2431 4700 2714 4754 manentis
2744 4701 3049 4771 perpendis
3078 4702 3274 4754 animo
3302 4718 3315 4755 :
3350 4702 3430 4754 ita
3447 4702 3622 4755 vitam
3653 4703 3855 4755 animae

2163 4789 2422 4843 exeuntis
2486 4805 2519 4842 a
2585 4805 2820 4859 corpore
2873 4789 3228 4859 perpendere
3282 4789 3454 4844 debes
3494 4806 3527 4843 a
3581 4806 3855 4844 summo:

2164 4878 2299 4950 quia
2351 4883 2541 4948 potest
2586 4877 2949 4931 invisibiliter
3019 4877 3208 4932 vivere
3285 4894 3459 4948 quam
3513 4883 3742 4947 oportet
3801 4880 3856 4931 in

2165 4966 2442 5035 obsequio
2488 4965 2790 5020 invisibilis
2846 4981 3101 5020 manere.
3167 4968 3404 5020 Petrus:
3461 4967 3634 5020 Recte
3678 4970 3858 5019 totum

2165 5053 2418 5107 dicitur:
2453 5054 2548 5108 sed
2582 5070 2742 5106 mens
2788 5053 3000 5122 refugit
3053 5055 3306 5120 credere,
3361 5054 3515 5124 quod
3568 5054 3859 5124 corporeis

2165 5141 2344 5196 oculis
2378 5158 2491 5196 non
2522 5143 2672 5195 valet
2698 5142 2911 5196 videre.

2165 5249 2294 5302 CAP.
2329 5248 2657 5304 LXXXV.—
2687 5247 2840 5312 Quod
2867 5248 3018 5301 nulla
3038 5247 3284 5301 uisibilia
3312 5247 3492 5300 videri
3512 5247 3598 5301 vel
3616 5250 3861 5315 cognosci

2581 5322 2810 5388 possunt
2838 5321 2949 5372 nisi
2975 5334 3072 5387 per
3102 5319 3424 5373 invisibilia.

2235 5406 2356 5473 (Em
2386 5405 2592 5474 dialog.
2639 5406 2820 5476 Greg.)
2855 5407 2995 5461 Cum
3050 5407 3257 5460 Paulus
3306 5407 3503 5460 dicat:
3557 5407 3652 5460 Est
3703 5407 3855 5460 enim

2165 5494 2304 5548 ﬁdes
2353 5494 2766 5564 speraudarum
2817 5495 3134 5549 substantia
3189 5511 3382 5549 rerum
3442 5504 3858 5565 argumentum
