4014 6200
215 295 233 347 1
247 293 351 346 049

1140 290 1609 349 DECRETORUM
1654 293 1838 348 LIBRI
1878 293 1987 349 XX.
2022 322 2088 334 —
2129 293 2335 349 LIBER
2377 293 2763 350 VIGESIMUS.

3565 301 3697 351 l050

201 431 318 469 non
343 415 746 486 apparentium
784 431 798 469 :
847 416 954 469 hoc
986 415 1260 470 veraciter
1303 415 1511 469 dicitur
1535 415 1707 481 credi,
1741 415 1892 485 quod
1923 417 1970 469 Α
2007 415 2264 470 insinuat
2309 432 2413 470 vox
2462 415 2671 484 divitis,
2724 418 2824 489 qui
2876 417 3159 472 Abraham
3215 419 3553 489 deprecatur
3598 420 3691 474 di-

206 519 323 557 non
372 505 521 557 valet
567 504 764 558 videri.
821 505 956 558 Nam
1003 503 1157 558 credi
1200 503 1320 574 jam
1365 520 1476 557 non
1509 510 1696 574 potest
1740 505 1892 574 quod

199 591 382 645 videri
433 596 646 661 potest.
721 593 788 646 Ut
845 599 1035 647 tamen
1091 598 1144 645 te
1205 592 1454 646 breviter
1508 592 1774 645 reducam
1824 591 1892 646 ad

200 681 490 734 te:nulla
555 679 800 733 visibilia
875 680 986 733 nisi
1053 697 1155 750 per
1221 680 1531 734 invisibilia
1605 681 1890 734 videntur.

200 768 336 821 Ecce
398 768 552 821 enim
618 775 822 823 cuneta
888 785 1166 837 corporea
1230 771 1428 822 oculus
1493 770 1576 822 tui
1639 770 1892 838 corporis

192 856 416 925 aSpicit,
448 871 552 909 nec
582 863 775 909 tamen
802 856 923 925 ipse
953 873 1267 926 corporeus
1296 857 1494 910 oculus
1549 857 1766 927 aliquid
1817 858 1895 909 vi-

191 943 356 998 deret
400 960 759 1014 corporeum,
812 945 919 998 nisi
969 946 1123 998 hunc
1186 962 1272 998 res
1323 946 1658 1016 incorporea
1689 949 1759 999 ad
1815 945 1889 998 vi-

191 1031 450 1090 dendum
469 1039 716 1086 acueret.
745 1034 883 1087 Nam
907 1035 1043 1086 tolle
1068 1043 1317 1086 mentem
1345 1051 1474 1103 quae
1499 1050 1614 1086 non
1639 1034 1884 1100 videtur,

195 1127 256 1174 et
314 1122 597 1174 incassum
661 1128 817 1191 putet
879 1125 1075 1176 oculus
1135 1123 1234 1194 qui
1295 1124 1540 1176 videbat.
1609 1123 1888 1176 Subtrahe

195 1209 448 1262 animam
497 1211 745 1276 corpori,
805 1217 1105 1264 remanent
1151 1213 1346 1282 procul
1405 1212 1580 1265 dubio
1635 1212 1783 1264 oculi
1829 1212 1888 1265 in

195 1313 436 1368 corpore
467 1299 669 1369 aperti.
695 1299 748 1354 Si
786 1299 960 1368 igitur
1002 1317 1101 1370 per
1141 1317 1198 1354 se
1231 1301 1516 1367 videbant,
1551 1317 1652 1354 cur
1705 1299 1888 1354 disce—

197 1387 368 1440 dente
399 1386 593 1439 anima
623 1386 700 1439 nil
734 1387 964 1440 vident?
1021 1387 1160 1440 Hinc
1214 1404 1351 1456 ergo
1409 1387 1665 1456 intellige
1700 1404 1711 1440 :
1755 1387 1890 1457 quia

195 1475 322 1545 ipsa
351 1490 580 1544 quoque
613 1475 876 1538 visibilia,
912 1492 1022 1528 non
1068 1476 1176 1528 nisi
1207 1492 1309 1546 per
1353 1475 1660 1529 invisibilia
1694 1476 1886 1529 viden-

197 1568 312 1616 tur.
348 1564 634 1617 Ponamus
672 1579 903 1634 quoque
959 1571 1088 1617 ante
1135 1566 1326 1617 oculos
1383 1563 1608 1629 mentis,
1652 1564 1889 1617 domum

198 1651 502 1717 aediﬁcare,
535 1650 844 1705 immensas
901 1654 1078 1706 moles
1119 1653 1325 1718 levare,
1366 1653 1614 1722 pendere
1657 1669 1891 1722 magnas

197 1739 260 1792 in
318 1739 595 1793 machinis
651 1742 990 1794 columnas:
1027 1741 1174 1810 quis,
1236 1757 1430 1810 quaeso
1493 1747 1566 1804 te,
1603 1742 1710 1794 Iioc
1748 1758 1892 1811 opus

199 1830 518 1897 operatur?
550 1829 770 1897 Corpus
801 1828 1023 1881 visibile
1051 1829 1201 1898 quod
1241 1828 1364 1881 illas
1402 1830 1581 1882 moles
1629 1831 1893 1882 manibus

198 1916 417 1971 trahit:
454 1932 528 1969 an
583 1917 885 1969 invisibilis
937 1917 1126 1969 anima
1176 1933 1304 1986 quae
1350 1916 1593 1970 viviﬁtat
1650 1916 1893 1987 corpus?

197 2005 355 2059 Tolle
393 2007 547 2058 enim
599 2005 754 2074 quod
808 2021 921 2056 non
981 2004 1205 2058 videtur
1251 2004 1309 2057 in
1358 2021 1593 2073 corpore
1629 2022 1640 2058 :
1676 2011 1733 2058 et
1764 2021 1893 2058 mox

194 2090 525 2148 immobilia
552 2098 850 2146 remanent
883 2099 1087 2145 cuncta
1134 2109 1260 2162 quae
1297 2093 1513 2146 moveri
1553 2092 1896 2147 videbantur

195 2179 450 2233 visibilia
505 2197 749 2249 corpora
795 2181 1179 2234 metallorum.
1208 2181 1329 2244 Qua
1356 2181 1411 2234 in
1457 2198 1514 2233 re
1543 2183 1892 2251 pensandum

197 2273 311 2333 est,
344 2267 480 2337 quia
509 2268 566 2322 in
596 2268 704 2321 hoc
753 2285 982 2338 quoque
1031 2269 1246 2322 mundo
1299 2269 1531 2334 visibili,
1587 2269 1726 2323 nihil
1786 2269 1892 2323 nisi

196 2371 306 2426 per
337 2362 654 2410 creaturam
687 2357 1028 2410 invisibilem
1063 2357 1288 2426 disponi
1315 2361 1520 2426 potest.
1558 2358 1696 2410 Nam
1753 2359 1896 2412 sicut

200 2443 571 2513 omnipotens
630 2445 776 2498 Dens
823 2445 1126 2513 aspirando
1170 2445 1255 2498 vel
1314 2444 1606 2514 implendo
1655 2462 1720 2498 ea
1766 2463 1895 2516 quae

197 2531 422 2585 ratione
449 2532 781 2592 subsistunt.
821 2539 882 2585 ut
932 2532 1176 2586 viviticat
1196 2537 1253 2586 et
1299 2540 1488 2588 movet
1535 2534 1891 2589 invisibilia:

198 2619 280 2673 ita
309 2619 432 2689 ipsa
462 2636 690 2690 quoque
723 2620 1053 2683 invisibilia,
1116 2620 1411 2690 implendo
1463 2627 1692 2675 movent
1723 2631 1894 2693 atque

201 2709 416 2761 sensim
487 2709 774 2762 vivilicant
827 2709 1078 2762 carnalia
1136 2725 1380 2778 corpora
1433 2726 1561 2780 quae
1611 2711 1890 2765 videntur.

202 2797 444 2850 Petrus:
483 2797 628 2862 Istis,
661 2797 865 2865 fateor,
915 2797 1351 2868 allegationibus
1401 2798 1646 2851 libenter
1693 2799 1891 2867 victus,

201 2901 381 2956 prope
409 2887 564 2938 nulla
584 2886 703 2955 jam
737 2902 858 2938 esse
893 2887 1010 2938 hinc
1051 2885 1296 2939 visibilia
1341 2888 1654 2956 compellor
1702 2888 1895 2941 existi-

201 2989 382 3041 mare,
414 2975 512 3045 qui
535 2981 694 3044 prius
723 2975 780 3027 in
815 2990 904 3027 me
934 2974 1350 3028 infirmantium
1403 2991 1674 3044 personas
1724 2977 1896 3030 susci-
1927 2966 1967 3022 C

201 3062 387 3132 piens,
449 3064 518 3115 de
577 3061 956 3116 invisibilibus
1007 3063 1358 3117 dubitabam.
1420 3065 1613 3134 Itaque
1672 3065 1897 3135 placent

202 3157 408 3204 cuncta
441 3166 570 3220 quae
596 3150 736 3204 dicis
773 3167 788 3204 :
820 3150 918 3204 sed
952 3153 1142 3204 tamen
1199 3151 1347 3206 sicut
1378 3151 1548 3205 vitam
1594 3153 1799 3206 animae
1834 3154 1896 3208 in

202 3255 441 3309 corpore
491 3239 772 3292 manentis
831 3255 898 3293 ex
957 3245 1116 3293 motu
1164 3241 1414 3310 corporis
1467 3256 1760 3310 agnosco:
1818 3242 1898 3296 ita

202 3327 376 3381 vitam
407 3329 610 3381 animae
645 3333 768 3397 post
796 3343 1022 3398 corpus,
1072 3328 1283 3398 apertis
1328 3328 1670 3398 quibusdam
1729 3330 1896 3384 rebus

205 3416 628 3478 attestantibus,
662 3431 973 3486 agnoscere
1005 3416 1196 3485 cupio.

203 3505 331 3560 CAP.
370 3504 632 3560 LXXXVI.
660 3534 726 3544 —
757 3505 908 3570 Quod
946 3507 1291 3573 incorporeus
1311 3506 1563 3573 spiritus,
1594 3507 1654 3558 in
1685 3507 1896 3572 inferno

630 3610 665 3647 a
701 3609 950 3663 corporeo
972 3596 1093 3661 igne
1113 3595 1422 3661 afﬂigatur.

276 3682 387 3752 (Ea:
412 3681 612 3748 dialog.
647 3683 942 3750 Gregorii.)
978 3682 1036 3736 Si
1065 3681 1303 3735 viventis
1350 3681 1598 3734 hominis
1629 3682 1894 3752 incorpo-

204 3785 338 3824 reus
366 3769 600 3839 spiritus
630 3776 857 3823 tenetur
888 3770 947 3822 in
978 3785 1237 3839 corpore,
1271 3784 1372 3822 cur
1402 3785 1516 3822 non
1557 3776 1686 3839 post
1743 3786 1895 3823 mor-

203 3863 321 3912 tem
363 3874 492 3911 cum
537 3858 905 3928 incorporeus
953 3860 1026 3911 sit
1077 3858 1332 3928 spiritus,
1395 3858 1566 3911 etiam
1625 3874 1898 3929 corporeo

205 3947 342 4016 igne
374 3946 677 3999 teneatur?
719 3949 916 4000 Petrus
958 3963 971 4000 :
1009 3947 1071 4000 In
1124 3945 1340 4000 vivente
1387 3947 1644 4017 quolibet
1688 3947 1898 4002 idcirco

207 4035 578 4104 incorporeus
608 4034 842 4104 spiritus
869 4039 1098 4088 tenetur
1127 4033 1187 4087 in
1219 4050 1477 4104 corpore,
1527 4035 1663 4106 quia
1711 4035 1898 4089 vivifi-

205 4129 297 4178 cat
320 4139 549 4193 corpus.

208 4212 337 4266 CAP.
385 4211 664 4265 LXXXVII.
699 4243 766 4250 —-
788 4212 940 4277 Quod
977 4215 1319 4280 incorporeus
1355 4213 1589 4280 spiritus
1618 4210 1898 4279 vivi/icore

272 4302 470 4369 possit,
502 4304 552 4351 et
583 4299 663 4353 ibi
695 4301 862 4352 terreri
909 4301 1002 4353 ubi
1052 4315 1086 4352 a
1141 4314 1390 4368 corporeo
1448 4301 1726 4352 cruciatur
1755 4301 1895 4366 igne.

279 4387 389 4455 (Ea:
455 4387 660 4454 dialog.
727 4389 1021 4455 Grrgorii.)
1093 4388 1149 4442 Si
1217 4387 1588 4455 incorporeus
1646 4387 1897 4456 spiritus,

209 4478 395 4540 Petre,
426 4475 485 4528 in
514 4476 620 4529 hoc
659 4477 837 4529 teneri
870 4479 1054 4546 potest
1084 4475 1236 4544 quod
1272 4475 1534 4540 viviﬁcat,
1576 4491 1752 4544 quare
1785 4491 1901 4528 non

208 4563 512 4634 paenaliter
541 4569 598 4617 et
627 4563 706 4617 ibi
728 4569 988 4618 teneatur
1016 4563 1110 4616 ubi
1137 4561 1511 4616 mortiﬁcatur
1529 4562 1556 4617 ?
1581 4563 1898 4616 Tenerian-

205 4657 326 4706 tem
355 4668 457 4722 per
487 4653 678 4721 ignem
713 4653 976 4722 spiritum
1010 4651 1258 4705 hominis
1299 4650 1542 4705 dicimus
1576 4667 1588 4704 :
1625 4652 1756 4704 utin
1787 4656 1900 4704 toro

205 4745 404 4792 mento
435 4740 583 4810 ignis
613 4739 685 4792 sit
714 4740 951 4793 vivendo
973 4743 1144 4808 atque
1168 4738 1486 4791 sentiendo.
1515 4739 1710 4807 Ignem
1739 4755 1890 4791 nam-

203 4843 318 4898 que
347 4844 412 4880 eo
445 4830 567 4897 ipso
597 4828 807 4898 patitur
835 4844 948 4898 quo
975 4826 1163 4880 videt:
1200 4831 1256 4880 et
1277 4827 1414 4895 quia
1445 4828 1800 4880 concremari
1843 4843 1901 4880 se

201 4916 427 4984 aSpicit,
457 4922 762 4970 crematur.
796 4917 1000 4986 Sicque
1030 4915 1096 4970 ﬁt
1127 4920 1190 4969 ut
1218 4931 1308 4968 res
1338 4915 1675 4985 incorporea
1713 4915 1898 4968 incor-

199 5019 436 5073 poream
463 5011 682 5070 exurat,
710 5004 845 5058 dum
878 5021 940 5058 ex
963 5005 1094 5074 igne
1114 5003 1321 5057 visibili
1345 5005 1517 5057 ardor
1536 5020 1599 5056 ac
1620 5004 1784 5057 dolor
1811 5004 1898 5057 in-

199 5091 442 5146 visibilis
471 5094 743 5146 trahitur:
767 5093 1146 5163 utperiguem
1161 5109 1502 5162 corporeum
1529 5109 1690 5146 mens
1712 5093 1895 5147 incor-

198 5195 395 5249 porea,
430 5180 599 5234 etiam
633 5181 972 5251 incorporea
1024 5180 1256 5235 ﬂamma
1287 5181 1588 5235 crucietur.
1631 5182 1899 5246 Quamvis

198 5269 471 5338 colligere
502 5269 666 5323 dictis
687 5269 1026 5340 evaiigelicis
1049 5285 1352 5339 possumus
1376 5283 1387 5320 :
1413 5269 1548 5339 quia
1571 5269 1897 5323 incendium

199 5356 524 5409 animarum
560 5373 676 5410 non
706 5358 893 5411 solum
920 5356 1188 5422 videndo,
1223 5357 1320 5409 sed
1347 5357 1520 5410 etiam
1551 5357 1892 5427 experiendo

199 5445 434 5513 patitur.
461 5445 721 5499 Veritatis
740 5445 950 5499 etenim
976 5445 1300 5512 voce,dives
1315 5451 1575 5499 mortuus
1594 5445 1651 5498 in
1673 5446 1895 5499 inferno

201 5531 412 5586 dicitur
442 5535 716 5604 sepultus.
748 5534 922 5604 Cujus
955 5534 1148 5587 anima
1175 5533 1308 5604 quia
1341 5533 1401 5586 in
1447 5533 1580 5604 igne
1611 5540 1893 5607 teneatur,

2005 521 2182 559 cens:
2216 506 2370 559 Mitte
2403 507 2694 571 Lazarum,
2748 513 2810 560 ut
2851 508 3102 578 intingat
3153 515 3467 561 extremum
3525 508 3690 580 digiti

2004 596 2091 648 sui
2117 596 2173 648 in
2207 611 2438 666 aquam,
2488 601 2551 648 ut
2596 595 2894 665 refrigeret
2943 597 3198 666 linguam
3263 612 3497 650 meam:
3557 598 3693 667 quia

2003 684 2228 738 crucior
2256 685 2314 738 in
2349 685 2451 738 hac
2479 684 2733 738 ﬂamma.
2773 686 2915 739 Dum
2961 701 3096 755 ergo
3148 685 3379 739 divitem
3430 692 3690 754 peccato-

2005 789 2124 827 rem
2180 774 2514 827 damnatum
2572 774 2786 827 Veritas
2833 774 2889 827 in
2940 774 3170 843 ignibus
3219 775 3500 843 perhibet,
3564 775 3694 842 quis

1998 859 2117 929 jam
2179 859 2406 929 sapiens
2471 859 2852 928 reproborum
2939 861 3163 914 animas
3222 861 3404 915 teneri
3462 862 3694 932 ignibus

2005 948 2219 1015 negat?
2253 948 2495 1000 Petrus:
2533 947 2667 1000 Ecce
2714 948 2934 1001 ratione
2967 954 3021 1000 et
3076 949 3408 1002 testimonio
3455 950 3523 1003 ad
3571 965 3687 1003 cre-

2003 1036 2302 1089 dulitatem
2333 1035 2582 1088 ﬂectitur
2611 1036 2835 1089 animus
2865 1053 2876 1090 :
2928 1036 3024 1089 sed
3075 1036 3342 1090 dimissus
3374 1037 3583 1091 iterum
3623 1038 3690 1090 ad

2003 1125 2253 1194 rigorem
2282 1125 2445 1178 redit.
2476 1125 2776 1189 Quomodo
2822 1125 2977 1179 enim
3023 1142 3112 1178 res
3165 1126 3502 1194 incorporea
3557 1143 3589 1178 a
3633 1143 3694 1178 re

2001 1229 2274 1282 corporea
2305 1212 2488 1266 teneri
2519 1219 2690 1283 atque
2718 1214 2898 1282 affligi
2937 1215 3135 1284 possit,
3167 1215 3387 1284 ignoro.

2002 1323 2126 1376 CAP.
2162 1322 2468 1377 LXXXVIII.
2502 1351 2567 1360 —
2597 1323 2664 1374 De
2687 1323 2954 1390 apostutis
2997 1321 3308 1388 spiritibus,
3338 1319 3482 1388 quod
3515 1322 3692 1373 incor-

2557 1394 2709 1460 porei
2735 1392 2989 1446 credendi
3013 1395 3142 1446 sint.

2057 1487 2175 1555 (Ea:
2199 1484 2402 1549 dialog.
2437 1481 2722 1548 Gregorii.)
2755 1481 2870 1543 Dic,
2906 1497 3099 1550 quaeso
3122 1486 3196 1544 te,
3223 1483 3502 1550 apostatas
3527 1477 3694 1548 spiri-
3763 1509 3768 1512 -

2004 1581 2091 1628 tus
2124 1590 2154 1626 a
2183 1571 2398 1626 ccelesti
2428 1569 2607 1639 gloria
2655 1568 2923 1637 dejectos,
2953 1585 3260 1636 corporeos
3312 1583 3383 1621 an
3433 1567 3696 1636 incorpo-

2005 1679 2131 1717 reos
2161 1677 2282 1715 esse
2309 1657 2653 1729 suspicaris?
2689 1658 2888 1710 Petrus
2932 1671 2944 1711 :
2979 1657 3116 1720 Quis
3148 1671 3282 1709 sane
3317 1654 3546 1724 sapiens
3575 1669 3697 1708 esse

2007 1751 2239 1823 spiritus
2268 1764 2572 1815 corporeos
2599 1746 2846 1800 dixerit?

2005 1858 2131 1912 Car.
2159 1857 2408 1910 LXXXIX.
2431 1885 2498 1893 —
2533 1852 2684 1918 Quod
2687 1852 2970 1974 gehsnne
2974 1853 3128 1975 tignis
3157 1864 3438 1919 corporeus
3455 1864 3565 1903 esse
3584 1864 3697 1904 cre-

2725 1939 2788 1975 en
2833 1939 2894 1975 us
2919 1939 2967 1975 st
3001 1965 3011 1975 .

2725 1939 2894 1976 enatis
2919 1939 3011 1976 δη.

2077 2017 2183 2085 (Em
2213 2015 2428 2080 dialogo
2459 2012 3058 2078 Grcgorii.)Gehennai
3084 2010 3277 2079 ignem
3328 2024 3448 2062 esse
3497 2025 3698 2078 corpo-

2005 2119 2168 2158 reum
2213 2119 2285 2155 an
2332 2103 2731 2171 incorporeum
2782 2099 3010 2152 fateris?
3059 2101 3294 2152 Petrus:
3345 2098 3542 2167 Ignem
3598 2113 3696 2166 ge-

2006 2192 2212 2245 hennie
2248 2205 2586 2261 corporeum
2618 2204 2740 2241 esse
2783 2202 2895 2240 non
2925 2185 3176 2255 ambigo,
3211 2185 3271 2237 in
3303 2200 3416 2254 quo
3459 2199 3699 2254 corpora

2005 2288 2222 2334 certum
2255 2287 2340 2333 est
2369 2277 2630 2332 cruciari.

2005 2386 2132 2440 CAP.
2158 2385 2258 2438 XC.
2292 2413 2360 2422 -—
2385 2385 2456 2436 De
2497 2383 2591 2434 hoc
2632 2380 2776 2449 quod
2817 2379 3108 2432 scribitur:
3162 2380 3330 2449 Deum
3378 2391 3530 2429 nemo
3558 2374 3698 2428 vidit

2185 2470 2443 2522 unquam,
2470 2459 2519 2505 et
2549 2448 2786 2520 qualiter
2817 2450 2956 2503 illud
2983 2448 3394 2514 intelligendum
3423 2450 3516 2501 sit.

2078 2545 2385 2613 (Gregorius
2413 2546 2468 2594 in
2497 2543 2609 2594 suis
2641 2540 2834 2593 Merui.
2887 2539 3020 2591 dicit
3055 2537 3092 2607 :)
3140 2538 3316 2590 Deum
3359 2551 3528 2588 nemo
3557 2533 3701 2588 vidit

2007 2649 2279 2703 unquam.
2315 2633 2676 2700 Rursumque
2707 2644 2836 2681 cum
2867 2627 3212 2681 'l‘estameuti
3257 2625 3470 2678 Veteris
3511 2629 3699 2694 patres

2004 2723 2258 2788 intueor,
2315 2721 2524 2773 multos
2575 2720 2783 2771 horum
2835 2721 2975 2770 teste
3029 2715 3151 2784 ipsa
3207 2729 3380 2767 sacras
3439 2711 3700 2766 lectionis

2005 2808 2244 2864 historia
2273 2809 2452 2862 Deum
2485 2806 2689 2860 vidisse
2718 2821 3016 2874 cognosco.
3070 2803 3221 2856 Vidit
3247 2802 3483 2872 quippe
3529 2801 3698 2855 Jacob

2006 2899 2334 2959 Dominum,
2369 2903 2425 2950 et
2454 2897 2533 2950 ait
2565 2912 2577 2949 ε
2617 2896 2738 2948 Vidi
2775 2893 3079 2948 Dominum
3115 2892 3254 2946 facie
3286 2892 3352 2943 ad
3386 2890 3612 2955 faciem,
3645 2896 3700 2942 et

2008 2990 2159 3042 salva
2188 2987 2334 3040 facta
2366 2992 2451 3039 est
2489 2985 2681 3038 anima
2725 2999 2870 3036 mea.
2928 2981 3083 3034 Vidit
3135 2982 3311 3035 Moses
3367 2979 3697 3042 Dominum,

2006 3076 2075 3131 de
2107 3092 2223 3146 quo
2255 3074 2529 3144 scriptum
2560 3078 2646 3126 est
2675 3089 2687 3125 :
2717 3070 3078 3141 Loquebatur
3111 3068 3386 3122 Dominus
3417 3067 3484 3121 ad
3508 3067 3698 3120 Mosen

2006 3165 2147 3218 facie
2178 3165 2245 3217 ad
2279 3163 2504 3227 faciem,
2537 3162 2682 3214 sicut
2714 3159 2875 3229 loqui
2916 3161 3058 3211 solet
3103 3157 3275 3210 homo
3321 3156 3388 3209 ad
3450 3154 3699 3208 amicum

2006 3269 2196 3306 suum.
2233 3251 2383 3305 Vidit
2417 3252 2520 3305 Job
2572 3249 2877 3304 Dominum
2914 3246 3014 3317 qui
3061 3245 3240 3300 dicit:
3285 3244 3499 3300 Auditu
3544 3241 3700 3296 auris

2009 3340 2202 3396 audivi
2233 3347 2308 3405 te,
2345 3356 2497 3393 nunc
2539 3345 2731 3391 autem
2776 3337 2973 3390 oculus
3019 3351 3180 3388 meus
3229 3334 3378 3386 videt
3429 3340 3502 3385 te.
3551 3331 3700 3385 Vidit

2006 3431 2198 3484 Esaias
2233 3428 2537 3482 Dominum
2572 3426 2670 3496 qui
2699 3426 2778 3478 ait
2814 3442 2826 3478 :
2861 3428 3022 3477 Anno
3053 3440 3166 3493 quo
3199 3427 3456 3475 mortuus
3489 3426 3571 3474 est
3601 3436 3697 3474 rex

2009 3519 2193 3582 Ozias,
2221 3517 2338 3569 vidi
2371 3515 2675 3569 Dominum
2723 3513 3014 3566 sedentem
3057 3526 3245 3580 super.
3275 3510 3484 3563 solium
3521 3509 3702 3563 excel-

2009 3622 2157 3670 sum,
2183 3610 2241 3658 et
2271 3605 2577 3656 elevatuiii.
2604 3602 2755 3654 Vidit
2784 3601 3025 3654 Micheas
3055 3597 3361 3652 Dominum
3393 3597 3492 3667 qui
3525 3597 3696 3651 dicit:

2007 3692 2134 3746 Vidi
2182 3691 2484 3746 Dominum
2547 3689 2836 3742 sedentem
2882 3703 3053 3757 super
3101 3686 3306 3739 solium
3374 3701 3589 3738 suum:
3647 3689 3703 3738 et

2009 3797 2241 3836 omnem
2293 3779 2604 3833 exercitum
2653 3777 2776 3831 coeli
2827 3782 3106 3829 astantem
3139 3775 3190 3828 ei
3221 3793 3253 3827 a
3301 3773 3530 3836 dextris,
3567 3776 3623 3826 et
3669 3788 3702 3825 a

2009 3871 2274 3925 sinistris.
2298 3869 2441 3933 Quid
2470 3874 2553 3921 est
2569 3882 2706 3936 ergo
2727 3866 2878 3936 quod
2901 3862 3345 3918 totTestamenti
3366 3862 3577 3914 Veteris
3594 3877 3700 3931 pa-

2010 3965 2125 4014 tres
2177 3960 2355 4013 Deum
2398 3975 2454 4010 se
2494 3956 2700 4011 vidisse
2739 3955 2927 4008 testati
2972 3959 3126 4020 sunt,
3171 3956 3226 4005 et
3254 3959 3446 4004 tamen
3495 3955 3565 4004 de
3597 3952 3702 4004 hac

2010 4049 2292 4119 sapientia
2319 4063 2448 4117 quae
2481 4047 2630 4099 Deus
2677 4049 2764 4097 est
2811 4043 3016 4096 dicitur
3054 4059 3066 4095 :
3118 4039 3464 4094 Abscondita
3508 4044 3594 4092 est
3629 4038 3700 4092 ab

2011 4136 2188 4191 oculis
2247 4135 2507 4188 omnium
2566 4132 2901 4196 viventium,
2959 4139 3016 4184 et
3049 4131 3294 4184 Joannes
3339 4127 3463 4180 ait:
3521 4128 3700 4180 Deum

1931 4245 1972 4298 ι)
2012 4241 2181 4279 nemo
2213 4224 2354 4279 vidit
2383 4237 2670 4292 unquam;
2722 4220 2829 4274 nisi
2885 4221 2992 4273 hoc
3037 4219 3186 4288 quod
3231 4223 3494 4286 patenter
3535 4215 3703 4268 datur

2009 4312 2272 4382 intelligi,
2305 4311 2440 4381 quia
2463 4311 2740 4380 quamdiu
2773 4309 2861 4362 hic
2894 4307 3210 4362 inortaliter
3252 4304 3478 4372 vivitur,
3525 4301 3703 4358 videri

2010 4417 2114 4472 per
2145 4399 2418 4470 quasdam
2451 4399 2730 4469 imagines
2786 4399 2931 4452 Deus
2972 4401 3180 4467 potest,
3222 4395 3316 4448 sed
3368 4409 3468 4464 per
3518 4391 3699 4463 ipsam

2012 4496 2230 4542 naturai
2277 4505 2393 4542 suae
2442 4489 2688 4559 speciem
2731 4502 2845 4540 non
2897 4491 3118 4556 potest:
3171 4489 3234 4538 ut
3275 4482 3466 4536 anima
3518 4478 3704 4550 gratia

2009 4578 2244 4648 spiritus
2267 4577 2480 4642 afﬂata,
2533 4593 2633 4646 per
2681 4577 2894 4645 tiguras
2939 4573 3215 4644 quasdam
3265 4573 3442 4625 Deum
3490 4570 3726 4634 videat,‘

2009 4667 2103 4717 sed
2159 4665 2231 4718 ad
2277 4666 2456 4735 ipsam
2514 4665 2628 4717 vim
2693 4663 2816 4733 ejus
2877 4663 3138 4716 essentne
3201 4675 3314 4714 non
3373 4657 3704 4727 pertingat?

2011 4754 2153 4809 Hinc
2198 4757 2280 4807 est
2336 4753 2491 4805 enini
2551 4750 2706 4821 quod
2766 4750 2939 4804 Jacob
2995 4748 3093 4820 qui
3151 4749 3330 4802 Deum
3380 4763 3438 4798 se
3497 4745 3701 4797 vidisse

2010 4846 2272 4906 testatur,
2331 4840 2426 4893 hic
2487 4855 2598 4891 non
2662 4838 2770 4892 nisi
2824 4837 3092 4906 angelum
3172 4835 3333 4888 vidit.
3420 4833 3558 4887 Hinc
3618 4836 3702 4883 est

2009 4926 2162 4996 quod
2231 4925 2410 4978 Moses
2467 4923 2567 4993 qui
2635 4937 2764 4975 cum
2834 4923 2944 4975 Deo
3002 4921 3143 4974 facie
3210 4919 3278 4972 ad
3345 4917 3545 4972 faciem
3614 4915 3698 4967 lo-

2009 5013 2227 5082 quitur,
2274 5012 2421 5064 sicut
2469 5009 2626 5080 loqui
2669 5011 2811 5064 solet
2863 5010 3034 5063 homo
3085 5008 3154 5062 ad
3211 5006 3458 5060 amicum
3509 5018 3698 5066 suum,

2008 5099 2161 5153 inter
2215 5099 2339 5170 ipsa
2395 5100 2563 5152 verba
2614 5115 2730 5152 sum
2805 5098 3107 5152 locutionis
3160 5095 3342 5149 dicit:
3397 5093 3454 5147 Si
3507 5091 3702 5144 inveni

2007 5185 2247 5255 gratiam
2282 5185 2340 5238 in
2367 5191 2673 5255 conspectu
2706 5193 2824 5251 tuo,
2877 5185 3109 5238 ostende
3162 5181 3302 5235 mihi
3335 5179 3701 5248 temetipsum

2008 5273 2328 5333 manifeste.
2379 5280 2444 5327 ut
2501 5274 2719 5327 videam
2772 5279 2847 5327 te.
2904 5274 3064 5328 Certe
3114 5271 3266 5324 enim
3303 5270 3346 5322 si
3399 5271 3546 5322 Deus
3588 5283 3702 5321 non

2007 5367 2148 5425 erat,
2191 5377 2317 5428 cum
2378 5377 2494 5431 quo
2568 5361 2954 5432 loquebatur:
3014 5358 3258 5414 Ostende
3331 5357 3471 5411 milii
3523 5357 3702 5411 Deum

2005 5447 2237 5514 diceret,
2272 5453 2327 5501 et
2354 5464 2487 5512 non,
2521 5449 2766 5503 Ostende
2795 5447 3065 5517 teipsum.
3088 5447 3143 5501 Si
3167 5452 3356 5500 autem
3385 5447 3531 5499 Deus
3559 5448 3700 5504 erat,

2005 5552 2134 5590 cum
2168 5553 2283 5606 quo
2315 5537 2659 5607 loquebatur
2688 5537 2827 5590 facie
2883 5537 2953 5589 ad
2985 5537 3205 5599 faciem,
3257 5551 3357 5588 cur
3409 5531 3708 5603 repetebat
