4014 6200
323 289 442 339 1031

1391 285 1793 344 BURCHABDI
1836 285 2366 344 WORMACIENSIS
2405 284 2738 344 EPISCOPI.

3679 294 3826 344 1032

317 408 512 464 videre
533 424 705 480 quem
735 409 999 465 videbat?
1026 409 1135 465 Sed
1166 424 1232 464 ex
1264 411 1369 465 hac
1398 412 1521 481 ejus
1572 410 1851 481 petitione
1890 411 2005 464 col-
2037 412 2082 465 Α
2121 411 2443 475 hominum,
2477 427 2604 465 cum
2649 410 2730 465 eis
2777 410 2876 482 qui
2931 410 3001 465 de
3035 415 3200 482 patre
3257 412 3382 482 ejus
3427 418 3615 476 erant,
3680 415 3827 484 igne

311 497 534 568 ligitur,
568 499 702 568 quia
733 515 864 553 eum
916 499 1143 553 sitiebat
1191 515 1292 569 per
1338 499 1844 570 incircumscriptus
1898 516 2004 554 na-

314 593 461 642 tura
495 603 613 641 suae
645 588 958 642 claritatem
992 603 1242 656 cernere,
1267 603 1439 658 quem
1463 587 1582 657 jam
1614 594 1864 658 coeperat
1909 604 2012 659 per

316 676 590 747 quasdam
632 676 913 745 imagines
963 677 1172 741 videre,
1252 682 1306 730 et
1352 677 1432 729 sic
1473 692 1722 746 superna
1764 677 2011 731 essentia

316 764 525 818 mentis
555 766 677 834 ejus
703 766 880 818 oculis
918 765 1161 829 adesset,
1196 771 1476 836 quatenus
1517 765 1569 818 ei
1599 766 1669 818 ad
1721 767 2008 819 aeternita-

312 854 387 907 tis
415 853 693 907 visionem
727 855 883 907 nulla
922 854 1112 924 imago
1145 859 1332 908 creata
1379 855 1775 924 temporaliter
1823 855 2006 909 inter-

315 947 481 997 esset.
540 944 602 996 Et
648 942 914 997 viderunt
973 959 1108 1013 ergo
1162 945 1353 997 Patres
1398 943 1744 998 Testamenti
1797 944 2010 997 Veteris

318 1031 649 1097 Dominum,
682 1036 739 1085 et
775 1036 992 1097 tamen,
1020 1032 1182 1102 juxta
1230 1033 1468 1086 Joannis
1524 1048 1721 1086 vocem
1751 1035 1768 1087 ':
1828 1035 2007 1087 Deum

317 1135 487 1174 nemo
519 1119 661 1173 vidit
686 1136 974 1190 unquam;
1016 1121 1249 1191 etjnxta
1300 1122 1450 1175 beati
1490 1122 1594 1176 Job
1642 1122 2007 1187 sententiam,

316 1207 602 1278 sapientia
651 1224 780 1279 quae
844 1210 989 1263 Deus
1037 1215 1141 1277 est,
1197 1210 1524 1264 abscondita
1580 1215 1665 1264 est
1719 1210 1789 1264 ab
1832 1210 2010 1264 oculis

317 1302 578 1356 omnium
611 1300 946 1367 viventium,
978 1301 1114 1372 quia
1146 1303 1205 1355 in
1235 1302 1340 1357 hac
1371 1302 1600 1356 mortali
1647 1317 1819 1357 carne
1868 1318 2009 1356 con—

316 1386 650 1440 sistentibus
709 1390 766 1439 et
811 1386 992 1440 videri
1058 1385 1245 1457 potuit
1298 1402 1401 1458 fer
1440 1387 1709 1457 quasdam
1768 1387 2010 1441 circum-

314 1476 554 1546 scriptae
583 1475 886 1545 imagines,
911 1480 969 1529 et
1001 1475 1179 1529 videri
1210 1491 1325 1528 non
1357 1481 1540 1547 potest
1570 1491 1673 1547 per
1702 1476 2009 1529 incircum-

315 1564 590 1635 scriptum
649 1565 841 1617 lumen
891 1564 1244 1618 aeternitatis.
1294 1565 1394 1619 Sin
1423 1578 1557 1617 vero
1601 1582 1633 1617 a
1666 1565 2007 1634 quibusdam

316 1667 429 1706 non
460 1656 648 1722 potest
678 1652 736 1705 in
780 1653 885 1706 hac
915 1652 1102 1706 adhuc
1160 1651 1387 1705 mortali
1432 1668 1602 1707 carne
1649 1653 2009 1707 consistenti-
2039 1691 2080 1745 Β

315 1740 444 1804 bus,
506 1739 606 1793 sed
657 1744 851 1794 tamen
931 1739 1317 1794 inaestimabili
1366 1741 1574 1795 virtute
1626 1742 2009 1796 crescentibus

316 1828 569 1898 quodam
603 1828 1102 1898 contemplationis
1152 1828 1413 1882 acumine
1461 1834 1676 1883 aeterna
1712 1830 1813 1883 Dei
1843 1829 2009 1884 clari-

314 1921 400 1971 tas
433 1916 613 1970 videri
639 1921 846 1986 potest.

493 2005 622 2059 CAP.
649 2004 778 2059 XCI.
804 2033 870 2045 --
902 2007 982 2059 De
999 2005 1209 2074 duplici
1238 2019 1401 2074 paena
1428 2005 1829 2060 damnatorum.

388 2093 492 2164 (Ea:
518 2093 681 2147 dictis
710 2092 957 2161 Isidori.)
1018 2093 1233 2164 Duplex
1281 2094 1685 2148 damnatorum
1725 2109 1895 2165 paena
1925 2098 2011 2150 est

312 2181 372 2237 in
437 2182 721 2252 gehenna.
780 2181 1033 2246 Quorum
1083 2187 1138 2236 et
1194 2189 1443 2237 mentem
1486 2183 1601 2238 urit
1651 2185 1904 2250 tristitia,
1955 2189 2013 2238 et

315 2286 524 2342 corpus
553 2270 788 2325 ﬂamma
816 2287 830 2324 :
856 2272 1024 2341 juxta
1049 2272 1520 2334 vicissitudinem.
1549 2279 1611 2327 ut
1638 2274 1790 2344 quod
1819 2278 2010 2327 mente

313 2364 719 2423 tractaverunt,
792 2361 945 2430 quod
1001 2360 1343 2431 perficerent
1402 2376 1665 2431 corpore,
1727 2362 1897 2416 simul
1956 2366 2013 2417 et

314 2447 508 2501 animo
536 2448 855 2517 puniantur
884 2454 940 2501 et
977 2464 1229 2519 corpore.
1263 2450 1458 2518 Ignem
1493 2450 1769 2519 gehennae
1798 2449 1869 2503 ad
1900 2449 2009 2504 ali-

315 2534 451 2606 quid
481 2535 675 2589 lumen
714 2536 940 2602 habere,
993 2536 1062 2591 ad
1094 2536 1312 2606 aliquid
1347 2553 1462 2590 non
1504 2537 1735 2591 habere.
1770 2539 1885 2592 Hoc
1925 2540 2013 2592 est

314 2622 527 2678 habere
568 2624 765 2679 lumen
821 2624 892 2678 ad
950 2625 1398 2693 damnationem,
1462 2630 1523 2680 ut
1571 2625 1797 2680 videant
1845 2625 2011 2696 impii

315 2712 470 2766 unde
500 2711 748 2779 doleant,
778 2718 835 2765 et
864 2728 979 2766 non
1022 2714 1232 2767 habere
1286 2714 1352 2768 ad
1402 2714 1876 2780 consolationem,
1938 2729 2011 2769 ne

313 2800 544 2854 videant
573 2802 726 2855 unde
755 2802 1064 2871 gaudeant.
1098 2804 1244 2871 Apta
1285 2803 1359 2857 sit
1388 2804 1741 2873 comparatio
1785 2803 2011 2857 camino

319 2889 494 2943 trium
528 2905 840 2960 puerorum
874 2890 945 2944 ad
976 2892 1301 2960 exemplum
1333 2890 1483 2962 ignis
1521 2892 1820 2962 gehennae.
1868 2892 2009 2945 Nam

2120 506 2334 555 aeterno
2377 501 2683 553 mittendus
2727 505 2832 564 est,
2865 499 3002 554 dum
3055 501 3312 554 sublatus
3340 501 3515 555 fuerit
3550 502 3825 556 diabolus

2121 594 2183 641 ut
2212 588 2553 642 damnetur:
2590 589 2757 641 multi
2787 588 2949 642 electi
2999 588 3099 657 qui
3131 588 3190 642 in
3230 604 3466 659 corpore
3487 596 3623 644 sunt
3654 594 3825 643 inve-

2120 678 2336 741 niendi,
2372 677 2616 731 Domino
2658 678 2724 731 ad
2762 675 3038 746 judicium
3081 677 3367 745 veniente,
3416 684 3570 732 metu
3601 694 3826 732 concu-

2119 766 2297 820 tiondi
2357 771 2507 827 sunt,
2568 765 2824 819 videntes
2879 766 2977 818 tali
3048 766 3326 820 sententia
3384 766 3632 837 impium
3700 783 3824 820 esse

2118 855 2420 923 punitum;
2451 871 2564 924 quo
2590 862 2805 907 terrore
2834 853 3119 923 purgandi
3145 860 3297 921 sunt,
3324 854 3460 926 quia
3488 856 3535 908 si
3566 854 3713 925 quid
3740 856 3827 907 eis

2118 958 2185 996 ex
2252 958 2485 1012 corpore
2539 942 2726 996 adhuc
2778 942 2996 1013 peccati
3050 943 3411 1008 remanserit,
3465 948 3621 998 metu
3690 944 3823 1013 ipso

2119 1031 2270 1100 quod
2295 1031 2584 1085 diabolum
2635 1031 2899 1084 damnari
2942 1031 3326 1101 conspiciunt,
3376 1032 3811 1103 purgabantur.

2120 1120 2260 1174 llinc
2290 1125 2374 1173 est
2404 1119 2557 1191 quod
2590 1120 2667 1172 ait
2695 1120 2798 1174 Job
2827 1135 2840 1173 :
2899 1120 3039 1175 Cum
3084 1120 3343 1174 sublatus
3388 1120 3581 1183 fuerit,
3642 1121 3819 1174 time-

2118 1209 2263 1263 bunt
2291 1208 2503 1278 angeli,
2536 1211 2594 1261 et
2628 1207 2879 1261 exterriti
2938 1209 3356 1278 purgabantur.
3411 1209 3618 1263 Multos
3650 1225 3821 1279 posse

2119 1298 2307 1367 perire
2340 1313 2406 1350 ex
2445 1296 2527 1350 eis
2557 1296 2618 1350 in
2646 1296 2739 1351 die
2761 1296 2985 1366 judicii,
3014 1296 3113 1367 qui
3157 1312 3310 1350 nunc
3352 1298 3513 1351 electi
3564 1313 3692 1352 esse
3740 1298 3816 1350 vi-

2120 1387 2330 1441 dentur
2376 1390 2432 1439 et
2475 1385 2675 1453 sancti,
2749 1386 2912 1438 docet
2962 1385 3299 1454 Propheta:
3340 1387 3571 1440 Vocavit
3626 1387 3820 1440 Domi-

2120 1491 2228 1529 nus
2248 1473 2530 1545 judicium
2562 1473 2631 1527 ad
2673 1473 2888 1543 ignem,
2920 1478 2978 1526 et
3003 1472 3299 1527 devorabit
3354 1474 3620 1545 abyssum
3664 1476 3817 1528 mut-

2120 1568 2256 1629 tam,
2285 1569 2341 1615 et
2366 1563 2626 1617 comedet
2653 1566 2876 1631 partem
2923 1561 3146 1615 domus.
3197 1563 3332 1616 Pars
3360 1563 3575 1634 quippe
3605 1563 3820 1617 domus

2120 1651 2507 1717 devorabitur,
2558 1649 2692 1722 quia
2748 1650 2879 1703 illos
2929 1648 3102 1703 etiam
3150 1649 3410 1703 infernus
3462 1650 3817 1717 absorbebit,

2119 1740 2391 1812 quinunc
2421 1738 2569 1792 sein
2627 1738 2928 1809 prasceptis
2956 1736 3280 1791 coelestibus
3332 1737 3673 1807 gloriantur.
3744 1740 3822 1793 De

2118 1828 2329 1900 quibus
2357 1833 2413 1882 et
2441 1827 2717 1882 Dominus
2746 1826 2883 1881 dicit
2914 1842 2928 1880 :
2958 1825 3115 1880 Multi
3163 1825 3352 1879 dicent
3400 1826 3544 1880 mihi
3598 1826 3662 1881 in
3721 1828 3823 1881 illa

2118 1915 2257 1971 die:
2292 1915 2552 1980 Domine,
2611 1914 2871 1980 Domine,
2916 1929 3108 1968 nonne
3160 1913 3220 1967 in
3255 1913 3493 1968 nomine
3515 1918 3617 1968 tuo
3673 1931 3821 1984 pro-

2117 2003 2518 2075 phetavimus?
2575 2003 2637 2057 in
2694 2003 2927 2057 nomine
2992 2008 3095 2057 tuo
3151 2002 3436 2057 daemonia
3502 2003 3819 2074 ejecimus?

2116 2092 2355 2147 virtutes
2389 2091 2597 2146 multas
2629 2091 2901 2144 fecimus?
2937 2092 3093 2145 Tunc
3136 2090 3456 2146 conﬁtebor
3491 2091 3629 2157 illis,
3682 2091 3822 2162 quia

2117 2197 2417 2252 nunquam
2449 2181 2576 2234 novi
2608 2196 2713 2234 vos
2745 2199 2759 2234 :
2795 2180 3069 2233 discedite
3100 2196 3133 2233 a
3164 2195 3275 2245 me,
3338 2180 3438 2250 qui
3491 2180 3819 2251 operamini

2118 2271 2503 2341 iniquitatem,
2534 2268 2723 2322 nescio
2754 2268 2853 2338 qui
2882 2267 3037 2322 estis.

2492 2359 2621 2413 CAP.
2672 2358 2846 2412 XClll.
2881 2388 2949 2397 —
2978 2360 3052 2412 De
3081 2358 3441 2413 Antichristo.

2189 2447 2297 2518 (Ea:
2355 2447 2519 2502 dictis
2572 2446 2853 2516 ejusdem.)
2908 2447 3105 2502 Omnis
3153 2447 3253 2518 qui
3310 2447 3632 2502 secundum
3677 2461 3813 2518 pro-

2118 2536 2380 2590 fessionis
2438 2552 2556 2590 sum
2613 2551 2897 2603 normam,
2977 2541 3075 2589 aut
3139 2551 3256 2590 non
3321 2535 3480 2603 vivit,
3546 2540 3649 2589 aut
3711 2536 3820 2590 ali-

2116 2629 2205 2679 ter
2263 2626 2444 2693 docet,
2501 2624 2884 2679 Antichristus
2945 2628 3047 2678 est.
3117 2624 3382 2694 Plerique
3433 2630 3630 2679 autem
3682 2628 3822 2679 sunt

2119 2714 2220 2785 qui
2239 2713 2569 2768 Antichristi
2599 2719 2862 2782 tempora
2890 2728 3005 2766 non
3033 2711 3206 2765 visuri
3238 2717 3390 2777 sunt,
3423 2717 3481 2765 et
3509 2718 3709 2765 tamen
3760 2712 3819 2765 in

2119 2802 2390 2857 membris
2422 2801 2750 2855 Antichristi
2785 2801 3116 2854 inveniendi
3149 2806 3300 2854 sunt.
3341 2803 3666 2870 Antequam
3722 2816 3815 2854 ve-

2122 2892 2241 2945 niat
2265 2890 2668 2954 Antichristus,
2705 2889 2884 2943 multa
2913 2890 3169 2943 membra
3206 2891 3327 2959 ejus
3376 2894 3814 2959 praecessean

317 2976 464 3032 sicut
493 2978 591 3032 ille
621 2978 772 3049 ignis
794 2994 911 3033 non
945 2979 1083 3032 arsit
1121 2980 1191 3034 ad
1238 2980 1412 3033 trium
1448 2994 1757 3050 puerorum
1800 2979 2013 3050 suppli—
2044 2969 2085 3024 (ἒ
2124 2985 2182 3034 et
2208 2994 2394 3050 pravm
2424 2978 2663 3033 actionis
2704 2978 2909 3031 merito
2962 2981 3135 3047 caput
3190 2977 3489 3048 proprium
3518 2993 3816 3048 praevene-

318 3065 493 3133 cium,
527 3071 583 3120 et
612 3066 752 3120 arsit
789 3067 861 3121 ad
883 3067 1271 3121 comburenda
1302 3068 1579 3138 ligamina
1608 3066 1969 3122 vinculorum
1994 3083 2008 3122 :

315 3153 397 3208 ita
421 3154 572 3224 ignis
601 3154 903 3223 gehennae,
936 3161 992 3208 et
1021 3155 1234 3209 lucebit
1263 3157 1485 3209 miseris
1515 3156 1585 3209 ad
1634 3161 2008 3225 augmentum

313 3258 639 3312 poenarum,
675 3248 738 3296 ut
767 3242 993 3296 videant
1022 3243 1174 3297 unde
1196 3243 1447 3308 doleant,
1478 3249 1533 3297 et
1564 3259 1677 3297 non
1703 3244 1912 3297 lucebit
1941 3243 2013 3298 ad

315 3330 786 3397 consolationem,
869 3346 941 3384 ne
998 3331 1225 3385 videant
1279 3330 1432 3385 unde
1488 3332 1797 3401 gaudeant.
1860 3333 2014 3386 Inter

316 3417 488 3487 hujus
540 3418 667 3472 vita:
718 3424 774 3472 et
822 3419 1032 3473 futurae
1077 3420 1425 3474 infelicitatis
1473 3420 1784 3488 miseriam,
1832 3421 2013 3475 multa

318 3504 580 3560 discretio
614 3513 716 3560 est.
752 3507 872 3562 lllic
904 3509 1057 3562 enim
1108 3515 1165 3562 ct
1206 3509 1435 3563 miseria
1478 3514 1563 3563 est
1606 3514 1843 3580 prapter
1881 3525 2012 3564 cru-

317 3593 623 3648 ciationem
676 3594 962 3660 dolorum,
1013 3601 1070 3650 et
1095 3596 1347 3650 tenebrae
1385 3603 1622 3666 propter
1666 3598 1807 3650 lucis
1860 3613 2014 3651 aver—

313 3682 557 3736 sionem.
586 3684 841 3746 Quorum
876 3699 1054 3738 unum
1083 3684 1140 3737 in
1195 3684 1302 3738 hac
1349 3686 1481 3753 vita,
1528 3685 1586 3739 id
1627 3693 1733 3752 est,
1784 3686 2015 3740 miseria

312 3776 419 3838 est,
453 3771 605 3826 aliud
641 3787 753 3825 non
790 3777 895 3826 est.
932 3774 992 3825 In
1020 3772 1247 3826 inferno
1278 3779 1472 3827 autem
1506 3779 1836 3845 utrumque.

625 3862 755 3917 CAP.
791 3861 948 3916 XCII.
979 3890 1049 3902 -—-
1084 3863 1152 3916 De
1178 3865 1351 3932 panis
1386 3865 1697 3932 impiorum.

384 3947 494 4019 (Ea:
541 3949 703 4004 dictis
748 3948 1035 4019 ejusdem.)
1087 3949 1243 4004 Sicut
1290 3949 1542 4004 fasciculi
1607 3950 1896 4021 lignorum
1939 3951 2013 4006 ad

314 4036 771 4091 combustinnem
818 4038 1104 4091 similibus
1156 4038 1522 4109 colligantur,
1573 4039 1650 4092 ita
1700 4040 1756 4093 in
1809 4039 2012 4109 judicii

312 4124 405 4179 die
436 4124 637 4179 similis
668 4127 850 4197 culpa».
873 4127 957 4179 rei
988 4126 1105 4180 suis
1140 4126 1423 4181 similibus
1453 4127 1793 4197 jungentur,
1841 4134 1904 4182 ut
1942 4143 2010 4182 ex

2120 3075 2276 3134 runt,
2311 3068 2624 3121 secundum
2673 3065 2930 3135 Apostoli
2986 3066 3351 3125 sententiam,
3412 3065 3512 3137 qui
3537 3066 3660 3136 jam
3715 3066 3819 3120 ini-

2121 3155 2356 3227 quitatis
2384 3155 2720 3226 mysterium
2745 3154 2971 3223 operari
3002 3154 3164 3208 illum
3210 3154 3476 3221 afﬁrmat,
3511 3155 3686 3208 etiam
3717 3170 3816 3209 an-

2118 3251 2354 3314 tequam
2416 3244 2714 3297 reveletur.
2773 3242 3102 3312 Magnitudo
3143 3242 3439 3314 signorum
3484 3243 3657 3297 faciet
3712 3243 3817 3296 sub

2117 3331 2489 3400 Antichristo,
2526 3337 2590 3386 ut
2648 3332 2836 3395 electi,
2884 3330 2931 3385 si
2990 3330 3118 3384 ﬁeri
3170 3336 3375 3401 potest,
3438 3332 3499 3385 in
3557 3347 3815 3385 errorem

2120 3421 2438 3476 mittantur.
2473 3420 2583 3474 Sed
2612 3420 2659 3473 si
2690 3419 2875 3486 electi,
2904 3420 3197 3490 quomodo
3252 3423 3386 3473 sunt
3439 3420 3502 3473 in
3556 3436 3815 3474 errorem

2117 3508 2427 3563 mittendi?
2462 3509 2604 3577 Ergo
2636 3508 2803 3561 ibunt
2828 3508 2889 3560 in
2918 3522 3170 3561 errorem
3200 3507 3557 3561 titubationis
3580 3508 3664 3577 Ead
3700 3524 3813 3562 mo-

2118 3598 2308 3653 dicum
2342 3614 2444 3669 pro
2476 3596 2842 3651 multitudine
2873 3596 3267 3667 prodigiorum
3301 3613 3447 3651 :non
3482 3602 3674 3651 tamen
3707 3599 3814 3651 de-

2111 3687 2349 3759 jiciendi
2387 3691 2519 3740 sunt
2574 3687 2643 3740 ab
2669 3686 2979 3739 stabilitate
3023 3702 3147 3753 sua,
3202 3689 3487 3739 terrorum
3535 3686 3814 3757 impulsu,

2119 3781 2289 3847 atque
2320 3775 2635 3845 signorum.
2668 3775 2826 3829 Unde
2859 3779 2913 3828 et
2933 3774 3064 3828 ideo
3081 3774 3334 3844 ponitur,
3359 3774 3405 3827 si
3438 3773 3563 3828 ﬁeri
3585 3779 3813 3845 potest:

2118 3864 2254 3937 quia
2279 3865 2440 3918 electi
2472 3865 2665 3933 perire
2694 3878 2811 3917 non
2840 3868 3098 3934 possunt,
3131 3863 3225 3915 sed
3260 3862 3370 3916 cito
3415 3862 3818 3933 resipiscentes

2118 3952 2305 4008 cordis
2336 3967 2590 4007 errorem
2620 3951 2896 4021 religione
2948 3951 3290 4005 coercebunt
3323 3967 3336 4005 :
3390 3951 3631 4005 scientes
3661 3967 3818 4022 pras-

2119 4041 2335 4096 dictum
2362 4057 2394 4094 a
2423 4040 2665 4095 Domino
2696 4055 2836 4107 esse,
2891 4044 2953 4092 ut
2983 4039 3121 4093 dum
3175 4040 3282 4093 hoc
3336 4039 3576 4094 fecerint
3614 4040 3817 4093 adver-

2119 4130 2276 4198 sarii,
2308 4145 2424 4182 non
2454 4127 2871 4182 conturbantur
2924 4127 3120 4181 sancti.
3176 4127 3300 4181 Jam
3357 4126 3504 4181 mira
3563 4127 3820 4183 facturus

315 4228 483 4284 aequo
516 4230 682 4283 poma
728 4215 1082 4285 constringat
1128 4215 1292 4286 quasi
1349 4215 1408 4268 in
1456 4215 1808 4284 fasciculum,
1867 4233 2011 4287 quos
2038 4250 2082 4304 Β
2122 4224 2209 4272 est
2237 4216 2501 4288 prodigia
2526 4221 2582 4270 et
2626 4215 2809 4285 signa,
2863 4215 2999 4270 dum
3044 4216 3264 4270 venerit
3291 4215 3673 4270 Antichristus
3704 4234 3719 4269 :
3756 4222 3825 4271 ut

314 4302 461 4356 actio
515 4303 729 4355 similes
784 4302 916 4356 fecit
983 4304 1044 4356 in
1098 4305 1334 4357 malum.
1403 4304 1557 4358 Slcut
1615 4306 2009 4377 unusquisque

315 4396 541 4443 sanctus
604 4391 663 4443 in
733 4390 928 4444 futuro
990 4391 1208 4460 judicio
1262 4407 1367 4461 pro
1430 4394 1749 4462 quantitate
1830 4394 2007 4449 virtu-

314 4482 436 4530 tum
490 4477 925 4546 gloriﬁcabitur,
986 4478 1066 4532 ita
1112 4484 1168 4531 et
1202 4479 1597 4551 unusquisque
1641 4481 1855 4552 impius
1900 4498 2006 4552 pro

314 4563 638 4634 quantitate
694 4564 1017 4621 facinorum
1096 4568 1593 4622 condemnabitur.
1648 4569 1757 4623 Nec
1827 4571 2009 4625 deerit

314 4650 375 4705 in
402 4651 680 4722 supplicio
735 4652 960 4707 futurus
1021 4654 1407 4709 damnationis
1459 4658 1617 4711 ordo.
1681 4658 1787 4712 Sed
1840 4658 2007 4728 juxta

315 4741 651 4812 qualitatem
735 4743 1043 4798 criminum
1136 4744 1403 4799 discretio
1486 4744 1595 4800 erit
1683 4761 2001 4817 pinnarum,

311 4829 595 4900 propheta
624 4830 937 4886 ﬁrmante:
1002 4833 1079 4887 De
1126 4833 1431 4887 charorum
1486 4850 1718 4906 quoque
1769 4851 2003 4891 suorum

310 4918 626 4989 suppliciis,
659 4920 891 4974 additur
916 4920 1087 4975 etiam
1119 4938 1288 4992 paena
1312 4922 1612 4978 defunctis.
1645 4923 1802 4979 Sicut
1855 4925 2004 4995 apud

309 5007 523 5061 inferos
554 5008 716 5062 diviti
746 5025 933 5063 sermo
993 5010 1263 5079 praedicat
1303 5011 1663 5081 evangelicus
1692 5030 1710 5066 :
1770 5012 1851 5067 sic
1902 5030 2005 5084 pro

312 5097 573 5166 augendo
600 5098 762 5152 .ludae
792 5098 1094 5168 supplicio,
1127 5099 1265 5152 dicit
1294 5101 1470 5154 etiam
1503 5101 1758 5155 Psalmus
1789 5118 1801 5155 :
1837 5103 2002 5157 Com-

310 5184 454 5237 moti
477 5189 815 5241 moveantur
843 5186 945 5241 lilii
972 5187 1115 5254 ejus,
1146 5192 1202 5241 et
1224 5188 1570 5243 mendicent.
1603 5189 1769 5261 lmpii
1800 5205 1862 5243 ex
1900 5190 2003 5244 hoc

310 5271 509 5326 durius
538 5273 599 5327 in
623 5274 842 5344 judicio
890 5275 1169 5345 puniendi
1228 5281 1358 5330 sunt
1408 5278 1616 5330 mentis
1671 5279 1888 5345 dolore,
1936 5294 1998 5333 ex

312 5375 428 5431 quo
456 5360 632 5415 visuri
660 5367 793 5416 sunt
813 5363 995 5432 justos
1023 5363 1219 5434 gloria:
1249 5364 1670 5420 beatitudinem
1700 5366 1997 5422 meruisse.

310 5447 541 5504 Cunctis
604 5450 928 5506 videntibus
1012 5457 1097 5506 est
1178 5453 1627 5523 praecipitandus
1717 5454 1996 5522 diabolus,

310 5537 543 5610 quando
573 5537 677 5593 sub
725 5544 955 5610 aspectu
1012 5542 1272 5597 omnium
1325 5541 1607 5599 bonorum
1657 5543 1999 5613 angelorum

2121 4306 2295 4361 etiam
2325 4305 2519 4360 electis
2549 4304 2837 4375 quoddam
2891 4304 3080 4358 cordis
3128 4305 3403 4375 gignatur
3453 4304 3819 4376 scrupulum,

2119 4395 2273 4468 quod
2305 4401 2420 4450 tam
2451 4395 2561 4448 cito
2590 4398 2887 4464 exsuperet
2919 4395 2976 4447 in
3008 4393 3121 4447 illis
3152 4394 3318 4461 ratio,
3352 4409 3456 4464 pro
3489 4410 3605 4465 qua
3636 4395 3819 4449 scient

2117 4485 2178 4538 in
2204 4482 2539 4554 deceptione
2569 4481 2968 4552 reproborum,
3025 4487 3079 4535 et
3108 4482 3420 4537 electorum
3474 4482 3818 4552 probatione

2116 4573 2315 4628 eadem
2349 4571 2474 4626 ﬁeri
2533 4570 2714 4642 signa,
2743 4569 2801 4624 in
2872 4585 2987 4641 quo
3033 4574 3292 4642 tempore
3322 4585 3425 4641 per
3474 4570 3815 4641 patientiam

2116 4660 2347 4734 gloriosi
2378 4663 2548 4713 erunt
2577 4656 2775 4725 sancti,
2808 4673 2927 4711 non
2953 4673 3059 4727 per
3102 4658 3397 4726 miracula,
3427 4657 3576 4712 sicut
3633 4659 3821 4713 sancti

2117 4755 2395 4821 martyres
2424 4748 2658 4803 fuerunt
2700 4747 2919 4818 priores
2950 4763 2964 4802 :
2998 4746 3083 4801 illi
3114 4747 3269 4802 enim
3322 4753 3377 4802 et
3421 4754 3816 4818 persecutores

2117 4840 2529 4894 sustinuerunt.
2560 4842 2616 4891 et
2644 4837 2913 4891 facientes
2944 4836 3228 4908 prodigia.
3265 4835 3509 4890 Proinde
3538 4842 3593 4890 et
3616 4836 3817 4891 durius

2116 4928 2334 4984 bellum
2368 4925 2730 4981 sustinebunt
2762 4924 2937 4995 :quia
2993 4941 3113 4979 non
3167 4926 3355 4979 solum
3397 4931 3597 4979 contra
3619 4941 3815 4996 perse-

2116 5021 2377 5089 quentes,
2411 5014 2507 5069 sed
2533 5015 2706 5068 etiam
2736 5018 2932 5067 contra
2976 5013 3266 5067 miraculis
3310 5020 3673 5068 coruscantes
3728 5014 3815 5068 di-

2117 5104 2379 5159 micaturi
2433 5107 2583 5157 sunt.
2619 5101 2852 5156 Gravius
2904 5100 3010 5154 sub
3062 5100 3397 5155 Antichristi
3451 5102 3816 5172 temporibus

2113 5198 2314 5247 contra
2342 5190 2646 5245 Ecclesiam
2678 5188 2956 5244 deserviet
2986 5188 3308 5260 Synagoga.
3369 5205 3544 5261 quam
3602 5190 3662 5245 in
3692 5190 3818 5262 ipso

2113 5281 2362 5335 adventu
2392 5277 2695 5335 Salvatoris
2748 5277 3100 5332 Christianos
3129 5283 3279 5331 esset
3308 5283 3629 5347 persecuta.
3670 5281 3818 5334 Dum

2112 5369 2172 5423 in
2202 5373 2480 5439 martyres
2509 5366 2772 5421 diabolus
2798 5366 2920 5436 jam
2951 5367 3268 5420 exercuerit
3314 5381 3583 5438 magnam
3616 5367 3821 5422 crude-

2114 5458 2331 5512 litatem
2364 5456 2538 5511 etiam
2569 5455 2801 5524 ligatus,
2837 5454 3125 5508 crudelior
3156 5460 3349 5509 tamen
3398 5456 3509 5509 erit
3541 5459 3650 5509 sub
3692 5459 3817 5510 An-

2111 5542 2355 5598 tichristi
2388 5542 2765 5613 temporibus,
2803 5541 3034 5614 quando
3092 5542 3267 5597 etiam
3320 5542 3427 5596 erit
3477 5543 3811 5598 solvendus.
