4010 6194
239 270 371 319 1.1;;3

1170 264 1637 325 DECRETORUM
1684 266 1872 323 LIBRI
1910 263 2018 317 XX.
2052 292 2120 302 ——
2157 266 2363 321 LIBER
2406 264 2806 322 VICESIMUS.

3639 276 3768 327 ltiiir't

230 391 375 444 Nam
409 388 454 441 si
487 390 651 440 tanta
673 385 889 457 ligatus
926 386 1110 441 facere
1169 390 1376 459 potuit,
1431 397 1643 462 quanta
1708 392 1932 445 solutus
1964 390 2002 441 A
2043 388 2277 443 ditionis
2306 389 2475 460 rapit,
2505 387 2605 457 qui
2640 392 2699 442 et
2723 407 2881 447 nunc
2904 396 3235 468 priusquam
3269 403 3566 468 appareat,
3597 397 3768 450 inuu-

226 478 434 533 faciet?
494 477 723 540 Quanto
777 476 1160 546 propinquius
1206 480 1378 534 tinem
1424 482 1621 533 mundi
1670 479 1937 534 diabolus

224 568 402 632 videt,
441 572 604 619 tanto
638 566 932 619 crudelius
965 568 1391 634 persecutiones
1422 575 1659 622 exercet.
1701 571 1767 623 Ut
1796 566 1936 638 quia

224 675 285 711 se
314 657 595 710 continuo
630 656 1023 708 damnandum
1058 657 1353 726 conscipit,
1388 659 1563 711 socios
1596 659 1703 711 sibi
1739 654 1935 711 multi-

226 746 422 817 plicet,
458 760 589 797 cum
620 745 833 814 quibus
866 746 1146 814 gehennae
1181 746 1328 813 ignis
1367 748 1677 801 addicatur.
1712 748 1936 812 Quanto

224 835 400 888 breve
432 839 665 903 tempus
694 834 847 886 videt
878 833 1142 887 diabolus
1173 835 1280 887 sibi
1332 844 1559 901 restare,
1607 844 1668 888 ut
1698 836 1935 888 damne-

228 930 343 989 tur,
386 928 545 976 tanto
597 922 657 975 in
708 939 919 992 magna
959 925 1370 992 persecutionis
1402 926 1484 978 ira
1536 932 1812 989 movetur,
1847 922 1935 975 di-

228 1011 608 1081 vinajustitia
643 1011 1034 1081 permittente,
1070 1018 1134 1063 ut
1186 1014 1579 1081 gloriliccntur
1618 1014 1778 1083 justi,
1812 1027 1935 1064 sor-

228 1100 503 1153 didentur
538 1099 728 1168 iniqui
759 1116 771 1152 :
810 1106 867 1152 et
900 1103 962 1152 ut
980 1098 1210 1153 diabolo
1232 1102 1429 1156 durior
1458 1108 1669 1155 crescat
1698 1104 1935 1155 damna-

227 1188 405 1242 tionis
432 1188 738 1241 sententia.

229 1294 361 1348 CAP.
394 1293 572 1347 XCIV.
602 1323 670 1333 —-
696 1294 850 1357 Quod
864 1299 986 1345 ante
1003 1293 1146 1346 diem
1166 1296 1391 1363 judicii,
1416 1300 1576 1351 etiam
1589 1300 1739 1352 electi
1750 1298 1938 1351 casuri

663 1368 774 1417 sint
801 1367 855 1417 in
885 1365 1123 1417 adventu
1158 1370 1506 1422 Antichristi.

308 1454 495 1520 (Grcg.
530 1455 587 1505 in
609 1455 723 1506 suis
753 1454 1051 1506 litoralibus
1080 1454 1214 1506 dicit
1243 1460 1279 1520 ε)
1327 1457 1388 1509 In
1437 1457 1637 1509 diebus
1668 1457 1787 1525 ejus
1819 1460 1936 1508 stu-

234 1541 457 1611 pebunt
508 1541 824 1605 novissimi,
856 1547 912 1594 et
965 1543 1182 1610 primos
1229 1543 1463 1598 invadet
1494 1547 1717 1599 horror.
1760 1546 1938 1600 Tanta

2049 480 2349 533 merabiles
2384 476 2643 547 quidem,
2680 488 3021 538 nontamen
3052 503 3250 540 omnes
3280 488 3537 539 carnales
3570 486 3757 539 trahit.

2049 568 2191 631 Quta
2215 566 2468 639 quotidie
2498 567 2717 620 earnali
2750 586 2927 639 opere
2949 574 3015 627 ad
3041 576 3209 628 vitam
3238 575 3405 626 multi
3431 579 3764 625 revocantur

2048 665 2217 727 atque
2248 657 2315 711 ad
2342 659 2549 707 statum
2575 652 2848 723 justitiee,
2874 663 2969 715 alii
2992 679 3091 731 per
3109 664 3357 725 brevem,
3379 662 3473 714 alii
3504 676 3634 711 vero
3657 674 3763 727 per

2051 749 2278 819 longam
2318 742 2726 816 posuilentiam
2779 750 3022 803 redeunt
3060 768 3073 804 :
3114 757 3168 804 et
3220 766 3375 804 nunc
3423 749 3759 801 innumera-

2049 838 2189 891 biles
2224 836 2390 906 rapit,
2434 846 2564 883 cum
2619 831 2886 891 falsitatis
2921 856 3035 892 suae
3086 840 3367 909 stupenda
3431 835 3761 890 hominibus

2047 927 2211 996 signa
2240 939 2354 979 non
2384 920 2617 975 exhibet
2653 938 2666 975 :
2702 940 2832 980 cum
2861 944 2992 981 vero
3018 944 3208 981 coram
3254 924 3571 979 carnalium
3623 938 3761 976 ocu-

2048 1015 2115 1068 lis
2142 1012 2407 1068 miranda
2438 1008 2519 1062 eis
2562 1013 2829 1084 prodigia
2890 1016 3103 1079 fecerit,
3146 1021 3276 1085 post
3325 1030 3384 1065 se
3441 1017 3575 1064 tunc
3645 1026 3761 1063 non

2047 1099 2519 1163 innumerabiles,
2554 1100 2650 1153 sed
2697 1119 2900 1156 omnes
2952 1104 3180 1157 trahit:
3238 1101 3378 1172 quia
3436 1098 3535 1169 qui
3592 1100 3762 1151 bonis

2046 1192 2431 1264 praesentibus
2463 1188 2846 1258 delectantur,
2888 1192 3151 1262 potestati
3188 1192 3344 1244 illius
3396 1204 3455 1240 se
3545 1186 3761 1255 absque

2048 1283 2389 1337 retractione
2439 1277 2776 1347 subjiciunt.
2833 1281 2963 1345 Sed,
3017 1281 3162 1334 sicut
3238 1275 3463 1349 prtefati
3539 1290 3759 1339 sumus,

2048 1374 2182 1445 quia
2212 1373 2342 1443 plus
2373 1374 2461 1422 est
2491 1384 2726 1422 omnem
2762 1370 3053 1423 hominem
3095 1383 3267 1439 quam
3304 1363 3763 1418 innumerabiles

2049 1460 2297 1525 trahere,
2325 1473 2429 1513 cur
2460 1456 2623 1527 prius
2667 1458 2895 1523 dicitur,
2947 1458 3080 1527 quia
3144 1470 3380 1507 omnem
3447 1450 3644 1515 trahit,
3704 1457 3762 1503 et

2049 1556 2179 1621 post
2216 1550 2277 1603 in
2303 1552 2618 1617 augmento
2663 1546 3107 1598 innumerabiles
3136 1541 3562 1611 subjiciuntur?
3593 1540 3759 1593 Ratio

232 1629 389 1720 enim
422 1634 559 1683 tunc
606 1635 806 1682 contra
851 1629 1036 1698 justos
1084 1632 1391 1702 iniquitate
1450 1634 1842 1700 etfrenabitur,
1878 1638 1937 1685 ut
1974 1668 2011 1720 Β
2052 1656 2299 1711 namque
2366 1636 2579 1706 expetit
2658 1641 2718 1687 ut
2775 1634 2932 1704 prius
2989 1633 3178 1686 minus
3238 1636 3342 1695 est;
3404 1634 3463 1682 et
3517 1632 3646 1698 post
3701 1628 3763 1680 in

233 1716 407 1771 etiam
441 1718 753 1771 electorum
800 1718 973 1771 corda
1013 1735 1128 1772 non
1181 1737 1355 1789 parvo
1394 1738 1603 1791 pavore
1643 1723 1936 1776 feriantur.

240 1806 396 1859 Unde
429 1806 705 1875 scriptum
740 1812 823 1857 est
858 1823 868 1859 :
908 1808 985 1859 Ita
1018 1814 1077 1859 ut
1108 1808 1164 1862 in
1204 1826 1463 1863 errorem
1497 1812 1864 1873 inducantur,
1893 1810 1936 1862 si

235 1893 363 1946 ﬁeri
394 1898 604 1963 potest,
642 1894 810 1945 etiam
846 1895 1029 1947 electi.
1064 1895 1222 1958 Quod
1254 1898 1523 1951 videlicet
1553 1898 1781 1958 dicitur,
1824 1912 1941 1948 non

239 1982 375 2052 quia
428 1982 595 2035 electi
627 1984 811 2035 casuri
867 1983 999 2047 sint,
1034 1984 1126 2037 sed
1176 1986 1358 2055 magis
1387 1986 1712 2039 terroribus
1760 1982 1939 2052 trepi-

240 2070 449 2123 daturi.
484 2071 639 2123 Tunc
682 2086 812 2123 vero
861 2076 1057 2124 contra
1103 2089 1230 2125 eum
1268 2082 1568 2128 certamen
1596 2075 1855 2144 justitiae,
1888 2074 1943 2122 et

237 2158 528 2211 novissimi
558 2158 722 2212 electi
755 2158 962 2212 habere
994 2168 1316 2224 narrantur,
1345 2168 1401 2215 et
1427 2164 1606 2233 primi
1648 2181 1660 2217 :
1689 2166 1823 2235 quia
1844 2168 1946 2220 sci-

238 2247 367 2300 licet
401 2252 455 2300 et
490 2248 550 2300 hi
592 2249 693 2314 qui
740 2248 797 2301 in
830 2249 943 2302 ﬁne
1000 2249 1198 2302 mundi
1255 2251 1421 2304 electi
1456 2254 1848 2323 reperiuntur.
1885 2255 1944 2309 in

240 2342 422 2390 morte
447 2337 855 2406 prosternendi
880 2344 1034 2406 sunt,
1059 2343 1117 2390 ut
1150 2338 1232 2390 illi
1264 2339 1437 2394 etiam
1473 2345 1627 2412 quia
1660 2344 1946 2412 prioribus

242 2426 441 2480 mundi
486 2425 748 2494 partibus
794 2433 1207 2494 processerunt.
1254 2428 1445 2483 Enoch
1494 2432 1709 2483 scilicet
1739 2438 1796 2484 et
1838 2434 1943 2485 He-

238 2513 363 2575 lias,
384 2514 454 2567 ad
482 2514 739 2567 medium
770 2521 1108 2567 revocantur
1130 2516 1482 2571 crudelitatis
1510 2519 1633 2588 ejus
1666 2522 1943 2575 saavitiam

243 2604 300 2655 in
331 2620 432 2656 sua
454 2604 641 2656 adhuc
674 2604 900 2657 mortali
932 2621 1099 2657 carne
1142 2607 1362 2673 passuri
1396 2614 1550 2661 sunt.
1592 2610 1767 2678 Hujus
1800 2614 1943 2663 vires

240 2691 297 2745 in
353 2696 510 2745 tanta
565 2695 841 2761 potestate
897 2692 1113 2745 laxatas
1169 2693 1463 2748 noviSsimi
1504 2698 1942 2767 obstupescunt,

240 2786 297 2833 et
329 2781 495 2850 primi
544 2786 810 2833 metuunt
844 2795 855 2833 :
889 2780 1025 2851 quia.
1064 2781 1196 2833 licet
1219 2783 1381 2851 juxta
1412 2784 1517 2837 hoc
1540 2788 1695 2855 quod
1740 2788 1943 2856 spiritu

240 2870 520 2938 superbiae
558 2870 905 2935 sublevatur,
954 2885 1182 2921 omnem
1236 2874 1609 2941 temporalem
1671 2876 1798 2944 ejus
1841 2894 1942 2946 po-

240 2964 500 3011 testatem
530 2958 1052 3028 despiciant,!juxta
1086 2959 1192 3011 hoc
1224 2964 1410 3012 tamen
1434 2965 1586 3031 quod
1612 2965 1731 3035 ipsi
1765 2965 1948 3019 adhuc
1979 2946 2019 3000 (δ

241 3046 301 3099 in
332 3063 500 3099 carne
545 3046 770 3100 mortali
811 3052 964 3111 sunt,
999 3046 1056 3099 in
1090 3063 1201 3117 qua
1257 3050 1496 3102 cruciari
1546 3055 1951 3123 temporaliter

241 3139 500 3204 possunt,
535 3136 655 3204 ipsa
688 3150 815 3204 quas
848 3134 1071 3187 fortiter
1102 3136 1363 3201 tolerant,
1399 3140 1684 3208 supplicia
1720 3142 1951 3211 perhor-

244 3230 497 3289 rescunt,
557 3224 634 3276 ita
668 3228 729 3275 ut
793 3223 851 3276 in
893 3224 971 3275 eis
1032 3239 1144 3276 uno
1204 3225 1519 3295 eodemque
1575 3236 1863 3299 tempore,
1897 3236 1952 3286 et

245 3312 566 3364 constantia
598 3328 665 3365 ex
697 3312 906 3364 virtute
942 3312 1031 3377 sit,
1068 3319 1125 3364 et
1152 3328 1331 3382 pavor
1378 3331 1445 3368 ex
1495 3333 1687 3373 carne.
1724 3320 1867 3384 Quia
1897 3326 1952 3376 et

244 3400 294 3453 si
327 3401 491 3453 electi
531 3406 680 3466 sunt,
720 3407 776 3453 et
806 3400 1110 3453 tormentis
1151 3402 1297 3455 vinci
1340 3412 1647 3474 nequeant,
1712 3424 1815 3477 per
1846 3412 1951 3464 hoc

247 3493 443 3542 tamen
475 3488 633 3559 quod
665 3490 925 3543 homines
958 3495 1106 3555 sunt,
1141 3495 1198 3543 et
1227 3491 1351 3560 ipsa
1379 3500 1645 3548 metuunt
1665 3500 1951 3553 tormenta

249 3577 353 3647 qui
385 3577 640 3631 vincunt.

645 3666 766 3720 CAP.
818 3666 967 3720 XCV.
996 3696 1064 3705 —-
1094 3669 1168 3720 De
1195 3667 1555 3724 Antid/arista.

328 3753 507 3821 (Greg.
534 3756 589 3806 in
618 3757 729 3809 suis
760 3756 1057 3809 Moralibus
1088 3756 1223 3810 dicit
1259 3759 1300 3825 :)
1335 3758 1494 3811 Videt
1532 3759 1685 3811 enim
1717 3762 1949 3831 quodin

251 3842 369 3896 ﬁne
393 3842 590 3895 mundi
627 3844 799 3897 Satan
850 3844 1146 3896 hominem
1183 3845 1532 3913 ingrediens,
1569 3863 1742 3917 quam
1792 3867 1950 3906 sacra

252 3930 543 3998 Scriptura
592 3932 1003 3984 Antichristum
1052 3934 1320 4002 appellat.
1370 3939 1528 3988 tanta
1577 3936 1821 3993 elatione
1852 3957 1947 3994 ex-

252 4019 497 4085 tollitur,
542 4026 700 4073 tenta
743 4021 951 4073 virtute
1010 4022 1381 4092 principatus,
1430 4024 1600 4076 tantis
1647 4024 1827 4093 signis
1895 4034 1951 4083 et

254 4108 532 4175 prodigiis
565 4108 619 4160 in
655 4110 972 4161 sanctitatis
1003 4111 1328 4163 ostensione
1359 4128 1416 4164 se
1452 4113 1652 4179 elevat,
1690 4120 1749 4167 ut
1783 4118 1948 4185 argui

2049 1731 2360 1802 augmento
2394 1725 2547 1796 quod
2584 1725 2769 1792 majus
2801 1728 2905 1786 est,
2951 1721 3255 1774 diceretur.
3290 1718 3401 1772 Sed
3463 1716 3761 1769 sciendum

2050 1821 2182 1893 quia
2216 1820 2274 1872 in
2317 1818 2423 1871 hoc
2482 1815 2604 1866 loco
2666 1814 2790 1882 plus
2848 1810 2957 1864 fuit
3010 1807 3469 1861 innumerabiles
3529 1805 3761 1869 dixisse,

2053 1924 2224 1978 quam
2258 1918 2474 1957 omnes.
2513 1904 2639 1955 Post
2686 1916 2743 1952 se
2792 1898 2947 1951 enim
2999 1913 3228 1950 omnem
3287 1895 3593 1948 hominem
3644 1900 3765 1946 tra-

2052 1997 2136 2049 hit
2170 2010 2182 2047 :
2218 1994 2351 2064 quia
2377 1992 2436 2043 in
2468 1990 2669 2053 tribus;
2693 1988 2858 2040 annis
2885 1992 2940 2039 et
2969 1985 3226 2047 dimidio,
3260 1999 3467 2036 omnes
3525 1999 3670 2053 quos
3703 1982 3765 2035 in

2053 2084 2258 2136 studiis
2289 2080 2420 2132 vitm
2487 2076 2728 2131 carnalis
2790 2074 3089 2137 invenerit,
3155 2073 3294 2140 jugo
3348 2088 3470 2124 sua:
3520 2072 3761 2124 damna-

2052 2172 2225 2224 tionis
2257 2166 2538 2234 aslringit.
2578 2168 2717 2218 Ante
2749 2181 2806 2216 se
2848 2179 2980 2216 vero
3032 2160 3494 2214 innumerabiles
3536 2159 3708 2212 traxit
3746 2173 3758 2210 :

2053 2261 2187 2331 quia
2220 2275 2319 2329 per
2341 2256 2594 2328 quinque
2627 2253 2829 2315 millia,
2862 2257 2918 2304 et
2948 2250 3133 2304 adhuc
3166 2248 3414 2318 amplius
3469 2263 3760 2301 annorum

2054 2348 2355 2410 curricula,
2395 2343 2653 2413 quamvis
2689 2342 2943 2394 carnales
2994 2354 3193 2392 omnes
3249 2337 3481 2389 trahere
3519 2336 3760 2389 minime

2055 2437 2263 2507 potuit,
2301 2435 2481 2488 multo
2511 2437 2701 2483 tamen
2734 2431 2924 2499 plures
2951 2432 3083 2480 sunt
3116 2427 3173 2480 in
3216 2430 3331 2477 tam
3382 2424 3561 2494 longo
3616 2430 3763 2477 tem-

2057 2543 2191 2597 pore
2226 2525 2306 2588 hi,
2348 2538 2492 2593 quos
2549 2524 2679 2573 ante
2727 2535 2784 2571 se
2839 2514 3288 2570 innumerabiles
3346 2511 3521 2581 rapit,
3585 2524 3758 2580 quam

2056 2631 2277 2679 omnes,
2313 2629 2455 2681 quos
2488 2610 2546 2661 in
2576 2616 2690 2661 tam
2730 2608 2885 2660 brevi
2941 2611 3196 2674 tempore
3244 2600 3558 2670 rapiendos
3600 2599 3761 2650 inve-

2056 2704 2222 2757 nerit.
2262 2702 2408 2754 Bene
2441 2714 2575 2768 ergo
2627 2696 2851 2761 dicitur,
2884 2699 3013 2765 post
3045 2710 3103 2745 se
3162 2706 3393 2744 omnem
3457 2688 3759 2741 hominem

2057 2792 2254 2857 trahit,
2286 2796 2342 2842 et
2390 2794 2520 2841 ante
2571 2802 2628 2838 se
2683 2784 3132 2837 innumerabiles
3164 2798 3178 2834 :
3213 2780 3345 2850 quia
3379 2783 3438 2831 et
3472 2784 3611 2831 tunc
3652 2775 3757 2828 mi-

2056 2897 2165 2934 nus
2196 2880 2379 2943 tollet,
2411 2892 2537 2929 cum
2573 2890 2771 2926 omnes
2804 2873 2996 2925 tulerit
3029 2887 3041 2924 :
3077 2876 3133 2923 et
3164 2885 3315 2922 nunc
3364 2866 3619 2937 amplius
3671 2863 3757 2917 di-

2060 2969 2215 3039 ripit,
2251 2982 2379 3019 cum
2413 2964 2583 3018 corda
2618 2961 2878 3015 omnium
2914 2977 3023 3014 non
3057 2959 3292 3013 invadit.

2060 3077 2189 3131 CAP.
2222 3073 2420 3127 XCVII.
2454 3101 2521 3111 —
2577 3069 2732 3134 Quod
2788 3072 2847 3121 in
2900 3068 3208 3120 novissimis
3256 3078 3434 3118 omnes
3496 3062 3759 3116 Israelita

2270 3160 2369 3214 per
2384 3144 2820 3212 praedicationem
2842 3141 3004 3193 Heliae
3031 3140 3265 3191 converti
3286 3135 3539 3187 dtbcant.

2132 3234 2307 3302 (Greg.
2342 3235 2400 3285 in
2430 3235 2540 3285 suis
2598 3229 2895 3283 litoralibus
2952 3225 3086 3279 dicit
3118 3226 3158 3292 :)
3204 3224 3309 3276 Sed
3373 3227 3630 3274 extremo
3672 3221 3756 3274 Is-

2059 3323 2276 3377 raelita:
2307 3337 2503 3373 omnes
2534 3320 2603 3373 ad
2636 3319 2824 3381 tidem,
2859 3316 3085 3386 cognita
3119 3313 3289 3369 Heliae
3322 3310 3752 3380 praedicatione,

2059 3416 2451 3467 concurrunt:
2511 3415 2680 3477 atque
2712 3406 2780 3459 ad
2814 3406 2934 3474 ejus
2992 3402 3401 3474 protectionem
3440 3416 3613 3470 quem
3667 3400 3751 3452 fu-

2058 3504 2279 3570 gerant,
2314 3496 2558 3550 redeunt
2592 3510 2603 3546 :
2640 3499 2695 3546 et
2730 3498 2865 3545 tunc
2912 3492 3051 3545 illud
3116 3490 3384 3543 eximium
3447 3486 3755 3557 multiplici

2058 3584 2468 3656 aggregatione
2503 3582 2847 3651 populorum
2881 3580 3204 3632 convivium
3241 3576 3581 3630 celebratur.

2059 3693 2187 3746 CAP.
2240 3689 2471 3743 XCVIII.
2506 3716 2573 3724 —
2609 3687 2686 3738 De
2719 3687 2812 3738 hoc
2842 3701 2936 3738 cur
2978 3687 3035 3737 in
3068 3686 3169 3737 hac
3206 3685 3324 3736 vita
3363 3684 3561 3750 sacpius
3602 3681 3752 3734 bonis

2485 3758 2622 3810 male
2641 3759 2732 3822 sit,
2776 3762 2825 3809 et
2850 3757 3008 3808 malis
3037 3756 3179 3807 bene.

2132 3850 2315 3917 (Greg.
2351 3849 2407 3901 in
2438 3848 2552 3900 suis
2592 3843 2890 3899 Morulibus
2921 3843 3056 3896 dicit
3091 3846 3129 3909 :)
3168 3841 3309 3895 Cum
3344 3840 3503 3894 valde
3531 3840 3754 3894 occulta

2059 3940 2173 3993 sint
2203 3937 2395 3991 divina
2418 3934 2656 4005 judicia,
2691 3950 2792 3986 cur
2818 3934 2875 3986 in
2900 3932 3003 3985 hac
3040 3932 3150 3983 vita
3191 3945 3604 3999 nonnunquam
3656 3930 3754 3982 bo-

2060 4028 2148 4082 nis
2179 4026 2324 4079 male
2352 4024 2444 4087 sit,
2481 4022 2641 4075 malis
2668 4022 2811 4075 bene
2838 4038 2851 4074 :
2896 4028 3031 4074 tunc
3063 4019 3371 4072 occultiora
3423 4025 3574 4084 sunt,
3622 4034 3752 4071 cum

2060 4126 2115 4169 et
2148 4113 2303 4167 bonis
2336 4112 2419 4165 hic
2446 4112 2585 4163 bene
2612 4114 2714 4175 est,
2749 4116 2804 4163 et
2835 4109 2997 4160 malis
3030 4108 3194 4160 male.
3235 4107 3371 4159 Nam
3413 4121 3541 4157 cum
3585 4106 3753 4159 bonis

253 4196 328 4249 ab
368 4197 696 4250 hominibus
736 4198 859 4267 ejus
888 4198 1030 4250 facta
1063 4214 1178 4251 non
1213 4200 1431 4253 valeant
1465 4216 1476 4253 :
1512 4201 1645 4269 quia
1676 4218 1805 4255 cum
1838 4219 1947 4271 po—
1982 4227 2024 4279 ι)
2064 4204 2211 4257 male
2244 4208 2347 4265 est,
2385 4200 2549 4253 malis
2574 4200 2737 4261 bene,
2792 4200 2900 4253 hoc
2947 4199 3185 4251 fortasse
3246 4193 3695 4263 deprehenditur
3737 4210 3749 4247 :

252 4290 455 4337 testate
516 4286 751 4339 terroris
805 4286 1202 4355 adjunguntur
1256 4287 1427 4341 etiam
1490 4289 1651 4357 signa
1701 4295 1944 4344 ostensm

256 4373 595 4426 sanctitatis.
634 4376 697 4427 Et
730 4374 807 4427 ait
841 4391 851 4427 :
888 4375 1025 4438 Quis
1056 4377 1245 4445 arguit
1276 4392 1464 4428 coram
1498 4392 1563 4429 eo
1597 4377 1743 4431 viam
1786 4380 1946 4447 ejus?

253 4460 393 4523 Quis
458 4462 722 4515 videlicet
786 4462 1085 4516 hominum
1137 4465 1301 4518 illum
1367 4464 1660 4534 increpare
1722 4467 1943 4531 audeat,

252 4548 420 4617 cujus
448 4549 631 4602 visum
666 4551 812 4603 ferre
846 4552 1243 4620 pertimescit?
1272 4554 1375 4607 Sed
1407 4559 1599 4607 tamen
1644 4555 1766 4623 ejus
1800 4555 1947 4608 viam

252 4653 370 4691 non
404 4637 589 4689 soium
623 4639 806 4691 Helias
828 4646 883 4692 et
922 4642 1124 4703 Enoch.
1161 4642 1338 4712 quiin
1371 4643 1494 4711 ejus
1512 4643 1947 4712 exprobratione

251 4725 329 4780 ad
372 4725 623 4778 medium
686 4729 1096 4796 perducuntur,
1156 4731 1251 4784 sed
1301 4731 1469 4783 etiam
1522 4747 1718 4783 omnes
1771 4733 1946 4802 {electi

253 4818 531 4882 arguunt,
568 4814 704 4867 dum
738 4822 1132 4883 contemnunt,
1165 4820 1300 4872 dum
1349 4820 1556 4873 virtute
1592 4821 1795 4874 mentis
1825 4822 1947 4891 ejus

257 4902 497 4955 malitiae
528 4903 821 4955 resistunt.

573 4993 698 5045 CAP.
734 4992 909 5046 XCVI.
943 5023 1008 5032 —
1031 4994 1159 5047 Item
1188 4994 1252 5047 de
1277 4996 1634 5049 Antichristo.

331 5080 571 5144 (Grcgor.
600 5082 657 5133 in
678 5082 791 5134 suis
820 5082 1117 5135 Moralzbus
1141 5082 1273 5135 dicit
1303 5084 1339 5152 :)
1369 5085 1477 5136 Hoc
1508 5085 1629 5136 loco
1655 5084 1824 5137 homo
1842 5085 1947 5138 hu-

254 5182 431 5219 mana
487 5168 713 5237 sapiens
772 5169 1001 5235 dicitur,
1065 5170 1160 5224 sed
1212 5187 1343 5224 cum
1390 5173 1515 5241 plus
1559 5172 1672 5225 sint
1727 5190 1944 5239 omnes,

257 5270 430 5325 quam
457 5256 927 5326 innumerabiles,
955 5258 1329 5327 quaerendum
1364 5258 1529 5311 nobis
1563 5264 1666 5325 est,
1700 5267 1949 5314 curante

255 5360 318 5396 se
338 5345 801 5413 innumerabiles,
819 5352 874 5398 et
888 5353 1013 5415 post
1030 5363 1087 5400 se
1107 5349 1541 5401 omnestrahere
1565 5347 1805 5413 dicatur,
1842 5349 1950 5402 nisi

256 5432 413 5500 quod
448 5432 716 5503 antiquus
748 5434 925 5487 hostis
943 5435 1252 5505 reprobum
1268 5441 1403 5489 tunc
1424 5436 1715 5489 hominem
1738 5437 1951 5505 ingres-

255 5535 374 5585 sus,
416 5527 647 5573 cunctos
688 5538 829 5592 quos
849 5524 1104 5577 carnales
1134 5523 1439 5589 invenerit,
1472 5525 1578 5579 sub
1608 5526 1948 5594 sumjugum

2057 4292 2193 4363 quia
2228 4296 2279 4343 et
2303 4289 2460 4353 boni,
2493 4289 2540 4341 si
2572 4306 2685 4358 qua
2711 4288 3097 4359 deliquerunt,
3128 4285 3220 4338 hic
3244 4284 3526 4354 recipiunt
3558 4288 3659 4335 :ut
3683 4283 3753 4336 ab

2062 4387 2273 4434 {eterna
2338 4378 2564 4447 plenius
2625 4378 2993 4431 damnatione
3071 4374 3432 4427 liberentur:
3502 4376 3558 4425 et
3614 4370 3751 4425 mali

2061 4469 2231 4533 bona,
2275 4484 2403 4538 qua:
2460 4483 2564 4536 pro
2611 4466 2717 4520 hac
2749 4468 2858 4519 vita
2915 4465 3150 4530 faciunt,
3184 4463 3275 4516 hic
3336 4462 3653 4526 inveniunt,
3693 4464 3753 4512 ut

2062 4558 2127 4610 ad
2161 4557 2279 4609 sola
2320 4557 2378 4609 in
2414 4562 2699 4626 posterum
2748 4560 3035 4609 tormenta
3096 4552 3523 4622 pertrahantur.
3580 4549 3752 4615 Unde

2061 4650 2118 4696 et
2147 4644 2369 4697 ardenti
2399 4645 2455 4697 in
2491 4644 2713 4697 inferno
2755 4644 2915 4697 diviti
2966 4642 3176 4695 dicitur
3223 4658 3235 4695 :
3287 4642 3590 4706 Memento,
3647 4639 3752 4704 ﬁli,

2062 4732 2197 4802 quia
2231 4732 2491 4800 recepisti
2522 4732 2671 4783 bona
2704 4730 2763 4783 in
2799 4731 2909 4782 vita
2942 4736 3060 4796 tua,
3094 4733 3147 4782 et
3193 4730 3433 4782 Lazarus
3490 4726 3754 4779 similiter

2063 4822 2231 4873 mala.
2258 4824 2326 4873 At
2349 4836 2477 4873 cum
2511 4820 2675 4871 bonis
2705 4818 2796 4871 hic
2826 4818 2969 4871 bene
3002 4824 3105 4881 est,
3135 4824 3191 4870 et
3240 4817 3403 4870 malis
3439 4816 3601 4879 male,
3663 4816 3751 4868 in-

2060 4915 2279 4963 certum
2310 4909 2470 4961 valde
2504 4908 2584 4970 tit,
2629 4912 2819 4959 utrum
2847 4907 2978 4959 boni
3012 4906 3215 4959 idcirco
3269 4906 3416 4958 bona
3474 4905 3755 4974 accipiant

2062 5003 2123 5049 ut
2178 4996 2467 5065 provocati
2517 4997 2586 5047 ad
2647 4995 2859 5064 aliquid
2914 4995 3119 5047 melius
3163 4998 3438 5059 crescant,
3497 5010 3569 5047 an
3596 4993 3751 5063 justo

2062 5084 2377 5153 latentique
2419 5083 2635 5151 judicio
2668 5082 2757 5135 hic
2828 5098 3060 5135 suorum
3120 5098 3357 5151 operum
3412 5096 3751 5135 remunera-

2060 5173 2278 5225 tionem
2310 5171 2649 5240 percipiant,
2685 5177 2804 5223 uta
2830 5171 3084 5240 praemiis
3127 5171 3250 5222 vitae
3296 5170 3583 5239 sequentis
3624 5169 3747 5221 ina-

2062 5266 2313 5313 nescant.
2342 5262 2403 5313 Et
2440 5266 2627 5312 utrum
2692 5261 2873 5312 malos
2902 5259 3110 5311 idcirco
3142 5259 3372 5311 adversa
3431 5258 3658 5325 feriant,
3692 5261 3753 5310 ut

2063 5350 2133 5402 ab
2164 5350 2393 5403 aeternis
2418 5350 2711 5419 suppliciis
2749 5348 3089 5418 corrigendo
3146 5348 3497 5401 defendant:
3536 5363 3607 5400 an
3661 5347 3753 5399 hic

2062 5452 2260 5490 eorum
2323 5454 2490 5506 ptrue
2563 5439 2819 5508 incipiat,
2880 5442 2941 5490 ut
2998 5437 3343 5507 quandoque
3410 5434 3753 5504 complenda

2062 5543 2157 5579 eos
2187 5528 2253 5581 ad
2281 5527 2481 5581 ultima
2509 5527 2787 5597 gehennw
2816 5530 3099 5580 tormenta
3133 5525 3425 5594 perducat.
