4010 6194
294 293 430 345 1055

956 291 1354 348 BURCHARDI
1394 292 1933 349 WOBMACIENSIS
1970 292 2282 349 EPISCOPI
2322 288 2802 347 DECRETORUH
2843 289 2969 344 LIB.
3005 288 3115 344 XX.

3619 327 3625 333 ι
3672 293 3806 343 1056

288 415 416 470 CAP.
444 416 616 472 XCIX.
657 447 727 457 ——
761 415 918 482 Quod
962 418 1128 471 etiam
1174 431 1350 471 omnes
1404 416 1650 482 inﬁdeles
1706 432 1985 485 resurgere
2012 419 2058 470 A
2097 431 2354 470 suorum.
2389 416 2455 470 Et
2483 415 2694 469 iterum
2728 428 2742 467 :
2780 414 2863 468 Ite
2894 412 2955 466 in
2984 412 3179 483 ignem
3209 415 3514 481 aeternum,
3556 411 3661 484 qui
3703 429 3809 484 pa-

538 488 765 543 debeant
792 489 867 542 ad
899 493 1184 554 tormenta,
1215 503 1320 542 non
1348 488 1423 541 ad
1441 488 1732 557 judicium.

360 575 588 644 (Gregor
642 578 702 631 in
738 579 852 631 suis
893 577 1199 631 Morulibus
1225 577 1359 630 dicit
1394 580 1433 643 :)
1484 578 1814 647 Resurgunt
1849 591 1984 630 vero

291 664 465 719 etiam
495 680 694 718 omnes
747 665 1025 732 inﬁdeles,
1077 665 1174 719 sed
1222 665 1290 718 ad
1335 669 1706 730 tormentum,
1768 681 1881 719 non
1913 665 1984 719 ad

284 752 589 823 judicium.
638 755 763 808 Non
809 753 964 807 enim
1010 770 1210 808 eorum
1253 759 1387 807 tunc
1435 770 1606 808 causa
1657 754 1981 819 discutitur,

290 839 390 911 qui
423 841 495 894 ad
522 846 892 910 conspectum
928 841 1167 895 districti
1202 842 1431 911 judicis,
1462 843 1583 911 jam
1637 858 1768 896 cum
1816 841 1984 896 dam-

291 928 523 982 natione
555 944 671 982 suas
705 928 1064 982 inﬁdelitatis
1097 929 1390 983 accedunt.
1424 930 1840 984 Professionem
1890 946 1983 983 ve-

290 1032 355 1069 ro
390 1015 523 1070 ﬁdei
555 1015 887 1084 retinentes,
930 1019 1029 1071 sed
1088 1018 1453 1088 professionis
1478 1034 1654 1088 opera
1705 1034 1817 1072 non
1883 1019 1983 1072 ba-

288 1104 509 1171 bentes,
541 1105 1057 1176 redarguuntur‘jut
1099 1112 1356 1176 pereant.
1391 1107 1497 1171 Qui
1529 1123 1661 1160 vero
1695 1123 1798 1160 nec
1854 1106 1986 1161 ﬁdei

289 1199 646 1247 sacramenta
668 1198 998 1262 tenuerunt,
1031 1195 1483 1264 increpationem
1521 1194 1733 1265 judicis
1782 1194 1840 1248 in
1880 1211 1983 1248 ex-

289 1285 472 1334 trema
501 1282 925 1337 examinatione
949 1299 1061 1336 non
1097 1283 1380 1337 audiunt:
1412 1283 1550 1355 quia
1598 1283 1980 1354 praejudican-

287 1372 383 1423 tur
418 1369 774 1424 inﬁdelitatis
799 1387 917 1425 sua:
950 1371 1220 1433 tenebris,
1254 1372 1377 1442 ejus
1406 1389 1580 1443 quem
1611 1372 1986 1443 despexerant

288 1456 612 1512 invectione
645 1459 911 1531 redargui
943 1477 1058 1514 non
1088 1466 1401 1514 merentur.
1442 1461 1528 1514 Illi
1567 1460 1768 1514 saltem
1816 1461 1985 1515 verba

281 1545 491 1616 jndicis
512 1547 774 1613 audiunt,
817 1549 913 1619 qui
938 1550 1059 1618 ejus
1102 1550 1232 1603 ﬁdei
1263 1550 1433 1602 verba
1489 1554 1846 1603 tenuerunt:
1891 1549 1985 1603 isti

286 1632 347 1687 in
370 1634 742 1688 damnatione
774 1652 877 1689 sua
906 1636 1108 1691 aeterni
1147 1636 1360 1706 judicis
1408 1652 1513 1690 nec
1573 1637 1744 1691 verba
1796 1636 1980 1707 perci-

286 1721 474 1792 piunt,
508 1722 643 1792 quia
704 1724 828 1793 ejus
881 1725 1259 1778 reverentiam
1311 1740 1415 1778 nec
1468 1724 1639 1779 verba
1670 1731 1837 1779 tenus
1864 1741 1980 1779 ser-

285 1825 419 1863 vare
482 1810 833 1865 maluerunt.
898 1812 985 1865 Illi
1062 1812 1320 1882 legaliter
1375 1818 1637 1883 pereunt,
1706 1814 1838 1884 quia
1878 1812 1984 1867 sub

285 1897 413 1967 lege
441 1897 613 1968 positi
672 1905 1084 1968 peccaverunt:
1120 1900 1244 1954 istis
1299 1900 1358 1955 in
1411 1901 1732 1972 perditione
1780 1918 1883 1955 sua
1914 1902 1983 1955 de

284 1985 414 2057 lege
448 1985 590 2040 nihil
654 1987 882 2051 dicitur,
936 1988 1070 2059 quia
1122 1988 1269 2043 nihil
1324 1989 1469 2059 legis
1522 1989 1733 2044 habere
1794 1989 1983 2043 conati

286 2079 440 2129 sunt.

501 2145 631 2201 CAP.
668 2146 725 2201 C.
753 2176 815 2186 -—
844 2147 1000 2212 Quod
1010 2163 1197 2272 (ignes
1219 2148 1463 2272 thomines
1491 2163 1772 2216 resurgere

1114 2234 1213 2272 ean
1247 2260 1257 2271 .

1114 2234 1257 2272 eam.

356 2306 620 2371 (August.
655 2305 791 2359 dicit
824 2306 859 2373 ε)
887 2305 1154 2361 Omnium
1180 2307 1483 2361 hominum
1508 2307 1613 2361 erit
1643 2307 1982 2361 resurrectio

285 2390 344 2446 Si
378 2392 638 2447 omnium
695 2394 823 2460 erit,
883 2410 1020 2464 ergo
1070 2411 1269 2449 omnes
1326 2395 1673 2460 moriuntur,
1716 2399 1778 2449 ut
1831 2412 1982 2450 mors

285 2479 347 2533 in
371 2480 551 2534 Adam
604 2481 757 2545 data,
817 2482 1083 2535 omnibus
1138 2482 1262 2554 ejus
1317 2484 1448 2537 ﬁliis
1507 2484 1886 2539 dominetur:
1929 2489 1985 2538 et

287 2574 519 2623 maneat
556 2570 697 2624 illud
749 2571 1113 2641 privilegium
1145 2572 1203 2625 in
1254 2572 1518 2641 Domino,
1580 2572 1731 2644 quod
1788 2573 1858 2627 de
1913 2590 1981 2626 eo

286 2657 612 2729 specialiter
641 2658 848 2711 dicitur
880 2675 893 2712 :
935 2660 1056 2713 Non
1084 2659 1245 2713 dabis
1271 2666 1528 2715 sanctum
1576 2665 1741 2714 tuum
1790 2659 1982 2713 videre

284 2747 736 2816 corruptionem.
818 2749 973 2803 Hanc
1063 2749 1349 2803 rationem
1419 2748 1669 2803 maxima
1749 2749 1982 2802 Patrum

284 2834 455 2889 turba
508 2835 769 2890 tradente
822 2836 1197 2907 suscepimus.
1252 2837 1484 2905 Verum,
1543 2836 1678 2907 quia
1736 2840 1870 2889 sunt
1928 2839 1983 2889 et

2095 511 2250 558 ratus
2271 509 2357 559 est
2386 503 2615 558 diabolo
2642 507 2703 556 et
2738 500 2955 571 angelis
3007 501 3150 572 ejus.

2098 627 2227 683 CAP.
2274 628 2409 684 Clll.
2462 657 2530 667 —
2572 624 2729 690 Quod
2784 626 3104 680 resurrectio
3152 626 3274 693 ﬁeri
3318 624 3511 678 debeat
3543 626 3602 679 in
3641 630 3807 679 aetate

2200 702 2456 767 perfectae
2477 699 2804 767 juventutis,
2839 711 2959 767 qua:
2992 697 3242 765 profectu
3277 710 3382 750 non
3416 696 3691 761 indigeat.

2167 803 2277 875 (Ea:
2308 805 2471 858 dictis
2511 803 2760 870 Isiduri.)
2810 801 3106 856 Inchoatio
3143 800 3295 871 pacis
3344 807 3679 854 sanctorum
3713 805 3801 853 est

2095 891 2152 945 in
2196 894 2300 945 hac
2328 892 2440 944 vita
2472 906 2586 944 non
2622 890 2914 961 perfectio.
2943 890 3099 944 Tunc
3128 894 3316 942 autem
3349 888 3461 942 erit
3490 889 3798 959 plenitudo

2096 980 2269 1049 pacis,
2304 978 2441 1033 dum
2463 979 2534 1033 ad
2570 978 2668 1032 Dei
2697 978 3259 1046 contemplationem,
3298 976 3571 1046 absorpta
3610 977 3802 1029 carnis

2095 1067 2449 1134 inﬁrmitate,
2483 1066 2891 1119 convaluerint.
2928 1066 3289 1120 Resurrectio
3322 1070 3713 1129 mortuorum,
3737 1069 3800 1118 ut

2092 1156 2395 1226 Apostolus
2420 1156 2517 1220 ait,
2546 1155 2604 1209 in
2637 1154 2822 1207 virum
2855 1154 3171 1223 perfectum
3203 1152 3263 1207 in
3302 1168 3638 1207 mensuram
3670 1158 3801 1205 aeta-

2096 1244 2169 1296 tis
2191 1242 2567 1312 plenitudinis
2599 1241 2806 1296 Christi
2853 1242 3046 1295 fntnra
3074 1247 3208 1295 est:
3260 1241 3316 1295 in
3364 1246 3536 1295 aetate
3589 1242 3799 1295 scilicet

2087 1331 2409 1402 juventntis
2439 1347 2571 1402 quae
2603 1330 2862 1401 profectu
2904 1346 3018 1383 non
3055 1330 3293 1400 indiget,
3350 1334 3408 1383 et
3453 1330 3677 1400 absque
3710 1329 3795 1383 in-

2096 1420 2405 1474 clinatione
2439 1420 2692 1472 defectus
2742 1418 2800 1471 in
2850 1417 3195 1488 perfectione
3226 1432 3291 1470 ex
3341 1423 3591 1488 utraque
3634 1424 3790 1487 parte

2095 1514 2151 1561 et
2178 1509 2351 1579 plena
2381 1512 2464 1561 est
2495 1512 2550 1561 et
2591 1507 2841 1561 robusta.
2892 1506 3162 1571 Quamvis
3195 1522 3345 1559 nunc
3401 1506 3661 1559 ﬁliorum
3699 1507 3794 1560 Dei

2094 1597 2329 1652 nomine
2360 1597 2621 1650 homines
2655 1595 2849 1650 ﬁdeles
2891 1601 3184 1660 vocentur,
3216 1600 3409 1649 tamen
3439 1611 3506 1649 ex
3537 1612 3608 1648 eo
3641 1597 3792 1666 quod

2013 1687 2056 1741 Β
2093 1686 2239 1740 hanc
2268 1684 2598 1739 servitutem
2631 1684 3014 1755 corruptionis
3053 1684 3370 1753 patiuntur,
3422 1684 3612 1737 adhuc
3653 1685 3791 1757 jugo

2096 1774 2384 1829 servitutis
2411 1773 2623 1827 addicti
2671 1778 2849 1827 sunt:
2901 1772 3190 1847 accepturi
3237 1773 3467 1843 plenam
3538 1772 3790 1828 ﬁliorum

2100 1864 2199 1918 Dei
2230 1862 2573 1929 libertatem,
2600 1862 2735 1917 dum
2768 1861 3139 1933 corruptibilc
3169 1862 3277 1916 hoc
3308 1861 3565 1915 induerit
3604 1862 3788 1916 incor-

2092 1951 2440 2023 ruptionem.
2480 1953 2641 2005 Nunc
2670 1951 2813 2004 Dens
2844 1965 2945 2021 per
2973 1949 3270 2020 speculum
3326 1948 3699 2019 agnoscitur:
3731 1949 3788 2002 in

2091 2038 2287 2094 futuro
2311 2045 2501 2092 autem
2553 2039 2796 2109 quisque
2856 2040 3066 2091 electus
3096 2036 3239 2090 facie
3267 2036 3337 2090 ad
3392 2036 3601 2090 faciem
3643 2053 3789 2106 pre-

2093 2128 2432 2196 sentebitur,
2472 2132 2535 2181 nt
2580 2128 2764 2196 ipsam
2805 2126 3052 2197 speciem
3110 2127 3554 2196 contempletur,
3620 2142 3785 2197 quam

2092 2233 2246 2271 nunc
2275 2233 2379 2288 per
2416 2217 2709 2285 speculum
2758 2216 2951 2270 videre
2986 2220 3246 2269 conatur.
3280 2214 3345 2268 In
3376 2215 3484 2268 hac
3514 2214 3638 2268 vita
3687 2214 3791 2268 ele-

2092 2310 2313 2360 ctorum
2344 2320 2650 2359 numerum
2683 2304 2754 2357 ad
2802 2305 3089 2357 dexteram
3134 2302 3573 2370 pertinentium,
3627 2309 3683 2357 et
3712 2319 3791 2357 re-

2091 2393 2405 2465 proborum
2438 2393 2538 2464 qui
2567 2392 2637 2446 ad
2670 2391 2956 2446 sinistram
2995 2390 3129 2445 ituri
3157 2395 3311 2457 sunt,
3346 2391 3654 2445 Ecelesiam
3695 2392 3789 2446 Dei

2091 2481 2368 2552 compleri
2401 2498 2414 2535 :
2447 2481 2509 2536 in
2538 2480 2651 2535 ﬁne
2682 2486 2872 2534 autem
2908 2479 3103 2535 seculi
3131 2478 3408 2533 zizaniam
3436 2496 3472 2534 a
3499 2480 3790 2534 frumento

2091 2569 2363 2641 disjungi.

2093 2678 2219 2731 CAP.
2252 2675 2379 2730 CIV.
2412 2704 2486 2716 —
2525 2673 2679 2743 Quod
2720 2673 3004 2727 districtus
3032 2671 3209 2726 Judea:
3241 2671 3315 2725 ad
3365 2671 3657 2740 judicium
3707 2688 3795 2726 re-

2196 2750 2350 2801 niens
2377 2751 2707 2815 peccatorem
2731 2744 2935 2807 videat,
2967 2748 3030 2799 ut
3056 2745 3246 2808 feriat,
3273 2758 3380 2797 non
3404 2748 3464 2796 ut
3490 2745 3687 2797 satvet.

2162 2851 2413 2923 (Grego'r.
2446 2853 2504 2904 in
2524 2853 2638 2905 suis
2673 2851 2865 2905 Moral.
2903 2850 3038 2903 dicit
3070 2847 3108 2920 :)
3138 2850 3203 2902 In
3231 2848 3515 2919 judicium
3556 2848 3791 2920 quidem

284 2922 387 2977 alii
442 2938 607 2993 mque
665 2922 949 2989 θθίδοΙίοίν
1004 2928 1061 2978 9t
1119 2924 1327 2978 eruditi
1378 2924 1507 2986 νίτίς
1565 2924 1664 2996 qni
1718 2924 1979 2991 credunt»
2013 2961 2055 3017 ρ
2095 2922 2369 2995 Dominus
2420 2939 2658 2993 veniens
2716 2941 3072 3009 peccatorem
3118 2937 3276 2991 videt
3317 2943 3381 2990 ut
3448 2936 3638 3005 feriat,
3694 2937 3790 2991 sed

284 3009 478 3064 anima
505 3010 563 3065 in
594 3027 833 3081 corpore
867 3017 1153 3079 manente,
1204 3012 1595 3067 immutandos
1623 3012 1690 3067 ad
1748 3028 1982 3083 corrup-

284 3096 502 3151 tionem
530 3103 587 3152 et
632 3098 1127 3154 immortalitatem
1178 3115 1272 3154 eos
1322 3101 1506 3171 quiin
1563 3101 1809 3155 adventu
1871 3101 1981 3154 Do-

288 3186 433 3241 mini
466 3186 578 3240 vivi
608 3186 938 3241 inveniendi
990 3193 1147 3256 snnt,
1179 3194 1236 3242 et
1286 3188 1396 3242 hoc
1448 3189 1531 3242 eis
1581 3189 1837 3259 reputari
1876 3205 1981 3260 pro

288 3274 709 3329 resurrectione
739 3291 804 3329 ex
834 3275 1100 3340 mortuis,
1142 3275 1301 3346 quod
1330 3277 1732 3331 mortalitatem
1771 3276 1982 3332 immu-

289 3363 506 3418 tatione
563 3362 860 3431 deponant
916 3379 1030 3417 non
1072 3369 1336 3428 mortem,
1392 3364 1650 3435 quolibet
1707 3364 1836 3437 quis
1885 3380 1983 3420 ac-

290 3451 546 3520 qniescat
576 3452 747 3505 modo
786 3467 900 3504 non
960 3452 1280 3518 haereticus,
1335 3452 1445 3506 nisi
1492 3453 1550 3506 in
1604 3454 1983 3508 conventione

290 3537 592 3593 haereticus
621 3538 737 3595 ﬁat.
774 3538 993 3594 Sufﬁcit
1023 3540 1174 3594 enim
1198 3540 1256 3595 in
1292 3540 1555 3596 Ecclesiaz
1592 3542 1736 3612 lege,
1798 3542 1985 3597 carnis

290 3625 769 3680 resurrectionem
799 3627 1031 3680 credere
1053 3627 1177 3681 ﬁeri
1209 3628 1278 3681 de
1319 3632 1519 3683 morte.

754 3716 882 3770 CAP.
909 3716 994 3769 CI.
1028 3746 1097 3757 —
1133 3718 1209 3770 De
1237 3717 1422 3772 eadem
1444 3733 1521 3772 re.

361 3805 513 3874 (Item
545 3804 719 3874 Aug.)
750 3804 911 3868 Quod
957 3810 1146 3859 autem
1198 3805 1441 3860 dicimus
1485 3806 1544 3859 in
1602 3806 1891 3875 Symbolo,
1926 3808 1983 3862 in

290 3891 537 3945 adventu
567 3891 796 3945 Domini
852 3892 1008 3945 vivos
1057 3897 1114 3946 et
1172 3898 1432 3947 mortuos
1473 3893 1837 3963 jndicandos,
1871 3912 1985 3951 non

283 3979 471 4050 justos
501 3985 726 4035 tantum
755 3997 819 4035 ac
844 3987 1170 4052 peccatores
1207 3982 1478 4053 judicari,
1525 3983 1670 4037 sicut
1705 3983 1985 4038 Diodorus

292 4067 604 4137 signiﬁcari
643 4073 826 4138 putat,
862 4069 961 4123 sed
1009 4064 1166 4123 vivos
1219 4086 1317 4125 eos
1348 4070 1450 4142 qui
1503 4070 1562 4125 in
1616 4087 1784 4126 carne
1821 4072 1983 4128 inve-

290 4155 639 4211 niendisunt
682 4157 839 4211 dicit.
891 4156 1036 4220 Quia
1076 4157 1147 4212 ad
1209 4158 1316 4213 hoc
1363 4159 1627 4213 morituri
1649 4160 1981 4223 creduntur,

289 4244 374 4297 vel
408 4244 776 4312 immutandi,
806 4243 951 4297 sicut
981 4244 1078 4299 alii
1137 4247 1337 4300 volunt
1377 4262 1390 4300 :
1426 4251 1487 4301 ut
1509 4247 1761 4302 suscitati
1790 4248 1981 4301 conti-

290 4348 408 4387 nuo
439 4335 524 4386 vel
558 4332 903 4386 reformatia
939 4335 1200 4399 mortuis,
1228 4335 1578 4405 judicentur.

292 4421 418 4476 CAP.
442 4420 555 4473 Cll.
595 4449 667 4459 —
696 4420 849 4485 Quod
893 4423 1076 4488 angeli
1102 4428 1385 4491 apostata’,
1434 4429 1485 4478 et
1538 4426 1701 4491 impii
1748 4425 1984 4480 homines

358 4494 482 4559 post
505 4495 769 4566 tormenta
795 4494 957 4566 quasi
983 4495 1269 4564 suppliciis
1317 4498 1632 4564 expurgati.
1681 4511 1787 4551 non
1812 4496 1988 4566 justo-

362 4574 488 4614 rum
514 4562 767 4614 societate
794 4562 1079 4619 donentur.

362 4649 521 4717 (Item
548 4647 717 4718 Aug.)
749 4651 883 4703 Post
910 4653 1383 4708 resurrectionem
1412 4660 1469 4709 et
1517 4653 1827 4725 judicium,
1867 4668 1986 4708 non

292 4736 593 4792 credamus
634 4738 1113 4793 resurrectionem
1160 4740 1435 4806 futuram,
1495 4755 1668 4811 quam
1711 4740 1986 4810 Origenes

292 4825 517 4892 delirat,
551 4831 616 4880 ut
645 4826 934 4881 demones
960 4828 1045 4882 vel
1080 4829 1242 4899 impii
1263 4827 1544 4894 homines,
1576 4835 1705 4897 post
1731 4834 1983 4885 tormen-

291 4913 535 4983 taquasi
566 4915 866 4983 suppliciis
927 4916 1246 4985 expurgati,
1289 4915 1376 4968 vel
1428 4913 1513 4968 illi
1558 4914 1618 4968 in
1667 4916 1986 4987 angelicam

291 5017 406 5071 qua
436 5002 612 5056 creati
644 5010 777 5057 sunt
809 5003 1047 5058 redeant
1082 5003 1448 5072 dignitatem,
1504 5003 1590 5056 vel
1639 5002 1839 5073 iujusti
1884 5003 1981 5074 ju-

292 5094 509 5144 storum
533 5086 804 5146 societate
829 5092 1143 5157 donentur,
1174 5107 1243 5145 eo
1274 5091 1425 5161 quod
1467 5090 1573 5146 hoc
1612 5092 1818 5147 divina:
1846 5109 1986 5147 con-

291 5178 485 5232 veniat
513 5178 739 5249 pietati,
773 5196 845 5235 ne
868 5178 1005 5250 quid
1036 5194 1105 5234 ex
1138 5179 1574 5234 rationabilibus
1608 5185 1801 5250 pereat
1824 5196 1985 5235 crea-

294 5263 459 5333 turis,
489 5268 583 5322 sed
615 5269 875 5339 quolibet
920 5268 1088 5323 modo
1144 5269 1451 5323 salventur.
1509 5269 1617 5325 Sed
1651 5285 1757 5323 nos
1794 5269 1988 5323 creda-

293 5371 422 5409 mus
455 5355 565 5425 ipsi
589 5356 765 5427 judici
793 5357 1051 5411 omnium
1093 5365 1145 5410 et
1177 5356 1510 5413 retributori
1544 5357 1722 5426 justo,
1763 5356 1862 5429 qui
1895 5358 1986 5411 di-

292 5443 377 5499 xit
408 5465 422 5498 ε
448 5444 621 5499 Ibunt
643 5445 809 5516 impii
846 5445 907 5499 in
932 5445 1278 5517 supplicium
1309 5445 1766 5517 asternum,justi
1794 5451 1985 5500 autem

289 5533 351 5588 in
375 5533 551 5588 vitam
592 5538 870 5588 mternam
904 5550 919 5586 :
979 5539 1043 5589 ut
1071 5535 1393 5606 percipiant
1448 5532 1695 5589 fructum
1745 5549 1985 5604 operum

2091 3044 2208 3082 non
2240 3028 2394 3081 videt
2449 3031 2513 3080 ut
2545 3028 2613 3081 ad
2669 3025 3026 3098 largiendam
3073 3025 3271 3080 salutis
3323 3025 3571 3096 gratiam
3626 3042 3789 3080 reco-

2090 3121 2345 3188 gnoscat.
2405 3115 2617 3187 Culpas
2673 3116 2997 3169 examinat:
3064 3120 3120 3169 et
3179 3113 3356 3169 vitam
3414 3114 3788 3185 pereuntium

2091 3203 2335 3276 ignorat.

2091 3329 2221 3384 CAP.
2256 3329 2360 3384 CV.
2412 3358 2479 3368 —
2522 3327 2681 3393 Quod
2724 3330 2867 3383 Deus
2907 3326 2982 3380 ad
3020 3326 3297 3393 judicium
3332 3327 3522 3380 veniat
3577 3327 3653 3380 ad
3710 3328 3792 3392 fe-

2231 3399 2483 3455 riendum
2509 3398 2720 3465 videns,
2750 3403 2802 3453 et
2829 3397 2904 3452 ad
2931 3398 3258 3452 saltandum
3286 3412 3394 3450 non
3433 3397 3648 3451 uidens.

2162 3507 2412 3576 (Gregor.
2446 3507 2505 3560 in
2533 3507 2647 3560 suis
2677 3505 2869 3559 Morat.
2911 3503 3047 3558 dicit
3070 3506 3108 3570 :)
3160 3503 3455 3557 Districtus
3482 3503 3665 3557 Index
3725 3504 3795 3557 ad

2086 3593 2368 3665 judicium
2398 3592 2608 3659 veniet,
2637 3599 2695 3646 et
2715 3594 2783 3647 ad
2815 3591 3149 3646 satvandum
3182 3606 3294 3644 non
3335 3591 3559 3657 videns,
3611 3592 3683 3645 ad
3716 3593 3795 3646 fe-

2090 3681 2356 3735 riendum
2386 3681 2582 3735 videns
2616 3696 2629 3734 :
2663 3680 2800 3751 quia
2829 3694 3001 3750 quem
3032 3679 3093 3733 in
3117 3679 3387 3750 praesenti
3419 3678 3533 3732 vita
3563 3679 3793 3751 dispen-

2093 3769 2331 3826 sationis
2358 3786 2475 3824 suaa
2523 3769 2887 3824 miseratione
2943 3784 3061 3822 non
3114 3766 3359 3838 respicit,
3438 3767 3799 3837 respiciendo

2093 3858 2459 3929 postmodum
2486 3874 2588 3928 per
2605 3857 2891 3928 justitiam
2921 3856 3225 3928 extinguit.
3262 3857 3425 3910 Nunc
3455 3856 3617 3909 enim
3661 3872 3798 3926 pec-

2092 3953 2249 4001 cator
2273 3946 2519 4018 quisque
2550 3946 2687 3999 dum
2715 3961 2835 3999 non
2878 3945 3105 4012 metuit,
3143 3951 3202 3997 et
3240 3942 3396 4004 vivit.
3429 3949 3490 3997 et
3532 3944 3797 4015 blasphe—

2092 4041 2212 4090 mat
2254 4041 2312 4088 et
2367 4033 2647 4104 proﬁcit:
2710 4033 2849 4104 quia
2894 4034 3111 4087 scilicet
3170 4031 3501 4086 misericors
3562 4034 3797 4087 Creator

2092 4138 2265 4195 quem
2292 4121 2642 4193 expectando
2673 4121 2795 4176 vult
2821 4121 3129 4191 corrigere,
3164 4120 3500 4190 aspiciendo
3528 4137 3649 4176 non
3681 4123 3798 4175 vult

2011 4239 2054 4293 Β
2093 4211 2334 4282 punire;
2390 4212 2535 4265 sicut
2588 4208 2867 4280 scriptum
2925 4211 3069 4263 est:
3127 4206 3512 4262 Dissimulans
3568 4214 3795 4279 peccata

2091 4300 2398 4355 hominum
2447 4302 2682 4371 propter
2725 4297 3141 4363 paenitentiam.
3192 4296 3297 4351 Sed
3354 4301 3498 4351 tunc
3526 4305 3794 4367 peccator

2093 4402 2224 4443 cum
2255 4387 2557 4459 respicitur
2593 4402 2709 4440 non
2759 4385 3066 4439 subsistit:
3128 4383 3263 4455 quia
3306 4399 3442 4438 cum
3505 4385 3795 4439 districtus

2091 4476 2268 4532 .Iudex
2337 4475 2540 4530 merita
2591 4472 2877 4528 subtiliter
2915 4473 3175 4543 inquirit,
3225 4486 3316 4526 res
3374 4472 3446 4527 ad
3503 4478 3791 4528 tormenta

2094 4580 2212 4620 non
2245 4564 2474 4619 sufﬁcit.
2507 4562 2775 4628 Quamvis
2796 4561 2906 4616 hoc
2943 4561 3116 4615 etiam
3152 4561 3449 4630 justorum
3484 4562 3611 4615 voci
3655 4579 3791 4617 con-

2095 4653 2292 4724 gruit:
2326 4667 2571 4724 quorum
2605 4666 2767 4704 meus
2804 4665 3032 4721 semper
3079 4648 3323 4703 sollicita
3365 4653 3612 4704 venturo
3657 4667 3791 4704 exa-

2095 4741 2241 4795 mini
2270 4739 2536 4794 intendit.
2569 4738 2751 4794 Omne
2781 4738 2934 4792 enim
2954 4736 3104 4808 quod
3126 4744 3308 4807 agunt
3325 4742 3620 4801 metuunt,
3655 4739 3789 4792 dum

2095 4834 2259 4884 caute
2279 4828 2664 4889 considerant,
2711 4832 2843 4880 ante
2890 4832 3172 4898 quantum
3218 4825 3493 4919 judi-cenéF
3536 4827 3788 4881 stabunt.

2096 4917 2399 4970 Intuentur
2424 4914 2737 4985 potentiam
2770 4912 2926 4966 illius
2971 4911 3407 4983 magnitudinis,
3449 4911 3506 4965 ἐι
3547 4918 3796 4983 pensant

2098 5014 2315 5075 quanto
2362 5010 2526 5057 reatu
2580 5000 2871 5055 constricti
2921 5007 3054 5055 sunt
3109 5000 3357 5071 propria:
3414 5001 3791 5056 inﬁrmitatis.

2096 5094 2453 5148 Ennmerant
2478 5091 2626 5144 mlta
2652 5088 2876 5161 proprii
2906 5087 3116 5159 operis,
3148 5096 3205 5143 et
3224 5096 3425 5142 contra
3457 5088 3582 5143 haec
3620 5105 3793 5159 exag-

2098 5187 2302 5250 gerant
2339 5179 2492 5232 bona
2534 5178 2735 5247 gratia:
2776 5177 3129 5232 Conditoris.
3185 5175 3565 5231 Considerant
3626 5192 3798 5247 prava

2097 5284 2273 5339 quam
2296 5266 2547 5321 districte
2574 5266 2813 5335 judicet,
2846 5264 3000 5319 bona
3053 5280 3230 5336 opera
3278 5280 3453 5335 quam
3505 5265 3799 5319 subtiliter

2097 5363 2335 5426 penset:
2362 5359 2418 5409 et
2439 5353 2720 5425 perituros
2738 5368 2796 5406 se
2817 5351 3034 5423 absque
3060 5351 3437 5422 ambiguitate
3457 5352 3792 5422 prmsciunt,

2098 5442 2145 5498 si
2175 5449 2392 5497 remota
2422 5444 2631 5513 pietate
2656 5440 3006 5510 judicentur.
3047 5439 3191 5505 Quia
3235 5441 3342 5494 hoc
3398 5440 3591 5511 ipsum
3654 5457 3797 5511 quo-

2094 5548 2209 5604 que
2241 5531 2395 5603 quod
2421 5533 2577 5603 juste
2610 5529 2871 5584 videmur
2902 5530 3110 5594 vivere,
3159 5530 3328 5598 culpa
3377 5533 3483 5594 est,
3514 5528 3562 5582 si
3618 5530 3794 5584 vitam
