4010 6194
242 282 259 332 I
279 281 381 332 O57

241 490 441 543 cordia
474 505 585 541 non
610 489 861 541 excusat.

242 577 372 627 Car.
411 576 542 628 CVI.
576 606 643 613 —
675 572 831 641 Quod
853 578 910 651 in
961 574 1066 651 die?
1087 577 1293 651 iudicii
1332 580 1435 633 duo
1465 583 1679 636 ordines
1728 585 1785 636 in
1826 599 1959 651 qna-

859 647 987 696 tuor
1007 647 1350 702 dividuntur.

317 737 428 799 (Ea:
457 734 618 788 dictis
638 733 891 797 Isidori.)
930 734 1065 787 Duae
1112 744 1244 789 sunt
1274 738 1610 793 dili‘erentiie
1666 743 1751 795 vel
1802 742 1957 795 ordi-

242 838 347 875 nes
382 822 683 875 hominum
711 824 763 875 in
786 820 1023 890 judicio,
1062 824 1163 876 hoc
1196 832 1299 891 est,
1324 828 1638 881 electorum
1674 835 1731 882 et
1763 845 1956 898 repro-

242 916 478 964 horum.
515 912 621 975 Qui
657 919 847 965 tamen
878 910 1219 965 dividuntur
1258 914 1315 967 in
1350 922 1616 985 quatuor.
1679 920 1958 972 Perfecto-

244 1017 377 1054 rum
415 1000 554 1054 ordo
588 1017 734 1052 unus
783 1004 887 1064 est,
952 1000 1053 1069 qui
1101 1017 1229 1055 cum
1266 1003 1377 1056 Deo
1416 1004 1655 1073 judicat,
1708 1012 1763 1060 et
1809 1008 1953 1060 alius

245 1090 347 1159 qui
373 1089 688 1158 judicatur.
727 1090 963 1158 Utrique
992 1095 1187 1143 tamen
1212 1107 1341 1145 cum
1370 1093 1589 1147 Christo
1613 1096 1952 1167 regnabunt.

240 1178 527 1231 Similiter
557 1178 696 1230 ordo
727 1177 1115 1247 reproborum
1148 1179 1361 1247 pariter
1392 1183 1448 1234 in
1494 1184 1609 1235 duo
1644 1199 1656 1236 :
1708 1185 1841 1237 dum
1898 1184 1957 1237 hi

239 1264 345 1333 qui
380 1264 530 1318 intra
557 1264 860 1318 Ecclesiam
888 1270 1021 1318 sunt
1043 1264 1199 1329 mali,
1224 1267 1519 1334 judicandi
1547 1276 1701 1337 sunt,
1725 1276 1781 1323 et
1802 1270 1958 1324 dam-

238 1353 446 1405 nandi.
500 1352 607 1416 Qui
672 1368 809 1405 vero
856 1360 1015 1405 extra
1060 1354 1365 1409 Ecclesiam
1419 1357 1751 1411 inveniendi
1800 1365 1951 1425 sunt,

238 1456 361 1494 non
395 1444 529 1492 sunt
575 1439 899 1508 judicandi,
953 1440 1049 1493 sed
1104 1446 1295 1495 tamen
1346 1443 1680 1498 damnandi.
1733 1445 1956 1499 Primus

237 1528 427 1597 igitur
459 1543 657 1579 eorlim
689 1527 832 1580 ordo
866 1528 965 1597 qui
986 1528 1340 1597 judicantnr,
1374 1537 1429 1584 et
1460 1539 1725 1601 pereunt,
1773 1550 1950 1603 oppo-

237 1617 403 1669 nitur
426 1616 507 1669 illi
541 1615 733 1669 ordini
768 1616 1049 1669 bonorum
1084 1617 1153 1669 de
1185 1634 1300 1688 quo
1332 1624 1465 1672 sunt
1495 1620 1593 1690 qui
1621 1621 1955 1690 judicantur

237 1711 296 1758 et
332 1709 593 1774 regnant.
632 1704 937 1757 Secundus
990 1706 1129 1757 ordo
1188 1723 1387 1760 eorum
1422 1708 1523 1778 qui
1554 1725 1671 1761 non
1695 1708 1955 1778 judican-

238 1799 358 1860 tur,
397 1800 451 1846 et
497 1798 763 1862 pereunt,
823 1794 1136 1863 opponitur
1186 1795 1272 1849 illi
1322 1796 1515 1850 ordini
1570 1796 1955 1867 perfecturum

241 1883 345 1953 qui
375 1886 509 1934 sunt
540 1882 594 1934 lii
627 1881 725 1951 qui
764 1898 880 1933 non
926 1881 1279 1950 judicantur,
1313 1888 1370 1936 et
1423 1891 1684 1955 regnant.
1735 1886 1957 1940 Tertius

241 1971 391 2025 ordo
424 1985 620 2023 eorum
652 1969 753 2039 qui
807 1969 1143 2039 judicantur
1191 1977 1245 2024 et
1288 1979 1543 2044 regnant
1579 1989 1591 2026 :
1627 1974 1708 2026 illi
1766 1975 1957 2028 ordini

240 2059 565 2112 contrarius
598 2064 679 2111 est
710 2059 783 2111 de
812 2074 926 2128 quo
948 2064 1076 2111 sunt
1106 2060 1202 2130 qui
1228 2061 1291 2130 ju
1320 2062 1577 2116 iicantur
1610 2067 1666 2115 et
1692 2070 1953 2132 pereunt.

239 2148 493 2211 Quartus
531 2146 665 2200 ordo
698 2162 901 2199 eorum
935 2146 1031 2216 qui
1060 2163 1171 2200 non
1197 2147 1549 2217 judicautur
1595 2156 1651 2204 et
1692 2158 1955 2221 regnant,

242 2237 557 2307 opponitur
587 2237 667 2290 illi
696 2236 986 2289 contrario
1022 2237 1208 2289 ordini
1243 2241 1348 2309 qui
1384 2242 1467 2295 illi
1502 2246 1639 2295 sunt
1689 2242 1787 2311 qui
1842 2259 1958 2296 non

237 2326 574 2396 judicautur
604 2331 660 2378 et
686 2330 950 2395 pereunt.
986 2324 1220 2379 Gemina
1255 2329 1505 2396 punitur
1535 2330 1822 2383 sententia
1850 2332 1957 2385 im-

247 2416 378 2485 pius
413 2431 425 2467 :
459 2414 592 2467 dum
624 2419 723 2467 aut
770 2413 861 2466 hic
906 2429 1008 2482 pro
1042 2413 1156 2465 suis
1189 2417 1410 2469 meritis
1463 2418 1673 2471 mentis
1705 2421 1958 2472 caecitate

248 2502 566 2575 percutitur
590 2519 661 2557 ne
694 2502 990 2555 veritatem
1024 2502 1228 2568 videat,
1257 2511 1361 2558 aut
1387 2506 1523 2559 dum
1561 2507 1620 2559 in
1650 2506 1765 2559 ﬁne
1797 2506 1959 2560 dam-

250 2592 486 2645 nabitur
515 2598 577 2644 ut
603 2590 823 2645 debitas
856 2606 1051 2659 pwnas
1074 2592 1343 2646 exsolvat.

250 2682 381 2736 CAP.
420 2707 490 2723 —
521 2680 673 2733 CVII.
700 2679 851 2748 ()uod
883 2679 1017 2730 liber
1060 2683 1182 2731 vitae
1210 2681 1281 2731 sit
1298 2683 1419 2748 ipsa
1446 2684 1589 2735 visio
1618 2681 1959 2737 advenientis

325 2751 536 2805 Iudicis
574 2766 587 2803 :
621 2753 752 2819 quia
791 2749 1064 2819 quidquid
1086 2752 1207 2816 quis
1228 2753 1439 2819 fecerit,
1477 2757 1601 2821 ipso
1631 2756 1746 2805 viso
1771 2758 1962 2809 statim

330 2824 612 2887 intelliget.

332 2912 579 2977 (Gregor.
606 2912 662 2961 in
692 2910 804 2963 suis
834 2910 1021 2963 Moral.
1052 2908 1185 2960 dicit
1215 2909 1258 2974 τ)
1303 2909 1452 2963 Libri
1488 2912 1674 2981 aperti
1701 2917 1853 2980 sunt,
1906 2919 1961 2968 et

258 2999 407 3052 alius
440 2998 582 3050 liber
611 3004 845 3067 apertus
874 3000 960 3048 est
998 2995 1098 3065 qui
1127 3001 1210 3048 est
1243 2997 1367 3051 vitae
1410 3015 1422 3051 :
1459 3006 1515 3051 et
1539 3000 1783 3069 judicati
1829 3008 1961 3057 sunt

254 3086 467 3140 mortui
500 3102 563 3138 ex
597 3085 684 3138 his
715 3102 843 3155 qua:
876 3086 1083 3155 scripta
1114 3091 1276 3137 erant
1308 3085 1566 3141 inlibris.
1607 3087 1773 3141 Liber
1790 3106 1951 3144 nam-

253 3192 369 3247 que
412 3174 540 3227 vita:
571 3180 655 3226 est
687 3173 809 3243 ipsa
861 3172 1002 3225 visio
1051 3172 1407 3227 advenientis
1450 3176 1682 3246 judicis.
1730 3177 1791 3231 In
1837 3196 1950 3250 quo

252 3265 419 3334 quasi
447 3262 720 3331 scriptum
753 3267 838 3314 est
870 3276 1041 3314 omne
1082 3262 1412 3317 mandatum
1449 3280 1461 3317 :
1498 3265 1634 3334 quia
1692 3267 1952 3339 quisquis

251 3368 388 3404 eum
444 3350 667 3415 viderit,
724 3366 858 3403 mox
908 3354 1061 3403 teste
1109 3351 1459 3404 conscientia
1505 3352 1787 3423 quidquid
1837 3373 1949 3409 non

250 3440 387 3493 fecit
416 3438 703 3508 intelligit.
761 3438 913 3491 Libri
966 3438 1135 3491 etiam
1188 3442 1371 3509 aperti
1413 3442 1780 3496 referuntur:
1816 3444 1952 3513 quia

244 3529 537 3599 justorum
570 3532 703 3580 tunc
743 3528 855 3581 vita
894 3526 1260 3597 conspicitur,
1314 3528 1370 3581 in
1418 3528 1628 3598 quibus
1681 3532 1951 3585 mandata

250 3617 505 3671 ccelestia
540 3632 709 3686 opere
742 3615 1018 3685 impressa
1063 3621 1396 3669 cernuntur.
1437 3618 1497 3669 Et
1525 3616 1771 3685 judicati
1820 3625 1951 3674 sunt

249 3705 469 3759 mortui
496 3721 557 3757 ex
599 3704 685 3757 his
716 3721 842 3775 quae
886 3705 1095 3774 scripta
1145 3711 1308 3758 erant
1358 3706 1415 3759 in
1449 3706 1608 3758 libris
1642 3724 1653 3759 :
1708 3709 1842 3777 quia
1891 3711 1951 3763 in

252 3797 482 3846 ostensa
508 3790 620 3844 vita
643 3791 956 3861 justorum,
985 3792 1145 3860 quasi
1178 3792 1234 3846 in
1265 3793 1612 3860 expausione
1646 3793 1948 3863 librorum,

250 3880 456 3949 legunt
487 3879 698 3932 bonum
732 3880 882 3950 quod
917 3895 1085 3949 agere
1108 3880 1214 3950 ipsi
1249 3883 1563 3934 noluerunt
1596 3897 1607 3935 :
1643 3887 1813 3953 atque
1846 3902 1949 3937 eo-

252 3984 384 4022 rum
414 3968 509 4038 qui
542 3968 799 4021 fecernnt
830 3969 1253 4038 comparatione
1294 3970 1662 4024 damnantur.
1700 3973 1776 4025 Ne
1813 3990 1949 4044 ergo

254 4057 651 4127 unusquisque
686 4062 819 4110 tunc
852 4057 1047 4110 videns
1075 4075 1190 4123 eos,
1225 4060 1372 4127 quod
1408 4074 1523 4111 non
1556 4058 1689 4111 fecit
1719 4061 1946 4128 deﬂeat,

251 4161 405 4199 nunc
433 4146 491 4199 iu
525 4146 609 4199 eis
638 4148 789 4216 quod
830 4145 1111 4211 imitetur,
1163 4146 1422 4200 attendat
1453 4163 1465 4199 :
1501 4147 1652 4217 quod
1709 4149 1947 4219 quidam

248 4229 434 4284 facere
477 4247 591 4284 non
622 4234 860 4283 cessant.

1320 281 1699 341 CONCILIUM
1738 286 1807 339 IN
1848 286 2329 342 SALEGUNSTAT
2372 289 2703 344 HABITUM.

235 405 496 453 nostram
532 415 663 452 cum
698 395 941 467 judicat,
1000 397 1148 452 hanc
1189 403 1335 471 apud
1387 421 1445 458 se
1477 406 1671 461 divina
1726 407 1955 461 miseri-
1985 412 2025 463 Α

3628 294 3759 346 1058

2138 410 2265 463 CAP.
2299 411 2483 465 CVIII.
2511 440 2581 452 —
2606 414 2682 466 De
2710 414 2884 479 gloria
2903 416 3217 467 sanctorum
3249 418 3371 482 post
3393 414 3683 483 judicium.

2138 533 2246 597 (Ea:
2275 532 2439 587 dictis
2478 534 2719 603 Isidori.)
2764 535 2883 587 Non
2916 534 3083 589 faciet
3114 535 3170 589 in
3205 536 3457 590 futurum
3502 553 3597 591 cor
3647 537 3760 592 mi-

2068 636 2257 673 serum
2285 621 2575 690 justorum
2607 624 2999 692 compassione
3017 625 3417 678 damnatorum
3441 627 3753 680 condolen-

2066 708 2385 778 diaffcctio,
2421 712 2516 765 ubi
2547 718 2767 765 tantum
2802 713 2909 765 erit
2957 720 3281 767 sanctorum
3341 716 3407 767 de
3466 715 3562 768 Dei
3615 731 3755 768 con-

2068 799 2442 868 templatione
2486 801 2777 870 gaudium,
2835 807 2896 854 ut
2928 802 3170 855 tristitia:
3218 805 3409 856 nullus
3466 805 3759 857 tribuatur

2068 886 2356 941 introitus.
2381 887 2537 941 Sicut
2566 894 2927 958 comparatus
2957 889 3115 942 color
3148 891 3424 943 candidus
3452 891 3617 961 nigro
3662 908 3759 944 co-

2068 975 2176 1028 lori
2203 975 2273 1028 sit
2304 976 2615 1045 pulchrior,
2644 977 2723 1031 ita
2764 982 2819 1031 et
2860 984 3183 1031 sanctorum
3243 979 3467 1049 requies
3521 997 3759 1050 compa-

2068 1070 2187 1116 rata
2227 1063 2583 1118 damnationi
2640 1067 2917 1119 malorum
2954 1067 3247 1136 gloriosior
3301 1068 3425 1120 erit.
3489 1070 3764 1138 Sicutju-

2067 1150 2219 1203 stitia
2253 1151 2562 1221 iniustitiae,
2624 1152 2700 1205 sic
2750 1153 2924 1206 virtus
2977 1153 3125 1207 Vitio.
3181 1153 3391 1207 Crescit
3447 1171 3582 1223 ergo
3621 1172 3763 1209 san—

2066 1243 2283 1292 ctorum
2315 1240 2499 1308 gloria
2571 1240 2706 1294 dum
2740 1241 2928 1294 debita
2962 1241 3307 1295 damnantur
3352 1242 3516 1311 impii
3554 1259 3754 1313 poena.

2068 1326 2203 1378 Post
2248 1326 2726 1381 resurrectionem
2773 1329 2978 1381 sanctis
3032 1328 3091 1381 in
3148 1345 3317 1382 carne
3344 1330 3621 1399 piomissa
3667 1336 3761 1383 est

2067 1415 2339 1468 caelorum
2371 1417 2645 1484 ascensio,
2678 1418 2901 1471 dicente
2953 1418 3021 1472 ad
3051 1419 3276 1472 Patrem
3320 1418 3538 1471 Christo
3575 1436 3587 1472 :
3621 1419 3764 1473 Volo

2065 1507 2125 1555 ut
2161 1502 2255 1555 ubi
2292 1518 2415 1555 sum
2451 1519 2575 1572 ego,
2609 1510 2664 1557 et
2711 1504 2819 1574 ipsi
2867 1505 2981 1559 sint
3028 1522 3276 1559 mecum.
3323 1506 3377 1559 Si
3411 1506 3564 1560 enim
3598 1524 3765 1561 men-

2066 1590 2169 1644 bra
2193 1590 2390 1661 capitis
2417 1608 2637 1659 sumus,
2669 1599 2721 1645 et
2750 1609 2895 1645 unus
2927 1592 2985 1645 in
3017 1611 3073 1647 se
3103 1601 3158 1647 et
3187 1594 3243 1646 in
3285 1594 3449 1647 nobis
3479 1600 3562 1647 est
3601 1596 3765 1649 Chri-

2069 1684 2205 1745 stus,
2243 1678 2439 1749 utique
2473 1678 2571 1732 ubi
2603 1680 2721 1750 ipse
2754 1681 3026 1749 ascendit,
3079 1688 3134 1736 et
3171 1698 3274 1735 nos
3325 1684 3615 1736 ascensuri
3664 1699 3762 1737 su-

2067 1784 2215 1821 nius.

2068 1908 2196 1961 CAP.
2229 1908 2355 1961 CIX.
2378 1933 2449 1950 —
2479 1908 2635 1973 Quod
2664 1911 2816 1976 ﬁnito
2839 1909 3052 1974 judicio
3096 1912 3332 1978 incipiat
3372 1925 3481 1964 esse
3509 1913 3763 1965 secutum

2596 1994 2808 2037 novum.
2836 1985 2884 2032 ct
2902 1987 3047 2033 terra
3067 1996 3225 2033 nova.

2140 2084 2247 2149 (Em
2278 2082 2436 2137 dictis
2466 2083 2745 2151 ejusdem.)
2783 2084 2849 2137 Ut
2889 2084 2969 2136 ait
3010 2085 3066 2137 Β.
3113 2083 3481 2153 Augustinus,
3531 2092 3763 2155 peracto

2068 2172 2343 2242 ﬁnitoque
2369 2172 2604 2237 judicio,
2652 2178 2787 2225 tunc
2841 2188 2963 2225 esse
3012 2173 3236 2227 desinet
3278 2173 3385 2226 hoc
3429 2176 3656 2241 caelum,
3708 2181 3766 2229 et

2068 2266 2220 2314 terra
2251 2277 2264 2314 ε
2304 2260 2531 2329 quando
2563 2259 2801 2329 incipiet
2832 2276 2952 2313 esse
2999 2263 3203 2314 coelum
3235 2277 3474 2329 novum,
3530 2268 3585 2316 et
3610 2269 3765 2319 terra

2068 2365 2234 2402 nova.
2268 2349 2574 2402 Mutatione
2607 2365 2857 2419 namque
2906 2366 3118 2409 rerum.
3153 2366 3267 2402 non
3300 2350 3456 2403 omni
3486 2352 3655 2405 modo
3683 2354 3765 2407 in-

2069 2438 2240 2489 teritu
2267 2438 2533 2490 transibit
2563 2438 2652 2490 hic
2680 2438 2948 2490 mundus.
2988 2438 3145 2491 Unde
3176 2444 3232 2492 et
3263 2440 3564 2508 Apostolus
3584 2441 3759 2497 dicit:

2072 2526 2330 2580 Praeterit
2350 2527 2501 2578 enim
2529 2525 2714 2596 ﬁgura
2749 2525 2917 2595 hujus
2950 2525 3171 2579 mundi.
3208 2527 3417 2596 Figura
3454 2543 3592 2598 ergo
3617 2545 3763 2599 prte-

2070 2614 2222 2677 terit,
2257 2631 2368 2667 non
2399 2619 2622 2667 natura.

2072 2741 2199 2811 CAP.
2234 2738 2334 2792 CX.
2378 2767 2445 2779 -
2473 2739 2671 2792 Contra
2709 2753 2792 2791 eos
2820 2740 2916 2807 qui
2953 2738 3142 2792 dicunt
3172 2741 3221 2791 si
3244 2744 3364 2806 post
3418 2741 3627 2805 factum
3664 2745 3761 2811 ju-

2142 2810 2342 2862 dicium
2374 2813 2475 2862 erit
2504 2812 2854 2876 conﬂagratio
2884 2811 3093 2873 mundi,
3145 2810 3239 2862 ubi
3276 2816 3399 2863 tunc
3428 2827 3537 2865 csse
3573 2810 3764 2881 potue-

2140 2884 2254 2933 rint
2283 2884 2478 2945 sancti,
2516 2896 2610 2948 qui
2636 2896 2738 2932 non
2763 2883 3148 2946 continguntur
3185 2884 3404 2948 ﬂamma
3430 2884 3686 2937 incendii.

2142 2997 2247 3062 (Em
2273 2995 2434 3048 dictis
2474 2994 2754 3063 ejusdem.)
2788 2995 2939 3047 I-lanc
2983 2996 3359 3065 quaestionem
3408 2996 3605 3051 beatus
3645 3002 3760 3053 Au-

2069 3083 2333 3154 gustinus
2383 3082 2660 3136 dissolvit.
2713 3082 2958 3148 Quieret,
3010 3082 3106 3145 ait,
3164 3083 3397 3136 forsitan
3448 3084 3675 3154 aliquis,
3717 3085 3763 3139 si

2065 3177 2194 3243 post
2225 3172 2433 3225 factum
2466 3170 2740 3223 indicium
2768 3171 2869 3223 iste
2902 3170 3150 3224 mundus
3186 3172 3427 3236 ardebit,
3454 3180 3758 3244 antequam

2064 3277 2169 3331 pro
2205 3260 2301 3313 illo
2334 3262 2539 3313 malum
2569 3275 2779 3312 novum
2829 3264 2885 3313 et
2940 3266 3093 3313 terra
3123 3277 3266 3313 nova
3318 3268 3650 3331 reponatur,
3695 3281 3762 3317 eo

2061 3355 2189 3419 ipso
2221 3354 2479 3419 tempore
2512 3348 2973 3419 conflagrationis
3025 3349 3168 3419 ejus,
3221 3349 3315 3401 ubi
3345 3355 3514 3404 erunt
3561 3352 3761 3420 sancti,

2059 3454 2188 3491 cum
2222 3454 2318 3490 eos
2345 3438 2619 3492 habentes
2658 3454 2897 3507 corpora
2943 3436 3002 3490 in
3052 3438 3251 3507 aliquo
3298 3442 3579 3507 corporali
3635 3442 3755 3494 loco

2058 3542 2179 3578 esse
2214 3542 2439 3578 necesse
2475 3526 2565 3577 sit.
2617 3525 2926 3577 Possumus
2973 3525 3314 3595 respondere
3369 3527 3587 3580 futuros
3640 3546 3761 3583 esse

2064 3630 2158 3665 eos
2193 3613 2250 3665 in
2282 3612 2675 3682 superioribus
2728 3613 3003 3681 patribus,
3064 3630 3177 3683 quo
3223 3614 3302 3665 ita
3332 3631 3441 3666 non
3495 3618 3762 3672 ascendat

2060 3702 2295 3754 flamma
2329 3701 2481 3753 illius
2512 3700 2781 3763 incendii,
2818 3700 3309 3769 quemadmodum
3343 3718 3445 3755 nec
3479 3706 3628 3757 nuda
3671 3707 3754 3759 di-

2062 3789 2219 3844 luvii.
2255 3788 2411 3841 Talia
2441 3787 2656 3859 quippe
2696 3788 2807 3841 illis
2838 3793 3007 3841 erunt
3054 3804 3314 3857 corpora,
3364 3795 3425 3842 ut
3471 3790 3586 3845 illic
3639 3793 3755 3847 sint

2061 3877 2159 3932 ubi
2206 3893 2323 3929 esse
2365 3876 2671 3929 voluerint.
2731 3876 2839 3929 Sed
2890 3893 2994 3929 nec
3035 3876 3227 3947 ignem
3286 3878 3755 3947 coutlagrationis

2062 3967 2215 4021 illius
2254 3966 2659 4035 pertimescent
2688 3964 3043 4019 immortales
3072 3972 3243 4036 atque
3292 3966 3759 4039 incorruptibiles

2060 4053 2216 4115 facti,
2248 4054 2391 4105 sicut
2415 4054 2674 4105 vivorum
2701 4052 2872 4105 trium
2932 4053 3328 4123 corruptibilia
3384 4071 3625 4126 corpora
3673 4065 3755 4111 at-

2062 4160 2173 4215 que
2216 4142 2479 4195 mortalia
2510 4141 2571 4195 in
2600 4141 2826 4195 camino
2859 4142 3083 4196 ardenti
3112 4142 3285 4195 illaesa
3322 4143 3505 4199 vivere
3550 4151 3756 4215 potue-

2064 4237 2216 4286 runt.

1624 4415 1799 4457 PINIS
1846 4418 2021 4458 LIBRI
2069 4416 2396 4457 VIGESIMI.

1028 4727 1562 4801 CONCILIUM
1622 4728 1720 4801 IN
1782 4729 2463 4802 SALEGUNSTAT
2520 4728 2983 4802 HABlTUM.

326 5073 386 5125 In
418 5072 517 5124 Dei
552 5070 807 5134 nomine,
840 5086 974 5140 ergo
996 5070 1170 5125 Aribo
1202 5070 1549 5141 Moguntina?
1583 5070 1730 5124 sedis
1763 5070 1949 5125 archi-
1988 5080 2028 5131 ι]
2068 5072 2344 5124 incarnat.
2381 5070 2610 5130 MXXIII.
2644 5069 2859 5124 indicit.
2915 5070 2974 5135 V,
3028 5072 3072 5123 Il
3128 5072 3259 5125 ldus
3310 5074 3551 5143 August.
3605 5091 3755 5127 anno

250 5162 569 5230 episcopus,
603 5160 864 5230 quamvis
896 5160 1193 5229 indignus,
1229 5176 1358 5213 cum
1390 5160 1610 5213 caateris
1658 5160 1950 5213 confratri-

252 5250 359 5303 bus
391 5248 616 5312 nostris,
652 5253 707 5300 et
736 5264 857 5317 (ποθι
880 5249 1109 5318 iscopis,
1160 5248 1487 5302 Burchardo
1519 5248 1948 5313 Wormaciensi,

252 5336 621 5388 Werenhario
678 5336 1010 5406 Argentino,
1071 5338 1331 5389 Brunoue
1391 5336 1757 5405 Augustensi,
1810 5336 1949 5389 Ebe-

251 5424 460 5478 tliardo
494 5425 974 5495 Babenbergensi,
1012 5426 1381 5495 Meginhardo
1428 5424 1948 5494 Wircenburgensi,

253 5513 535 5581 synodum
568 5512 625 5566 in
657 5512 1022 5583 Salegunstat
1050 5512 1425 5568 condiximus.
1452 5515 1617 5567 Anno
1639 5512 1950 5569 Dominicw

2058 5162 2249 5211 autem
2300 5158 2514 5211 domini
2560 5158 2782 5210 Henrici
2831 5159 3065 5211 secundi
3115 5160 3410 5229 regnantis
3467 5162 3596 5226 XXI,
3646 5162 3754 5215 im-

2061 5247 2205 5317 perii
2237 5262 2368 5298 vero
2418 5247 2501 5308 VI,
2556 5253 2841 5316 quatenus
2899 5263 3029 5300 cum
3061 5249 3359 5301 communi
3402 5250 3752 5303 coufratrum

2062 5335 2467 5403 praedictorum
2522 5334 2760 5387 concilio
2835 5340 3005 5403 atque
3066 5335 3349 5399 consultu,
3413 5337 3755 5390 multimoda

2062 5424 2387 5477 divinorum
2415 5422 2739 5476 ofﬁciorum
2774 5426 2941 5492 atque
2974 5422 3334 5491 synodalium
3365 5424 3556 5494 legum
3603 5440 3756 5478 com-

2060 5518 2374 5582 poneretur
2403 5510 2702 5579 dissensio,
2735 5516 2793 5565 et
2824 5510 3172 5579 disparilitas
3200 5514 3525 5565 nostrarum
3555 5512 3755 5582 singu-
