4014 6200
240 290 247 297 ’
269 282 403 334 1039

1305 273 1675 330 CONCILIUM
1718 273 1785 328 IN
1825 271 2346 328 SALLEGUNSTAT
2388 271 2719 327 HABI'I‘UM.

3630 276 3775 326 tOtiO

262 404 451 458 larum
508 398 1026 465 consuetudinum,
1086 396 1324 455 honesta
1383 397 1758 450 consensione
1818 397 1959 451 redi-
1996 401 2043 454 Α
2072 395 2214 463 bret,
2263 394 2665 466 hyemantibus
2711 392 2995 461 similiter,
3058 392 3171 447 nisi
3214 393 3522 448 necessitas
3576 399 3772 463 cogat.

264 497 498 563 geretur
527 490 588 545 in
613 504 814 543 unum.
851 488 1099 557 Ideoque
1120 491 1357 556 propter
1388 485 1515 539 illas
1566 486 1961 540 lamentabiles

266 579 667 643 dissensiones,
698 576 993 632 communi
1047 576 1275 630 decreto
1324 575 1571 644 concilii,
1624 575 1744 629 haec
1800 576 1954 646 capi-

263 670 384 725 tula
412 667 627 722 sancita
658 672 807 720 sunt.

261 757 388 812 CAP.
423 757 465 811 Ι.
501 785 570 796 -·
599 758 673 809 De
720 754 1051 808 abstinentia
1077 753 1281 816 carnis,
1319 756 1367 805 et
1388 753 1676 820 sanguinis
1726 752 1785 804 in
1830 750 1959 806 sub-

813 824 1037 892 scriptis
1070 823 1413 892 temporibus.

335 909 429 973 (In
461 906 684 960 concilio
708 906 765 957 in
788 903 1137 970 Salegunstat
1167 901 1395 967 habito.)
1428 901 1499 955 Ut
1526 916 1617 955 xxv
1677 896 1797 954 dies
1829 915 1959 953 om-

262 1011 363 1050 nes
394 991 700 1048 Christiani
738 995 869 1046 ante
928 990 1302 1044 festivitatem
1349 989 1403 1044 S.
1436 988 1668 1044 Joannis
1691 989 1959 1060 Baptista

261 1084 319 1137 in
352 1079 698 1137 abstinentia
728 1079 845 1133 sint
873 1077 1061 1132 carnis
1104 1083 1158 1131 et
1206 1077 1521 1147 sanguinis,
1569 1076 1679 1130 nisi
1720 1075 1962 1130 inﬁrmi-

261 1176 375 1225 tate
406 1171 775 1240 impediente,
811 1172 911 1221 aut
939 1166 1180 1235 alicujus
1200 1165 1329 1219 festi
1357 1167 1716 1219 solemnitate
1744 1180 1873 1234 qum
1900 1164 1959 1218 in

258 1260 358 1314 illo
389 1257 678 1329 episcopio
709 1255 949 1310 celebris
979 1256 1222 1309 habetur
1265 1253 1672 1307 intercedente.
1711 1253 1773 1307 Et
1829 1257 1958 1307 ante

264 1348 389 1403 Nat.
425 1346 651 1402 Domini
694 1344 977 1399 similiter.
1014 1345 1078 1398 Et
1131 1344 1189 1396 in
1247 1342 1451 1410 vigilia
1498 1341 1848 1412 Epiphania.
1899 1342 1961 1395 Et

262 1436 321 1490 in
353 1437 612 1491 omnium
645 1434 855 1504 vigiliis
885 1433 1300 1503 apostolorum.
1329 1432 1393 1485 Et
1422 1431 1480 1484 in
1511 1432 1709 1500 vigilia
1740 1446 1958 1483 assum-

260 1524 489 1595 ptionis,’
518 1528 725 1578 sanctae
756 1522 963 1586 Mariae,
996 1526 1053 1574 et
1095 1520 1154 1574 in
1196 1520 1386 1590 vigilia
1421 1520 1597 1571 sancti
1648 1518 1956 1584 Laurentii,

264 1630 366 1668 nec
387 1630 503 1667 non
532 1612 705 1666 etiam
733 1610 791 1663 in
825 1610 1019 1680 vigilia
1048 1608 1307 1662 omnium
1336 1615 1660 1671 sanctorum
1691 1606 1959 1676 adjicien-

261 1707 347 1758 tes
379 1700 661 1771 praedictis
688 1699 894 1768 vigiliis
918 1713 1092 1751 unam
1123 1698 1320 1751 horam
1348 1696 1690 1761 relectionis,
1724 1700 1958 1765 excepta

262 1789 617 1854 inﬁrmitate,
651 1791 710 1841 at
740 1786 851 1840 nisi
880 1786 1090 1857 aliquis
1129 1785 1223 1855 sit,
1252 1785 1350 1856 qui
1394 1785 1623 1855 proprio
1674 1790 1803 1838 voto
1836 1799 1957 1837 ma-

256 1879 373 1950 jori
403 1876 748 1932 abstinentia
779 1875 865 1929 uti
896 1875 1051 1929 velit.

335 1966 463 2020 CAP.
500 1966 569 2018 1t.
601 1994 658 2003 —
696 1965 775 2017 De
807 1963 1154 2017 custodiendo
1192 1963 1406 2032 jejunio
1446 1962 1538 2016 1V
1564 1967 1882 2030 temporum.

335 2056 438 2121 (Ea:
467 2053 649 2108 eodem
681 2052 950 2120 concilio.)
1002 2053 1080 2105 De
1128 2051 1343 2105 incerto
1392 2057 1583 2105 autem
1613 2050 1836 2120 jejunio
1892 2050 1958 2103 1V

259 2146 584 2214 temporum
612 2143 757 2196 hanc
777 2140 1178 2196 certitudinem
1210 2140 1533 2207 statuimus,
1571 2147 1632 2193 ut
1655 2140 1725 2194 sit
1759 2140 1953 2196 Kalen.

261 2232 399 2287 Mar.
430 2232 489 2285 in
519 2247 569 2284 IV
600 2230 762 2295 feria,
797 2229 913 2283 sive
953 2233 1121 2284 antea
1154 2229 1468 2295 evenerint,
1504 2230 1705 2282 eadem
1738 2228 1957 2301 hebdo-

260 2321 430 2379 mada
447 2319 735 2390 jejunium
766 2317 1104 2370 celebretur.
1154 2316 1212 2370 Si
1243 2322 1432 2370 autem
1468 2316 1665 2369 Kalen.
1712 2316 1845 2370 Mar.
1897 2315 1956 2369 in

259 2425 293 2462 γ
322 2409 525 2464 feriam
565 2412 662 2460 aut
689 2422 742 2459 ιν
773 2410 872 2460 aut
917 2405 1230 2463 Sabbatum
1283 2404 1710 2468 distenduntur,
1756 2403 1816 2457 in
1863 2420 1957 2457 se-

262 2501 534 2569 quentem
591 2494 1006 2549 hebdomadam
1074 2493 1363 2564 jejunium
1413 2492 1728 2547 ditferatur.
1775 2491 1957 2547 Simili

264 2601 494 2658 quoque
529 2585 694 2638 modo
727 2583 774 2635 si
808 2583 929 2636 Kal.
978 2581 1134 2636 Junii
1184 2581 1241 2635 in
1287 2597 1340 2634 ιν
1367 2581 1593 2646 feriam,
1646 2585 1742 2635 aut
1789 2584 1957 2634 antea

263 2674 578 2736 evenerint,
605 2672 664 2725 in
699 2672 1082 2742 subsequente
1121 2669 1478 2723 hebdomade
1516 2669 1805 2739 jejunium
1859 2684 1957 2721 ce-

261 2763 514 2818 lebretur
566 2762 629 2815 Et
660 2761 707 2814 si
736 2760 795 2814 in
836 2775 870 2812 v
898 2758 1098 2813 feriam
1130 2764 1230 2812 aut
1259 2775 1311 2812 γι
1334 2766 1431 2812 aut
1462 2758 1769 2813 Sabbatum
1822 2774 1954 2811 con-

258 2851 473 2922 tigerit,
502 2849 792 2920 jejunium
823 2851 883 2901 in
916 2864 974 2902 ιιι
1037 2846 1454 2907 hebdomadam
1512 2852 1865 2912 reservetur;
1899 2850 1957 2899 et

259 2941 369 2996 hoc
399 2939 696 2993 sciendum
730 2943 832 2999 est,
866 2936 1023 3008 quod
1058 2935 1104 2989 si
1136 2935 1367 3007 quando
1410 2927 1695 3006 jejunium
1742 2934 1953 2989 mensis
1991 2962 2033 3017 ρ

256 3028 412 3084 Junii
439 3027 496 3080 in
531 3025 725 3097 vigilia
754 3025 1120 3080 Pentecostes
1150 3023 1466 3076 secundum
1498 3023 1827 3094 praedictam
1862 3039 1950 3076 re-

260 3117 454 3186 gulam
500 3113 773 3180 evenerit,
830 3128 945 3166 non
994 3111 1074 3165 ibi
1128 3111 1535 3165 celebrandum
1579 3111 1709 3178 erit,
1764 3112 1857 3164 sed
1891 3110 1952 3164 in

256 3203 382 3275 ipsa
413 3201 771 3256 hebdomada
822 3198 1067 3253 solemni
1116 3199 1493 3264 Pentecostes,
1538 3203 1595 3253 et
1637 3205 1774 3251 tunc
1816 3214 1950 3267 pro-

258 3298 386 3361 pter
434 3288 859 3343 solemnitatem
907 3285 1151 3355 Spiritus
1183 3284 1382 3350 sancti,
1427 3285 1693 3338 diacones
1741 3285 1954 3338 dalma-

260 3379 386 3432 ticis
413 3377 751 3440 induantur,
802 3378 859 3426 et
900 3373 1146 3426 Alleluia
1203 3375 1485 3435 cantetur,
1545 3377 1603 3425 et
1651 3372 1951 3426 Flectamus

256 3481 431 3535 genua
463 3480 576 3517 non
608 3462 848 3517 dicatur.
884 3460 1097 3514 Eodem
1137 3460 1307 3513 modo
1347 3460 1415 3514 de
1467 3460 1817 3532 Septembris
1864 3462 1947 3531 je-

249 3554 415 3627 junio
467 3551 842 3606 constitutum
899 3555 1004 3615 est,
1052 3548 1183 3603 utsi
1237 3549 1360 3604 Kal.
1394 3549 1547 3620 Sept.
1600 3549 1654 3602 in
1708 3566 1760 3603 ιν
1810 3549 1952 3604 feria

255 3643 527 3710 evenerit,
562 3646 657 3695 aut
705 3645 893 3708 antea,
936 3637 1229 3709 jejunium
1281 3637 1339 3692 in
1380 3654 1441 3692 ιιι
1471 3637 1833 3693 hebdomada
1864 3654 1950 3692 ce-

254 3734 510 3788 lebretur
542 3748 555 3785 :
589 3736 644 3784 et
672 3729 717 3783 si
756 3729 815 3784 in
864 3744 896 3781 v
940 3733 1040 3782 aut
1086 3744 1136 3781 v1
1185 3732 1283 3782 aut
1320 3727 1568 3793 Sabbato
1619 3727 1948 3799 contigerit,

252 3822 316 3877 in
346 3838 398 3876 ιν
428 3818 787 3875 hebdomade
828 3816 1208 3887 jejunandum
1259 3817 1385 3871 erit.
1440 3818 1501 3870 ln
1551 3816 1847 3870 Decembr.
1880 3816 1948 3870 il-

252 3910 355 3966 lud
386 3907 804 3964 observandum
836 3905 962 3972 erit,
997 3911 1060 3959 ut
1087 3905 1353 3976 proximo
1400 3904 1644 3959 Sabbato
1685 3909 1816 3958 ante
1866 3904 1949 3958 vi-

254 4000 451 4071 giliam
483 3995 688 4050 natalis
734 3993 1321 4049 Domini.celebretnr
1363 3993 1651 4063 jejunium
1686 4010 1698 4047 :
1733 3992 1872 4064 quia
1902 3992 1949 4046 si

251 4087 449 4160 vigilia
495 4085 554 4138 in
603 4083 849 4139 Sabbato
899 4082 1171 4151 evenerit,
1226 4083 1395 4137 simul
1452 4082 1651 4153 vigilia
1696 4086 1754 4137 et
1802 4082 1949 4153 jeju-

253 4177 417 4231 nium
448 4172 737 4228 celebrare
766 4186 879 4224 non
911 4169 1198 4224 convenit.

2070 484 2196 539 CAP.
2233 484 2298 536 V.
2328 513 2395 523 —-
2430 485 2494 539 Ut
2532 483 2814 552 presbyter
2840 497 2946 535 non
2975 484 3210 550 amplius
3254 498 3416 550 quam
3476 489 3587 537 tres
3633 485 3774 537 Miso

2634 569 2724 609 sas
2747 556 2804 607 in
2833 555 2921 607 die
2952 554 3193 609 celebret.

2140 644 2296 715 (Item
2318 660 2385 699 ea:
2439 643 2666 713 eodem.)
2697 644 2837 697 Item
2887 642 3176 696 decretum
3226 648 3330 710 est,
3363 647 3428 696 ut
3461 642 3779 713 unusquis-

2067 749 2178 804 que
2204 733 2499 804 presbyter
2541 731 2598 785 in
2649 731 2743 785 die
2790 747 2905 784 non
2954 730 3205 801 amplius
3253 746 3427 802 quam
3469 736 3587 784 tres
3630 732 3776 786 Ilis-

2068 838 2155 873 sas
2176 820 2463 874 celebrare
2497 824 2827 888 praesumat.

2066 920 2196 974 CAP.
2225 918 2313 972 VI.
2346 947 2415 956 —
2449 919 2517 972 Ut
2563 931 2716 971 nemo
2766 917 3043 984 corporale
3084 915 3160 969 ad
3193 916 3623 985 extinguendum
3687 915 3775 971 in-

2489 987 2736 1043 cendium
2764 990 2823 1041 in
2840 990 3023 1055 ignem
3051 987 3329 1056 projiciat.

2137 1076 2246 1148 (Ea:
2302 1075 2525 1145 eodem.)
2566 1076 2951 1146 Conquestum
2982 1082 3067 1129 est
3096 1076 3269 1129 etiam
3300 1076 3358 1129 in
3392 1081 3595 1130 sancto
3621 1092 3770 1130 con-

2065 1164 2197 1220 cilio
2226 1166 2295 1221 de
2319 1164 2659 1236 quibusdam
2684 1164 3034 1220 stultissimis
3059 1164 3427 1235 presbyteris,
3447 1170 3511 1219 ut
3527 1166 3769 1236 quando

2067 1255 2395 1309 incendium
2453 1253 2703 1319 videant,
2788 1254 3084 1324 corporale
3166 1254 3466 1308 Dominico
3519 1271 3769 1325 corpore

2066 1333 2479 1408 consecratum,
2510 1341 2583 1397 ad
2634 1341 3088 1412 extinguendum
3116 1342 3451 1397 incendium
3509 1348 3766 1397 temera-

2066 1433 2151 1487 ria
2180 1432 2629 1503 praesumptione
2659 1431 2717 1484 in
2770 1431 2963 1500 ignem
3000 1431 3325 1501 projiciant.
3384 1431 3637 1502 Ideoque
3663 1433 3766 1487 de-

2065 1526 2282 1575 cretum
2331 1527 2416 1574 est
2470 1522 2576 1575 sub
2627 1521 3011 1575 anathematis
3060 1519 3490 1586 interdictione,
3558 1537 3631 1575 ne
3686 1522 3769 1576 ul-

2066 1609 2240 1663 terius
2270 1608 2387 1663 ﬁat.

1998 1686 2037 1739 Β
2068 1699 2196 1754 CAP.
2227 1699 2340 1753 Vll.
2360 1730 2428 1737 —
2453 1701 2522 1753 De
2544 1700 2657 1764 hoc,
2685 1700 2736 1752 si
2755 1696 2861 1751 duo
2878 1698 3148 1767 inculpati
3162 1699 3371 1764 fuerint
3396 1700 3453 1751 in
3470 1697 3767 1767 adiutorio,

2137 1776 2349 1894 ettunus
2378 1775 2559 1838 negat,
2593 1771 2731 1824 alter
2773 1771 3078 1839 proﬁtetur,
3104 1768 3258 1838 °quid
3297 1768 3424 1822 inde
3445 1771 3768 1836 faciendum

2137 1856 2186 1894 si
2217 1881 2230 1894 .

2137 1856 2230 1894 δτι.

2138 1931 2257 1997 (Ea:
2284 1929 2504 1997 eodem.)
2542 1929 2961 1997 luterrogatum
2993 1932 3096 1994 est,
3132 1927 3179 1981 si
3210 1927 3325 1982 duo
3359 1928 3419 1982 in
3476 1929 3762 1984 adulterio

2066 2016 2342 2087 inculpati
2372 2017 2596 2081 tierent,
2622 2020 2677 2069 et
2704 2032 2850 2073 unus
2886 2016 3270 2086 proﬁteretur,
3331 2022 3388 2071 et
3416 2018 3560 2071 alter
3592 2034 3765 2088 nega-

2066 2110 2171 2169 ret,
2206 2104 2343 2175 quid
2375 2104 2507 2157 inde
2540 2102 2826 2173 agendum
2878 2108 3044 2157 esset.
3101 2103 3399 2156 Decretum
3454 2109 3533 2156 est
3587 2105 3759 2158 etiam

2066 2210 2099 2246 a
2130 2197 2324 2246 sancto
2378 2191 2637 2259 concilio,
2696 2197 2763 2245 ut
2812 2191 2907 2244 ille
2964 2191 3065 2261 qui
3099 2191 3413 2261 negaverit,
3471 2192 3761 2263 probabili

2059 2281 2275 2354 judicio
2306 2296 2365 2334 se
2414 2285 2711 2351 expurget,
2754 2284 2812 2334 et
2853 2278 2955 2351 qui
3003 2279 3293 2351 professus
3335 2279 3525 2346 fuerit,
3585 2282 3762 2352 digne

2071 2368 2463 2447 paenitentiam
2496 2372 2647 2437 agat.

2136 2467 2261 2520 CAP.
2289 2465 2425 2519 Vlll.
2446 2495 2515 2502 —
2541 2465 2607 2518 Ut
2626 2479 2776 2518 nemo
2796 2464 3043 2531 gladium
3063 2467 3119 2519 in
3146 2465 3449 2522 Ecclesium
3470 2472 3671 2537 portet.

2138 2559 2241 2624 (Ea:
2266 2554 2492 2624 eodem.)
2532 2555 2825 2607 Decretum
2859 2559 2944 2607 est
2975 2554 3146 2608 etiam
3171 2555 3229 2609 in
3257 2556 3458 2611 eodem
3491 2557 3761 2623 concilio,

2065 2649 2129 2698 ut
2158 2660 2326 2697 nemo
2351 2643 2609 2714 gladium
2645 2642 2703 2697 iu
2738 2642 3041 2697 Ecclesiam
3072 2637 3284 2714 portet,
3315 2644 3494 2715 regali
3530 2650 3762 2700 tantum

2065 2737 2322 2802 excepto.

2066 2822 2197 2876 CAP.
2228 2822 2312 2875 1X.
2347 2851 2414 2859 —-
2441 2822 2517 2876 Ne
2544 2821 2694 2875 mata
2718 2821 2984 2889 colloquia
3014 2822 3071 2873 in
3091 2821 3330 2888 ecclesia,
3375 2827 3476 2876 aut
3510 2825 3570 2877 in
3615 2827 3763 2879 atrio

2701 2892 2931 2945 ecclesiz
2958 2893 3113 2959 ﬁant.

2134 2981 2250 3051 (Em
2275 2978 2493 3047 eodem.)
2522 2978 2735 3033 Statuit
2759 2980 2931 3033 etiam
2974 2984 3167 3032 sancta
3196 2979 3465 3049 synodus,
3499 2985 3565 3035 ut
3608 2984 3764 3039 mala

2060 3068 2411 3124 consuetudo
2444 3083 2574 3137 quae
2601 3066 2752 3137 apud
2808 3083 3007 3122 omnes
3030 3083 3175 3137 pene
3198 3066 3317 3136 jam
3346 3068 3602 3137 inolevit,
3630 3087 3760 3127 om—

2061 3158 2195 3214 nino
2230 3156 2622 3228 prohibeatur,
2641 3156 2749 3210 hoc
2769 3160 2875 3223 est,
2898 3156 3053 3226 quod
3074 3157 3360 3228 colloquia
3391 3175 3492 3213 sua
3522 3158 3582 3214 in
3612 3161 3761 3215 atrio

2060 3246 2296 3315 alicujus
2327 3244 2579 3298 ecclesias
2610 3245 2968 3299 constituunt
2996 3244 3281 3311 habenda,
3316 3250 3374 3299 et
3424 3253 3562 3301 tunc
3600 3264 3664 3301 ea
3696 3249 3758 3303 in

2059 3332 2186 3403 ipsa
2216 3333 2463 3387 maxima
2498 3337 2761 3387 exercent
2813 3332 3070 3396 ecclesia,
3121 3332 3222 3387 ubi
3251 3335 3539 3390 orationes
3578 3341 3637 3391 et
3668 3336 3757 3392 di-

2058 3420 2192 3475 vina
2220 3425 2443 3475 tantum
2470 3420 2598 3475 ﬁeri
2628 3436 2859 3490 mquam
2892 3424 2977 3475 est
3002 3420 3209 3476 ofﬁcia.

2059 3517 2188 3572 CAP.
2222 3518 2280 3572 Χ.
2324 3547 2393 3557 -—
2431 3520 2512 3571 De
2557 3518 2870 3584 Evangelia,
2920 3519 2982 3574 In
3016 3521 3294 3589 principio
3339 3526 3455 3574 erat
3502 3522 3758 3590 Verbum,

2128 3594 2213 3713 etb
2230 3591 2414 3645 missis
2459 3590 2859 3658 peculiaribus,
2913 3604 2979 3644 ne
3020 3591 3160 3657 ﬁant
3222 3606 3328 3645 non
3373 3594 3489 3647 suis
3546 3599 3756 3663 tempo-

2127 3675 2178 3713 ri
2218 3673 2301 3715 us.

2129 3750 2239 3812 (Ea:
2266 3747 2484 3815 eodem.)
2540 3746 2785 3812 Quidam
2833 3747 3008 3803 etiam
3057 3746 3356 3818 laicorum,
3400 3754 3456 3805 et
3506 3753 3757 3809 maxime

2058 3839 2360 3902 matronas,
2391 3835 2603 3890 habent
2630 3835 2690 3889 in
2745 3835 3183 3904 consuetudine,
3231 3854 3295 3891 ut
3342 3855 3443 3909 per
3495 3840 3758 3911 singulos

2059 3923 2181 3979 dies
2213 3924 2581 3995 Evangelium
2613 3940 2626 3978 :
2657 3924 2722 3978 In
2743 3923 3029 3995 principio
3044 3930 3169 3979 erat
3190 3926 3531 3995 Verbum,et
3552 3932 3757 3984 missas

2058 4012 2390 4082 peculiares,
2416 4011 2523 4066 hoc
2551 4017 2656 4078 est,
2682 4012 2751 4066 de
2781 4029 2836 4065 sa
2848 4020 2976 4066 ncta
2996 4012 3291 4080 Trinitate,
3330 4019 3430 4069 aut
3456 4015 3527 4070 de
3553 4024 3754 4074 sancto

2058 4100 2326 4155 Michaele
2361 4097 2616 4172 [dicant],
2649 4104 2705 4154 et
2736 4099 2828 4157 ido
2860 4100 3140 4155 sancitum
3170 4107 3254 4155 est
3283 4102 3343 4156 in
3381 4103 3580 4159 eodem
3614 4122 3752 4161 con-

2057 4188 2211 4257 cilio,
2240 4192 2304 4242 ut
2330 4189 2437 4243 hoc
2466 4187 2701 4243 ulterius
2723 4205 2838 4242 non
2860 4189 3219 4255 ﬁat,nisisuo
3242 4196 3521 4262 tempore,
3554 4200 3615 4248 et
3639 4196 3757 4251 nisi

253 4266 381 4322 CAP.
418 4263 508 4317 ΙΙΙ.
543 4290 610 4303 --
638 4259 846 4325 Quibus
870 4259 1473 4347 temporibuslegitima
1505 4258 1771 4313 connubia
1822 4272 1940 4327 pro-

2139 4278 2265 4347 quis
2297 4276 2555 4330 ﬁdelium
2602 4277 2801 4331 audire
2849 4278 2986 4330 velit
3032 4294 3137 4347 pro
3170 4248 3484 4334 reverentia
3539 4291 3759 4340 sancta

904 4329 1139 4383 hibenda
1168 4332 1293 4383 sint.

325 4414 434 4483 (Ea:
461 4411 641 4466 eodem
683 4407 949 4478 concilio.)
997 4408 1076 4461 De
1107 4407 1384 4477 legitimis
1413 4413 1607 4462 autem
1661 4406 1948 4478 conjugiis

253 4502 332 4555 ita
354 4502 537 4553 visum
575 4503 677 4565 est,
726 4498 880 4569 quod
930 4497 1121 4551 nullus
1169 4496 1524 4550 Christianus
1570 4512 1806 4550 uxorem
1846 4496 1948 4550 du-

253 4606 380 4645 cere
427 4588 629 4641 debeat
675 4587 745 4640 ab
793 4587 1039 4640 adventu
1090 4583 1337 4649 Domini,
1385 4600 1565 4654 usque
1619 4585 1678 4638 in
1725 4589 1948 4638 octavas

252 4675 603 4749 Epiphaniae,
646 4679 702 4728 et
732 4692 764 4728 a
806 4690 912 4728 ιιι
959 4689 1142 4743 usque
1174 4672 1233 4727 in
1289 4678 1511 4727 octavas
1545 4672 1794 4738 Paschaz,
1845 4689 1950 4728 nec

250 4767 311 4822 in
348 4781 521 4836 supra
568 4762 775 4816 notatis
823 4760 1254 4832 quatuordecim
1302 4760 1505 4813 diebus
1554 4765 1685 4813 ante
1735 4759 1946 4813 festivi-

250 4862 428 4912 tatem
461 4852 642 4906 sancti
689 4851 925 4905 Joannis
977 4850 1260 4921 Baptista,
1309 4865 1498 4920 neque
1552 4848 1612 4902 in
1662 4848 1949 4917 praedictis

243 4942 601 5015 jejuniorum
633 4937 857 5005 diebus,
885 4937 1002 4991 sive
1040 4937 1098 4990 in
1145 4936 1403 4990 omnium
1460 4935 1804 4991 solemnium
1832 4934 1947 4990 die-

250 5048 379 5085 rum
403 5025 860 5100 prmcedentibus
881 5025 1161 5079 noctibus.

252 5121 379 5174 CAP.
413 5119 500 5173 IV.
538 5147 599 5157 —
629 5118 695 5171 Ut
723 5115 1005 5185 presbyter
1034 5115 1130 5181 qui
1169 5114 1468 5185 postigalli
1514 5117 1731 5167 cantum
1776 5111 1944 5185 bibat,

321 5192 432 5243 nisi
461 5183 747 5243 necessitas
784 5183 957 5252 cogat,
988 5188 1234 5253 sequenti
1276 5184 1364 5237 die
1406 5187 1628 5237 missam
1683 5183 1947 5238 celebrare

321 5275 428 5313 non
460 5260 677 5313 audeat.

322 5340 434 5408 (Ea:
465 5339 689 5407 eodem.)
738 5338 1041 5392 Decretum
1089 5340 1175 5389 est
1216 5334 1390 5389 etiam
1445 5333 1503 5387 in
1548 5333 1754 5388 eodem
1802 5349 1946 5387 con--

251 5428 408 5498 cilio,
428 5431 493 5481 ut
515 5427 813 5497 presbyter
840 5425 1048 5495 aliquis
1064 5424 1163 5495 qui
1202 5428 1329 5496 post
1360 5422 1497 5493 galli
1527 5427 1761 5476 cantum
1790 5422 1943 5477 aesti-

251 5517 337 5571 vis
366 5513 632 5570 noctibus
656 5512 880 5581 bibens,
913 5512 1174 5582 proximo
1206 5511 1297 5566 die
1343 5510 1575 5565 missam
1625 5525 1740 5565 non
1796 5510 1944 5565 cele-

2054 4364 2364 4432 Trinitatis,
2400 4380 2512 4418 non
2533 4380 2637 4434 pro
2656 4366 2850 4436 aliqua
2876 4364 3227 4421 divinatione
3259 4383 3273 4421 :
3311 4374 3366 4422 et
3387 4368 3435 4422 si
3463 4370 3757 4429 voluerint

2057 4457 2122 4506 ut
2144 4452 2252 4506 sibi
2285 4452 2469 4506 missae
2501 4457 2819 4516 cantentur,
2867 4454 2936 4508 de
2967 4454 3169 4509 eodem
3202 4456 3294 4509 die
3331 4457 3568 4512 audiant
3615 4460 3754 4514 mis-

2054 4556 2160 4607 sas,
2196 4539 2280 4593 vel
2312 4556 2416 4610 pro
2449 4540 2629 4603 salute
2660 4540 2940 4604 vivorum,
2974 4547 3069 4595 aut
3093 4558 3199 4612 pro
3231 4542 3534 4599 defunctis.

2199 4637 2327 4691 CAP.
2358 4638 2445 4692 XI.
2475 4668 2540 4677 —
2562 4640 2635 4692 De
2663 4640 3058 4707 computatione
3085 4644 3598 4709 consanguinitatis.

2131 4727 2237 4792 (Ea:
2274 4725 2456 4787 eodem
2498 4727 2769 4796 concilio.)
2817 4726 3060 4792 Quidam
3106 4729 3278 4782 etiam
3318 4732 3757 4800 generationem

2055 4814 2568 4884 consanguinitatis
2614 4815 2694 4869 ita
2726 4815 2923 4870 volunt
2981 4824 3307 4885 numbrare,
3355 4824 3418 4871 ut
3465 4819 3647 4874 frater
3698 4826 3758 4875 et

2056 4917 2216 4956 soror
2244 4903 2357 4955 sint
2389 4900 2580 4972 primi.
2638 4903 2751 4956 Hoc
2772 4908 2966 4956 autem
3012 4906 3212 4959 statuit
3254 4911 3447 4961 sancta
3500 4909 3757 4980 synodus

2056 4990 2201 5044 sicut
2227 4991 2400 5044 etiam
2431 4991 2503 5044 ab
2554 4990 2809 5062 antiquis
2863 4992 3125 5046 Patribus
3174 4994 3469 5050 decretum
3529 5004 3637 5063 est,
3694 5003 3760 5054 ut

2058 5078 2135 5132 ita
2164 5094 2278 5131 non
2308 5083 2515 5141 essent,
2551 5078 2648 5132 sed
2682 5084 2746 5132 ut
2770 5094 2971 5149 nepos,
3005 5086 3062 5135 et
3113 5084 3322 5154 neptis,
3356 5084 3415 5140 id
3464 5091 3571 5155 est,
3600 5086 3758 5143 ﬁlius

2054 5165 2267 5231 fratris,
2294 5181 2359 5219 ac
2388 5165 2506 5220 tilia
2537 5167 2756 5221 sororis
2788 5169 2962 5239 primi
2988 5169 3327 5226 habeantur.

2057 5264 2185 5319 CAP.
2246 5265 2359 5319 XII.
2416 5294 2482 5303 —
2540 5263 2797 5334 (ﬁdi/icta
2850 5267 3111 5321 taicorum
3166 5270 3225 5322 in
3287 5270 3434 5326 atrio
3506 5274 3761 5329 Ecclesiae

2691 5352 2799 5390 non
2831 5343 3126 5405 ponantur.

2124 5422 2243 5494 (Ea:
2271 5422 2494 5494 eodem.)
2531 5423 2820 5479 Statutum
2864 5432 2950 5480 est
2995 5428 3163 5481 etiam
3223 5429 3556 5485 utmditicia
3584 5432 3761 5488 laico-

2054 5527 2203 5577 rum,
2264 5527 2392 5582 quaa
2449 5512 2705 5567 ecclesiis
2766 5512 3040 5584 adjuncta
3084 5521 3237 5583 sunt,
3283 5517 3642 5586 auferantur,
3700 5527 3761 5577 et
