4014 6200
174 230 301 282 {Otii

1425 222 1751 280 INlTIANDI
1793 219 2112 277 SYNODUH
2158 218 2418 275 MODUS.

3541 224 3675 276 l062

169 350 330 404 nulla
359 348 418 401 in
451 347 597 401 atrio
628 346 879 401 ecclesiae
921 352 1208 418 ponantur
1239 346 1346 400 nisi
1377 351 1600 400 tantum
1628 345 1860 416 presby-
1901 350 1942 401 Α
1979 342 2436 413 presbyterorum
2485 341 2754 412 cuiquam
2784 341 3085 412 poenitenti
3135 343 3387 399 carinam
3418 344 3672 399 dividere

167 443 451 494 terorutn.

171 529 302 582 CAP.
356 527 495 581 XIII.
546 556 613 563 —
661 527 726 579 Ut
763 525 942 579 nullus
995 524 1164 577 Inicus
1213 523 1524 592 presbytero
1576 523 1869 578 Ecclesiam

375 613 531 651 suam
561 597 883 650 commendet
910 599 1022 649 sine
1048 597 1265 648 ticmtia
1287 597 1524 662 episcopi
1555 597 1661 647 sui.

247 685 358 749 (Ea:
413 685 637 753 eodem.)
672 685 812 737 Item
871 683 1159 737 decretum
1207 689 1310 749 est,
1363 688 1423 735 ut
1453 682 1644 735 nullus
1691 682 1869 735 laico-

169 790 303 828 rum
337 773 504 826 alicui
550 773 879 842 presbytero
931 788 1092 825 suam
1123 770 1490 824 commendet
1539 770 1867 834 Ecclesiam,

169 868 380 932 praeter
439 876 782 914 consensum
831 860 1110 931 episcopi,
1158 860 1257 914 sed
1299 876 1431 913 eum
1485 860 1644 930 prius
1683 860 1872 912 mittat

169 967 275 1004 suo
307 950 596 1021 episcopo,
645 949 731 1005 vel
778 949 902 1018 ejus
932 948 1160 1016 vicario,
1212 952 1274 1001 ut
1307 948 1579 1018 probetur
1609 947 1656 1000 si
1689 947 1869 1001 scien-

166 1039 270 1104 tia,
321 1043 510 1105 aetate,
546 1044 600 1092 et
649 1037 905 1091 moribus
955 1037 1083 1091 talis
1116 1038 1208 1099 sit,
1246 1042 1310 1092 ut
1340 1037 1445 1090 sibi
1478 1037 1723 1108 populus
1772 1035 1870 1089 Dei

171 1127 635 1181 commendetur.

171 1217 302 1271 (ΙΑΡ.
353 1217 480 1270 XIV.
533 1246 600 1254 —
651 1216 711 1271 Si
759 1215 864 1269 duo
905 1215 969 1268 de
1033 1215 1303 1269 adulterio
1364 1215 1606 1268 accusati
1640 1214 1865 1280 fuerint,

646 1286 784 1356 quid
812 1287 938 1340 inde
961 1287 1273 1353 faciendum
1305 1287 1397 1340 sit.

247 1378 365 1448 (Ea:
397 1376 626 1444 eodem.)
657 1377 867 1430 Statuit
894 1393 1124 1446 quoque
1152 1389 1346 1430 sancta
1377 1375 1646 1446 synodus,
1677 1373 1724 1427 si
1756 1373 1870 1428 duo

175 1466 248 1519 de
297 1465 579 1519 adulterio
629 1465 874 1518 accusati
927 1465 1163 1523 fuerint,
1204 1470 1260 1517 et
1290 1465 1460 1518 ambo
1513 1462 1868 1533 negaverint,

174 1558 237 1606 et
293 1559 459 1607 orant
490 1553 597 1606 sibi
650 1553 904 1620 concedi,
947 1559 1009 1606 ut
1037 1555 1276 1606 alterum
1321 1553 1550 1606 illorum
1599 1557 1871 1621 utrosque

173 1641 370 1694 divino
402 1646 608 1712 purget
647 1641 890 1711 judicio,
922 1640 967 1692 si
1015 1657 1194 1693 unum
1227 1640 1284 1693 in
1330 1639 1438 1693 hoc
1482 1638 1774 1704 deciderit,
1812 1642 1874 1691 ut
1916 1639 1953 1692 Β

171 1729 348 1782 ambo
377 1730 458 1782 rei
487 1730 826 1782 habeantur.

305 1818 435 1872 CAP.
465 1819 570 1870 XV.
605 1847 669 1858 —
707 1819 771 1870 Ut
803 1817 1079 1870 lim-initum
1103 1817 1381 1885 jejunium
1410 1816 1476 1868 ab
1506 1815 1751 1868 omnibus

639 1889 1052 1953 diligmtissime
1081 1891 1407 1940 observetur.

249 1977 357 2039 (Ea:
405 1976 628 2040 eodem.)
687 1975 987 2027 Decretum
1038 1979 1121 2026 est
1152 1979 1347 2036 etiam,
1400 1979 1460 2025 ut
1491 1988 1692 2025 omnes
1740 1971 1871 2025 ban-

165 2064 360 2116 nitum
384 2064 694 2133 jejunium,
724 2062 781 2115 in
823 2079 1166 2132 quocunque
1210 2061 1502 2131 episcopio
1530 2061 1869 2126 celebratur,

159 2152 613 2220 diligentissime
666 2153 984 2216 observent,
1037 2151 1166 2204 etsi
1209 2152 1336 2221 quis
1384 2150 1614 2202 illarum
1663 2165 1756 2202 vm
1791 2149 1873 2201 in-

160 2242 550 2294 terdictarum
635 2256 828 2294 rerum
913 2241 1165 2311 aliquam
1243 2239 1524 2293 redimere
1593 2238 1868 2302 voluerit,

164 2342 359 2380 unum
415 2345 728 2398 pauperem
759 2334 930 2399 prout
977 2345 1078 2381 sua
1107 2329 1344 2382 facultas
1387 2327 1516 2395 erit,
1549 2327 1746 2380 eadem
1779 2326 1870 2380 die

163 2413 416 2469 reﬁciat.

355 2505 480 2560 CAP.
506 2505 636 2558 XVI.
663 2533 730 2546 —
762 2507 836 2559 De
865 2505 974 2558 illis
1006 2506 1104 2572 qui
1127 2506 1351 2559 Romam
1382 2502 1520 2557 ituri
1545 2508 1688 2556 sunt.

251 2592 507 2647 Decrevit
559 2610 792 2664 quoque
849 2600 1041 2646 sancta
1100 2595 1372 2662 synodus,
1417 2600 1479 2645 ut
1518 2593 1708 2645 nullus
1762 2591 1872 2645 Ro-

170 2694 330 2732 mam
380 2685 490 2746 eat,
525 2681 638 2734 nisi
698 2697 828 2734 cum
872 2680 1101 2734 licentia
1157 2682 1243 2733 sui
1301 2681 1576 2750 episcopi,
1627 2681 1715 2733 vel
1749 2679 1872 2748 ejus

171 2767 394 2822 vicarii.

248 2857 375 2911 CAP.
408 2858 572 2913 X‘III.
609 2886 681 2898 —
717 2860 783 2912 Ut
811 2860 1002 2911 carina
1030 2873 1135 2910 non
1175 2857 1460 2910 dividatur
1494 2858 1798 2925 paenitenti.

245 2946 316 2998 Et
345 2946 483 3000 illud
512 2946 615 3000 sub
656 2947 1021 3000 anathemate
1062 2950 1414 3016 praeceptum
1450 2951 1554 3012 est,
1587 2951 1652 2999 ut
1681 2945 1872 2999 nullus

1977 433 2306 501 praesumat,
2356 429 2403 482 si
2435 429 2740 482 inﬁrmitas
2768 445 2883 482 non
2913 429 3307 483 intervenerit.

1977 537 2105 591 Car.
2138 537 2324 593 XVIII.
2356 566 2420 575 —
2451 539 2524 590 De
2563 537 2674 589 illis
2704 538 2800 603 qui
2840 539 3212 604 penitentiam
3239 553 3273 590 α
3299 537 3672 592 sacerdotibus

2580 609 2821 675 accipere
2860 610 3068 660 nolunt.

2050 697 2194 761 Quia
2225 695 2390 750 multi
2416 699 2575 749 tanta
2616 694 2824 748 mentis
2855 711 2971 748 suae
3005 696 3281 750 falluntur
3312 695 3572 757 stultitia,
3609 701 3672 749 ut

1977 785 2036 838 in
2080 785 2274 855 aliquo
2336 784 2567 854 capitali
2616 783 2857 837 crimine
2921 784 3218 854 inculpati,
3273 785 3670 854 pcenitentiam

1978 873 2366 927 sacerdotibus
2416 873 2534 926 suis
2584 873 2844 942 accipere
2886 872 3112 938 nolunt,
3163 872 3223 925 in
3275 875 3380 928 hoc
3428 874 3671 926 maxime

1977 961 2176 1016 conﬁsi
2235 967 2298 1016 ut
2337 963 2578 1016 Romam
2631 961 2900 1014 euntibus
2947 960 3291 1031 apostolicus
3329 961 3525 1014 omnia
3565 961 3670 1015 sibi

1977 1051 2227 1104 dimittat
2273 1056 2502 1120 peccata
2533 1066 2544 1103 :
2581 1056 2777 1103 sancto
2806 1049 2993 1102 visum
3039 1052 3124 1101 est
3154 1049 3416 1116 concilio,
3453 1056 3516 1104 ut
3545 1050 3674 1103 talis

1979 1139 2337 1209 indulgentia
2381 1139 2492 1192 illis
2526 1155 2637 1192 non
2672 1140 2870 1208 prosit,
2907 1139 3000 1191 sed
3035 1138 3191 1208 prius
3232 1139 3397 1209 juxta
3435 1138 3674 1192 modum

1980 1228 2171 1282 delicti
2219 1227 2615 1296 paenitentiam
2663 1227 2770 1281 sibi
2839 1227 3030 1281 datam
3065 1244 3097 1280 a
3125 1226 3243 1280 suis
3283 1227 3674 1282 sacerdotibus

1979 1316 2334 1386 adimpleant
2383 1321 2438 1370 et
2498 1322 2632 1370 tunc
2683 1317 2923 1370 Romam
2988 1316 3068 1368 ire
3117 1315 3164 1368 si
3220 1316 3416 1382 velint,
3452 1315 3522 1369 ab
3553 1314 3678 1384 epi-

1981 1421 2153 1475 scopo
2200 1405 2434 1476 proprio
2482 1405 2792 1468 licentiam,
2837 1411 2894 1458 et
2925 1405 3142 1458 litteras
3193 1405 3264 1459 ad
3297 1405 3674 1474 apostolicum

1982 1510 2046 1547 ex
2073 1493 2276 1546 iisdem
2311 1493 2479 1546 rebus
2511 1493 2843 1547 deferendas
2875 1492 3174 1562 accipiant.

1986 1600 2110 1654 CAP.
2145 1600 2274 1655 XIX.
2330 1628 2399 1639 —
2449 1601 2514 1653 Ut
2546 1601 2717 1652 omnis
2759 1601 3020 1667 pamitens
3075 1598 3203 1651 dum
3243 1601 3487 1652 carinam
3520 1613 3676 1653 suam

2251 1671 2492 1739 jejunat,
2525 1671 2591 1722 de
2618 1672 2726 1723 loco
2757 1670 2830 1722 ad
2859 1671 3029 1722 locum
3058 1685 3164 1723 non
3186 1675 3398 1736 migret.

2057 1777 2352 1831 Decretum
2403 1781 2488 1830 est
2533 1777 2704 1829 etiam
2739 1775 2798 1829 in
2830 1775 3030 1829 eodem
3085 1775 3345 1841 concilio,
3381 1780 3444 1828 ut
3489 1776 3677 1829 omnis

1984 1867 2265 1935 paenitens
2295 1865 2432 1919 dum
2476 1865 2727 1918 carinam
2759 1881 2919 1917 suam
2950 1864 3194 1933 jejunat,
3251 1865 3320 1918 de
3352 1865 3472 1917 loco
3499 1864 3559 1917 in
3594 1865 3678 1918 lo-

1984 1970 2110 2007 cum
2147 1970 2258 2006 non
2303 1954 2529 2023 migret,
2579 1954 2674 2006 sed
2703 1953 2782 2006 ibi
2816 1960 3152 2021 permaneat
3186 1953 3282 2006 ubi
3323 1969 3485 2006 suam
3520 1969 3678 2007 acce-

1983 2042 2132 2112 perit
2160 2041 2580 2112 paanitentiam,
2613 2047 2675 2093 ut
2705 2041 2971 2110 proprius
2991 2041 3256 2093 sacerdos
3288 2041 3395 2094 sibi
3426 2041 3682 2110 prmbeat

1983 2131 2374 2184 testimonium
2409 2146 2420 2183 :
2456 2129 2501 2182 si
2534 2135 2723 2182 autem
2758 2130 2868 2182 sibi
2899 2136 3136 2200 propter
3167 2129 3400 2183 hostiles
3445 2129 3680 2183 insidias

1975 2220 2240 2290 jejunare
2280 2235 2394 2273 non
2425 2219 2655 2288 poterit,
2690 2235 2827 2271 suus
2866 2219 3128 2271 sacerdos
3159 2233 3286 2271 cum
3323 2218 3677 2271 confratrum

1982 2324 2215 2362 suorum
2249 2309 2438 2370 alicui,
2488 2307 2584 2360 ubi
2612 2307 2845 2377 pacitice
2877 2306 3054 2376 possit
3096 2305 3382 2376 jejunare,
3426 2305 3679 2376 diligen-

1981 2397 2198 2450 tissime
2223 2397 2608 2450 commendet.

1982 2504 2110 2558 CAP.
2144 2503 2254 2558 XX.
2289 2535 2356 2542 —
2393 2505 2458 2558 Ut
2494 2503 2676 2557 nullus
2708 2502 2988 2570 presbyter
3040 2517 3362 2569 quemquam
3413 2503 3676 2570 perniten-

2400 2579 2501 2627 tem
2534 2578 2590 2627 in
2620 2575 2896 2627 ecclesiam
2925 2573 3255 2626 introducat.

2053 2681 2114 2733 In
2147 2680 2348 2734 eodem
2398 2696 2628 2751 quoque
2659 2679 2898 2733 concilio
2947 2680 3240 2733 decretum
3272 2683 3358 2733 est.
3397 2684 3462 2732 ut
3488 2680 3680 2732 nullus

1981 2769 2444 2838 presbyterorum
2497 2784 2845 2838 quemquam
2883 2768 2989 2821 nisi
3019 2767 3178 2838 jussu
3226 2767 3479 2838 episeopi
3511 2768 3682 2820 eccle-

1981 2856 2122 2909 siam
2177 2857 2537 2910 introducere
2589 2862 2919 2926 praesumat,
2979 2857 3069 2910 cui
3101 2872 3204 2926 pro
3237 2858 3432 2926 aliquo
3473 2856 3680 2910 delicto

1982 2944 2141 2998 illam
2170 2945 2396 3015 ingredi
2431 2962 2546 2999 non
2576 2946 2760 2999 liceat.
2847 2969 2852 2974 ι

1009 3284 1497 3370 QUOMODO
1577 3283 2076 3357 lNITIANDA
2153 3285 2299 3356 SIT
2376 3283 2846 3357 SYNODUS.

251 3619 402 3671 Hora
449 3617 832 3685 convenienti,
883 3616 1111 3686 quando
1164 3616 1433 3687 episcopo
1483 3615 1570 3670 vel
1619 3617 1744 3686 ejus
1786 3617 1872 3669 vi-
1912 3628 1951 3681 ρ
1986 3617 2286 3680 thuribulo,
2333 3622 2382 3671 et
2427 3633 2546 3672 cum
2593 3619 2938 3684 ceroferariis
2992 3619 3218 3684 duobus,
3255 3620 3400 3685 legat
3430 3622 3681 3686 Evange-

175 3705 331 3760 cario
388 3705 567 3760 visum
612 3705 804 3772 fuerit,
855 3722 1050 3758 omnes
1082 3706 1441 3774 expellantur
1493 3704 1560 3759 de
1613 3706 1869 3772 ecclesia,

176 3795 458 3849 obseratis
492 3794 710 3847 foribus
737 3793 975 3859 cunctis,
1005 3794 1072 3847 ad
1100 3809 1271 3846 unam
1295 3793 1533 3863 januam
1565 3809 1670 3862 per
1698 3809 1872 3863 quam

175 3883 500 3936 sacerdotes
548 3882 774 3953 ingredi
831 3888 1058 3952 oportet
1127 3881 1346 3934 ostiarii
1407 3887 1576 3948 stent,
1627 3888 1682 3935 et
1737 3882 1875 3935 sella

174 3979 428 4041 ponatur
477 3972 537 4024 in
570 3970 779 4037 medio,
829 3977 885 4023 et
914 3985 1086 4040 super
1131 3986 1255 4023 eam
1297 3986 1470 4023 sacrae
1503 3970 1787 4040 reliquiae,
1819 3975 1875 4024 et

173 4059 498 4129 plenarium
554 4076 682 4112 cum
733 4060 890 4119 stola,
944 4063 1215 4128 ponatur.
1265 4058 1480 4112 Deinde
1529 4059 1873 4112 convenien-

177 4153 257 4201 tes
304 4147 623 4218 presbyteri
673 4163 873 4201 omnes
921 4146 1154 4213 intrent,
1209 4152 1266 4200 et
1295 4147 1611 4200 secundum
1641 4146 1873 4201 ordina-

174 4237 352 4290 tionis
399 4253 516 4289 suae
546 4242 776 4306 tempus
819 4235 1126 4289 resideant.
1163 4236 1298 4289 Post
1325 4235 1430 4289 hos
1474 4235 1876 4304 ingrediantur

172 4325 400 4378 diaconi
432 4325 777 4394 probabiles,
832 4340 974 4396 quos
1016 4324 1158 4378 ordo
1207 4323 1536 4394 poposcerit
1574 4323 1871 4377 interesse.

175 4413 388 4466 Exinde
453 4413 892 4467 introducantur
959 4411 1088 4466 laici
1156 4412 1325 4466 bonae
1403 4411 1871 4466 conversationis.

171 4501 333 4556 Tunc
387 4501 744 4570 ingrediatur
789 4502 1110 4571 episcopus,
1161 4501 1207 4554 si
1239 4499 1500 4566 voluerit,
1549 4499 1633 4553 vel
1668 4499 1714 4552 si
1768 4515 1874 4554 ne-

173 4591 406 4644 cessitas
457 4590 729 4659 exegerit,
781 4595 836 4643 et
883 4590 931 4643 si
983 4606 1099 4642 non
1151 4589 1336 4643 aderit
1371 4589 1698 4659 episcopus,
1750 4589 1874 4659 ejus

175 4678 420 4730 vicarius
453 4679 653 4732 eadem
690 4678 876 4732 faciat.

243 4767 518 4833 Synodum
568 4768 878 4834 ingrediens
908 4768 1024 4834 ipse
1054 4766 1135 4819 vel
1163 4765 1281 4832 ejus
1327 4767 1584 4827 vicarius,
1637 4766 1873 4833 primum

171 4858 372 4909 salutet
401 4858 598 4908 clerum
628 4862 678 4909 et
722 4858 1006 4926 populum,
1039 4859 1089 4908 et
1133 4869 1320 4908 versus
1368 4856 1426 4907 in
1455 4857 1715 4908 orientem
1762 4869 1870 4907 me-

172 4944 352 4998 diocri
380 4960 498 4998 roce
535 4945 683 4997 dicta
717 4961 729 4997 :

245 5035 394 5086 Deus
448 5033 752 5086 humilium
805 5032 1084 5096 visitator,
1135 5031 1235 5101 qui
1278 5047 1382 5084 nos
1428 5032 1681 5085 fraterna
1731 5031 1872 5085 dile-

171 5122 361 5174 ctione
394 5122 725 5187 consolaris,
761 5122 1052 5190 praetende
1098 5121 1351 5174 societati
1387 5126 1590 5174 nostrm
1629 5121 1873 5189 gratiam

173 5215 352 5272 tuam,
388 5215 450 5263 ut
483 5226 584 5280 per
631 5227 728 5263 eos
776 5210 833 5262 in
867 5209 1073 5278 quibus
1107 5210 1349 5273 habitas,
1403 5214 1568 5261 tuum
1620 5210 1676 5260 in
1713 5209 1876 5261 nobis

174 5300 490 5351 svntiamus
523 5299 848 5351 adventum.
902 5299 1007 5350 Per
1042 5298 1346 5351 Dominum
1394 5303 1654 5350 nostrum
1685 5297 1876 5350 Jesum

173 5387 482 5440 Christum.

248 5478 394 5528 Tunc
445 5475 736 5544 procedens
795 5476 1053 5530 diaconus
1105 5489 1224 5529 cum
1279 5475 1610 5530 subdiacono
1661 5479 1711 5527 et
1758 5489 1878 5528 cum

1985 3706 2118 3759 lium
2151 3721 2165 3758 :

2057 3795 2196 3848 Cum
2247 3798 2397 3847 esset
2427 3809 2554 3848 sero
2604 3793 2694 3847 die
2742 3793 2840 3848 illo
2873 3809 2987 3847 una
3015 3792 3391 3848 Sabbatorum
3443 3801 3501 3850 et
3529 3795 3681 3850 fores

1986 3888 2180 3936 essent
2209 3883 2437 3936 clausae.

2056 3971 2256 4024 Deinde
2288 3971 2436 4024 dicat
2463 3973 2712 4038 ponti/ea:
2738 3971 2821 4025 uel
2848 3972 2965 4040 ejus
2991 3973 3231 4026 vicarius
3261 3987 3272 4024 :

2057 4061 2259 4114 Sancta
2303 4059 2496 4126 Maria,
2554 4066 2610 4112 et.
2639 4076 2840 4114 omnes
2879 4061 3081 4119 sancti,
3137 4067 3192 4113 et
3220 4060 3384 4113 electi
3433 4061 3550 4123 Dei,
3585 4061 3682 4115 in-

1985 4148 2258 4201 tercedite
2284 4164 2389 4218 pro
2424 4149 2586 4201 nobis
2621 4148 3015 4218 peccatoribus
3041 4150 3109 4201 ad
3146 4150 3454 4205 Dominum
3500 4152 3678 4204 Deum

1985 4241 2267 4304 nostrum,
2326 4241 2392 4289 ut
2431 4252 2756 4290 mereamur
2783 4237 2856 4290 ab
2904 4253 2972 4290 eo
3016 4236 3294 4305 adjuvari,
3331 4242 3389 4291 et
3435 4237 3678 4308 protegi,

1988 4330 2045 4377 et
2075 4323 2282 4376 sanari.
2313 4324 2418 4387 Qui
2452 4325 2589 4377 vivit
2617 4329 2673 4378 et
2701 4330 2904 4394 regnat
2936 4325 2996 4378 in
3026 4326 3249 4378 saecula.

2055 4413 2398 4466 Postmodum
2425 4413 2638 4466 duabus
2676 4414 2882 4467 uicibus
2911 4413 3059 4468 dicat
3092 4431 3108 4467 :

2056 4501 2228 4566 Deus,
2259 4501 2315 4554 in
2349 4501 2699 4571 adjutorium
2733 4519 2925 4555 meum
2958 4503 3212 4556 intende.

2057 4590 2316 4657 Domine,
2349 4591 2418 4643 ad
2453 4589 2840 4660 adjuvandum
2871 4605 2960 4643 me
2991 4590 3216 4643 festina.

2059 4679 2204 4730 Tunc
2237 4682 2392 4732 tertio
2422 4680 2616 4731 iterum
2646 4677 2795 4731 dicat
2821 4695 2838 4730 :

2060 4766 2224 4831 Deus,
2254 4765 2311 4819 in
2345 4766 2695 4833 adjutorium
2731 4780 2924 4818 meum
2957 4763 3211 4817 intende.

2055 4855 2204 4909 Clero
2233 4855 2586 4921 respondente
2614 4871 2630 4908 :

1912 4923 1953 4976 Ῑ)
2062 4943 2322 5007 Domine,
2369 4941 2439 4994 ad
2474 4939 2858 5009 adjuvandum
2917 4958 3004 4994 me
3048 4941 3274 5002 festina,
3330 4955 3449 4993 cum
3491 4939 3680 4993 Gloria

1985 5031 2158 5096 Patri,
2191 5034 2243 5084 et
2288 5029 2458 5099 Kyrie
2489 5029 2724 5094 eleison,
2756 5035 2805 5083 et
2834 5030 3001 5083 Pater
3033 5036 3244 5094 noster,
3278 5043 3398 5082 cum
3426 5028 3683 5096 precibus

1986 5121 2107 5172 istis
2144 5133 2156 5172 :

2057 5207 2318 5272 Domine,
2350 5222 2422 5260 ne
2452 5206 2784 5260 memineris
2811 5205 3182 5276 iniquitatem
3216 5209 3540 5259 nostrarum
3573 5221 3682 5258 an-

1987 5296 2300 5366 tiquarum.

2056 5383 2277 5452 Adjuva
2303 5400 2424 5448 nos,
2461 5385 2629 5448 Deus,
2663 5383 2928 5437 salutaris
2962 5388 3173 5437 noster.

2062 5474 2190 5526 Esto
2217 5473 2404 5537 nobis,
2437 5473 2696 5538 Domine,
2725 5473 2898 5526 turris
2925 5471 3300 5527 fortitudinis.
