4010 6194
381 269 518 322 1063

450 391 712 458 Domine,
741 389 942 444 exaudi
972 389 1291 443 orationem
1317 403 1526 442 meam.

449 482 728 535 Dominus
760 480 1073 533 vobiscum.

448 569 690 624 Oremus.
721 567 932 622 Exaudi
965 583 1092 632 nos,
1133 567 1297 632 Deus,
1329 566 1592 619 salutaris
1623 571 1834 630 noster,
1867 571 1921 618 et
1953 565 2073 618 dies

378 662 602 710 nostros
649 657 709 709 in
741 661 836 709 tua
869 672 1006 725 pace
1050 655 1308 723 dispone,
1343 660 1405 707 ut
1444 669 1476 706 a
1505 655 1725 707 cunctis
1773 655 2073 724 perturba-

379 745 635 799 tionibus
667 744 913 810 liberati,
947 743 1252 813 tranquilla
1277 742 1376 795 tibi
1405 742 1674 796 servitute
1702 743 2071 796 famulemur.

383 835 492 888 Per
522 834 829 888 Dominum
860 839 1122 886 nostrum
1150 833 1338 885 Jesum
1372 832 1680 884 Christum.

454 923 654 976 Deinde
694 937 797 990 pro
862 922 1130 974 universis
1184 919 1489 984 ordinibus,
1549 934 1750 973 necnon
1787 934 1887 988 pro
1927 923 2076 972 statu

375 1025 560 1078 papae,
592 1015 640 1062 et
670 1011 936 1062 antistitis
957 1008 1196 1077 ejusdem
1221 1007 1384 1074 sedis,
1415 1008 1600 1062 dicant
1631 1011 1760 1062 istos
1787 1009 2024 1076 psalmos
2056 1024 2072 1059 :

451 1099 710 1151 Miserere
757 1097 888 1162 mei,
947 1098 1111 1161 Deus,
1170 1097 1481 1150 secundum
1532 1113 1802 1166 magnam
1855 1095 2077 1150 miseri-

379 1186 631 1238 cordiam
665 1193 838 1239 tuam.

451 1274 621 1339 Deus,
657 1273 713 1326 in
746 1273 976 1327 nomine
1009 1279 1108 1326 tuo
1141 1273 1358 1327 salvum
1393 1290 1481 1327 me
1515 1273 1622 1326 fac.

453 1363 714 1416 Miserere
743 1361 876 1428 mei,
909 1363 1076 1428 Deus,
1111 1361 1380 1416 miserere
1409 1363 1538 1416 mei.

454 1451 602 1504 Deus
633 1449 974 1504 misereatur
1006 1449 1202 1504 nostri.

450 1539 512 1591 Et
543 1539 711 1591 Pater
741 1545 952 1606 noster,
985 1555 1114 1592 cum
1146 1538 1429 1608 precibus.
1505 1568 1508 1570 η

451 1627 784 1681 Sacerdotes
817 1627 899 1680 tui
932 1628 1242 1680 induantur
1264 1627 1504 1696 justitia.

452 1717 732 1770 Memento
762 1716 1219 1786 congregationis
1250 1721 1382 1769 tum.

451 1804 644 1858 Salvos
674 1803 759 1858 fac
786 1821 911 1871 nos,
948 1805 1184 1858 Domine
1220 1806 1364 1858 Deus
1400 1809 1609 1857 noster.

453 1894 522 1946 Ut
547 1894 925 1947 contite‘amur
947 1893 1164 1946 nomini
1197 1897 1390 1946 sancto
1420 1899 1539 1945 tuo.

452 1981 817 2052 Adjutorium
855 1986 1112 2034 nostrum
1147 1982 1204 2034 in
1235 1981 1466 2033 nomine
1503 1979 1750 2034 Domini.

454 2071 713 2137 Domine,
750 2070 949 2124 exaudi
984 2069 1300 2123 orationem
1332 2085 1538 2122 meam.

452 2159 730 2212 Dominus
761 2159 1071 2212 vobiscum.

451 2248 690 2302 Oremus.
739 2247 1116 2317 Omnipotens
1159 2247 1507 2317 sempiterno
1544 2247 1708 2313 Deus,
1757 2246 1918 2316 cujus
1952 2246 2074 2316 spi-

378 2335 490 2389 ritu
539 2341 723 2389 totum
757 2353 962 2406 corpus
1013 2336 1272 2389 Ecclesiae
1306 2334 1696 2388 sanctiﬁcatur
1737 2341 1794 2387 et
1833 2334 2068 2404 regitur,

379 2424 581 2478 exaudi
632 2441 736 2477 nos
781 2441 884 2494 pro
923 2423 1198 2477 universis
1228 2424 1528 2477 ordinibus
1569 2422 1977 2492 supplicantes,
2012 2428 2075 2475 ut

380 2514 578 2583 gratiae
609 2518 718 2565 tum
753 2529 1010 2576 munere,
1047 2513 1114 2565 ab
1151 2512 1417 2565 omnibus
1449 2511 1551 2564 tibi
1583 2510 1856 2581 gradibus
1888 2509 2073 2564 ﬁdeli-

378 2606 466 2655 ter
496 2600 790 2654 serviatur.
831 2603 934 2654 Per
961 2601 1286 2654 Dominum.

450 2689 650 2744 Deinde
679 2689 826 2742 dicat
860 2708 876 2743 :

452 2780 618 2840 Deus,
654 2778 912 2831 omnium
947 2778 1197 2831 fidelium
1240 2781 1431 2848 pastor
1461 2779 1518 2829 et
1550 2780 1752 2837 rector,
1791 2774 2069 2828 famulum

375 2871 541 2921 tuum
576 2883 748 2937 quem
781 2874 1071 2936 pastorem
1109 2865 1365 2919 Ecclesiae
1401 2870 1510 2918 ture
1541 2879 1785 2934 prmesse
1819 2862 2070 2928 voluisti,

1641 263 1968 320 INITIANDI
2011 267 2332 322 SYNODUM
2375 267 2624 322 MODUS.

2098 396 2139 446 Α
2182 405 2341 443 some
2368 393 2718 460 corrumpat,
2753 388 2847 443 sed
2881 389 3063 460 junge
3097 404 3202 442 nos
3229 388 3333 444 tibi
3365 389 3685 444 efﬁcaciter
3718 389 3902 442 solius

3769 272 3788 320 i
3801 269 3907 320 064

2188 484 2300 532 tua?
2331 480 2530 549 gratiae
2579 480 2747 545 dono,
2803 484 2865 532 ut
2897 478 3075 531 simus
3106 478 3165 531 in
3209 484 3262 532 te
3296 495 3498 545 unum,
3534 487 3593 532 et
3644 479 3709 531 in
3747 479 3905 531 nullo

2185 567 2482 621 deviemus
2514 585 2545 621 a
2592 585 2724 621 vero
2759 584 2770 621 :
2807 571 3088 638 quatenus
3129 567 3186 621 in
3230 568 3461 621 nomine
3495 574 3598 621 tuo
3649 567 3904 636 collecti,

2189 656 2266 709 sic
2320 656 2378 708 in
2427 657 2643 709 cunctis
2686 662 2984 710 teneamus
3036 672 3161 710 cum
3211 657 3607 710 moderamine
3669 655 3906 726 pietatis

2183 743 2490 814 justitiam,
2527 751 2589 798 ut
2621 751 2676 798 et
2714 746 2805 798 hic
2834 762 2866 798 a
2895 750 2949 798 te
2981 744 3040 798 in
3074 746 3229 798 nullo
3275 745 3572 799 dissentiat
3612 744 3904 797 sententia

2190 837 2402 898 nostra,
2455 839 2511 886 et
2555 833 2611 886 in
2660 833 2851 886 futuro
2904 849 3010 902 pro
3053 833 3195 887 bene
3243 833 3418 903 gestis
3465 848 3902 903 consequamur

2188 921 2426 991 praemia
2461 921 2829 991 sempiterna.
2864 923 2992 974 Per.

2261 1013 2411 1064 Tunc
2459 1009 2719 1063 diaconus
2767 1009 3004 1064 codicem
3036 1025 3295 1064 canonum
3338 1012 3397 1064 in
3441 1010 3698 1064 medium
3729 1013 3901 1079 profe-

2184 1112 2307 1150 rens
2350 1098 2593 1166 capitula
2626 1098 2690 1150 de
2733 1099 2997 1151 Conciliis
3042 1098 3262 1164 agendis
3309 1102 3660 1167 pronuntiet,
3713 1098 3777 1150 id
3811 1104 3896 1162 (st,

2186 1202 2253 1240 ex
2284 1187 2510 1240 concilio
2565 1186 2834 1240 Toletano.
2884 1187 3192 1255 Finitisque
3244 1187 3444 1252 titulis,
3477 1191 3528 1238 et
3576 1189 3806 1240 cunctis
3851 1190 3896 1239 in

2185 1275 2376 1328 ordine
2422 1274 2728 1328 sedentibus
2777 1275 2884 1328 haec
2925 1275 3221 1328 admonitio
3261 1274 3330 1328 ab
3378 1277 3662 1344 episcopo,
3723 1276 3826 1338 uel,
3853 1278 3897 1326 si

2185 1364 2433 1429 uoluerit,
2471 1379 2504 1416 a
2527 1363 2750 1416 diacono
2781 1364 2997 1430 legatur
3025 1380 3037 1416 :

2256 1452 2417 1515 Ecce,
2451 1451 2792 1505 sanctissimi
2838 1451 3061 1514 fratres,
3094 1450 3406 1522 prmmissis
3461 1451 3582 1504 Deo
3635 1451 3892 1520 precibus

2189 1539 2606 1594 fraternitatem
2655 1545 2896 1592 vestram
2947 1555 3074 1593 cum
3109 1539 3199 1609 pia
3229 1540 3640 1593 exhortatione
3692 1557 3893 1593 conve-

2191 1628 2306 1693 nio,
2349 1633 2404 1680 et
2435 1643 2539 1699 per
2587 1627 2845 1681 divinum
2898 1644 3112 1681 nomen
3163 1628 3437 1691 obtestor,
3474 1633 3535 1681 ut
3599 1645 3670 1681 ea
3713 1644 3840 1698 qua:
3868 1646 3894 1681 a

2192 1717 2357 1770 nobis
2390 1717 2458 1770 de
2505 1718 2640 1783 Deo,
2683 1722 2738 1770 et
2784 1717 2957 1769 sacris
2989 1717 3307 1784 ordinibus,
3339 1717 3425 1769 vel
3473 1717 3693 1769 nostris
3731 1717 3892 1769 mori-

2189 1807 2295 1860 bus
2326 1805 2482 1859 Vobis
2515 1805 2729 1858 fuerint
2770 1805 2938 1872 dicta,
2986 1821 3114 1858 cum
3147 1822 3372 1858 summa
3406 1805 3745 1858 reverentia
3774 1823 3890 1875 per-

2186 1895 2356 1948 ficere
2403 1893 2730 1948 intendatis.
2786 1893 2946 1956 Quod
3000 1894 3044 1945 si
3078 1893 3312 1946 forsitan
3363 1893 3580 1962 aliquis
3633 1901 3889 1946 nostrum

2187 1981 2352 2034 aliter
2395 1997 2568 2051 quam
2602 1981 2750 2034 dicta
2793 1981 3026 2046 fuerint,
3060 1981 3296 2034 senserit
3327 1983 3453 2033 sine
3486 1982 3693 2048 aliquo
3743 1999 3885 2034 scro-

2186 2070 2322 2140 pulo
2377 2069 2778 2133 contentionis,
2823 2069 2879 2121 in
2916 2074 3178 2122 nostrum
3209 2070 3471 2122 omnium
3522 2070 3888 2139 copulatione

2185 2176 2252 2212 ea
2283 2158 2402 2228 ipse
2456 2159 2525 2212 de
2557 2158 2767 2228 quibus
2812 2157 3160 2210 dubitaverit
3205 2157 3562 2211 conferenda
3610 2158 3885 2211 reducat:

2185 2248 2451 2317 qualiter.
2491 2248 2603 2300 Deo
2630 2246 2943 2313 mediante,
2977 2253 3074 2299 aut
3103 2246 3292 2300 doceri
3321 2246 3520 2316 possit,
3545 2252 3654 2299 aut
3677 2248 3886 2300 doceat.

2189 2336 2402 2389 Deinde
2435 2353 2530 2388 vos
2570 2335 2744 2388 simili
2777 2334 3155 2388 obtestatione
3185 2337 3445 2403 conjuro,
3483 2342 3544 2387 ut
3580 2338 3781 2388 nullus
3813 2351 3890 2387 re-

2183 2429 2365 2477 strum
2398 2423 2456 2476 in
2482 2423 2816 2492 judicando,
2850 2428 2948 2476 aut
2981 2439 3277 2493 personam
3312 2423 3578 2492 accipiat,
3617 2430 3725 2476 aut
3758 2441 3892 2494 quo-

2186 2514 2323 2566 libet
2351 2513 2559 2573 favore,
2593 2518 2692 2565 aut
2724 2528 2960 2564 munere
2993 2515 3249 2582 pulsatus
3281 2531 3311 2564 a
3334 2512 3574 2565 veritate
3609 2513 3893 2566 discedat.

2183 2601 2292 2655 Sed
2323 2618 2450 2654 cuin
2485 2607 2640 2653 tanta
2668 2601 2876 2670 pietate
2909 2600 3186 2670 quidquid
3218 2600 3386 2653 ccetui
3416 2617 3476 2652 se
3501 2601 3897 2670 judicaudum

2184 2689 2440 2743 intulerit
2489 2694 2812 2755 retractate,
2861 2696 2922 2742 ut
2957 2705 3060 2742 nec
3097 2688 3426 2742 discordans
3466 2690 3773 2742 contentio
3823 2691 3898 2743 ad

2184 2777 2610 2830 subversionem
2647 2777 2890 2845 justitia:
2932 2777 3079 2829 inter
3107 2793 3209 2830 nos
3243 2776 3424 2829 locum
3460 2775 3749 2840 inveniat,
3787 2795 3898 2832 nec

2183 2867 2388 2919 iterum
2434 2867 2488 2919 in
2517 2865 2903 2936 perquireuda
2934 2866 3206 2936 aequitate
3240 2865 3399 2934 vigor
3428 2865 3616 2917 nostri
3645 2866 3889 2930 ordinis,

375 2953 660 3025 propitius
684 2953 920 3023 respice,
953 2954 1022 3007 da
1053 2953 1123 3018 ei,
1151 2969 1501 3024 quaesumus,
1528 2953 1700 3004 verbo
1732 2956 1787 3003 et
1807 2951 2068 3020 exemplo
2109 2960 2146 3012 C
2180 2956 2263 3008 vel
2299 2955 2658 3008 sollicitando
2687 2960 2955 3024 tepescat.

379 3043 588 3113 quibus
620 3043 811 3113 prmsit
839 3043 1135 3113 prolicere,
1189 3049 1246 3096 ut
1281 3042 1348 3096 ad
1381 3041 1555 3094 vitam
1588 3057 1698 3094 una
1737 3055 1862 3093 cum
1897 3057 2069 3109 grege

377 3131 482 3183 sibi
531 3131 743 3184 credito
780 3131 1073 3201 perveniat
1120 3131 1549 3201 sempiternam.
1607 3131 1710 3182 Per
1763 3130 2068 3182 Dominum

377 3224 635 3274 nostrum
672 3221 860 3272 Iesum
894 3220 1181 3273 Christum
1215 3217 1421 3272 Filium
1454 3224 1637 3271 tuum.

447 3309 549 3361 His
600 3309 830 3376 expletis
879 3312 1076 3375 septem
1126 3307 1366 3361 Psalmos
1416 3307 1742 3375 pmiitentize
1768 3305 2065 3358 decantent.

379 3395 509 3450 Cum
538 3394 709 3465 Kyrie
744 3395 978 3461 eleison,
1008 3402 1056 3448 et
1074 3397 1240 3448 Pater
1270 3400 1482 3458 noster,
1504 3411 1622 3448 cum
1639 3393 1891 3463 precibus
1913 3396 2065 3450 istis:

450 3484 565 3553 Ego
596 3482 729 3548 dixi,
767 3483 1029 3550 Domine,
1065 3484 1332 3536 miserere
1366 3483 1496 3536 mei.

450 3571 811 3637 Convertere,
847 3572 1112 3637 Domine,
1149 3589 1471 3643 usquequo.

449 3661 570 3714 Fiat
599 3661 986 3715 misericordia
1020 3667 1136 3728 tua,
1171 3661 1430 3727 Domine,
1461 3675 1634 3730 super
1659 3675 1781 3712 nos.

449 3750 710 3818 Domine,
745 3749 948 3804 exaudi
983 3753 1301 3804 orationem
1334 3765 1541 3803 meam.

451 3839 722 3893 Dominus
749 3837 1060 3891 vobiscum.

448 3926 687 3982 Oremus.
725 3925 854 3980 Dies
893 3931 1138 3992 nostros,
1181 3940 1533 3996 quaesumus,
1581 3922 1836 3988 Domine,
1878 3921 2068 3991 placa-

375 4021 467 4069 tus
498 4015 752 4079 intende,
810 4016 1140 4084 pariterque
1195 4031 1320 4079 nos,
1370 4019 1427 4066 et
1464 4030 1496 4066 a
1548 4012 1791 4082 peccatis
1840 4011 2068 4064 absolve

373 4104 676 4175 propitius,
712 4109 768 4158 et
793 4120 821 4156 a
869 4103 1085 4157 cunctis
1133 4106 1289 4173 eripe
1321 4102 1606 4171 benignus
1659 4099 1930 4154 adversis.
1963 4099 2070 4152 Per

376 4193 702 4247 Dominum.

445 4283 569 4334 Post
613 4280 720 4333 hac
767 4293 889 4332 vero
935 4277 1288 4345 egrediantur
1316 4291 1514 4342 omnes,
1565 4277 1800 4344 exceptis
1836 4275 2064 4344 presby-

376 4371 526 4431 teris,
568 4372 616 4420 et
647 4368 851 4420 caeteris
878 4365 1084 4419 idoneis
1109 4367 1340 4428 clericis,
1372 4366 1624 4432 factoque
1664 4365 1896 4430 silentio,
1922 4379 2066 4432 pon-

376 4459 538 4521 tifex,
571 4455 654 4506 vel
685 4455 802 4522 ejus
825 4455 1088 4521 vicarius,
1111 4454 1262 4507 dicat
1287 4454 1423 4506 hanc
1453 4454 1752 4506 oralionem
1785 4469 1797 4506 :

449 4541 725 4596 Dominus
752 4542 1060 4596 vobiscum.

446 4631 664 4686 Oremus
722 4630 929 4684 Adesto
973 4630 1160 4697 nobis,
1201 4645 1552 4700 quaesumus,
1589 4629 1830 4682 Domine
1875 4632 2065 4682 sancte

373 4720 639 4789 Spiritus,
672 4720 888 4790 peccati
921 4720 1153 4790 quidem
1187 4719 1545 4772 immanitate
1578 4717 1842 4784 detentis,
1876 4717 1968 4771 sed
2004 4717 2064 4771 in

375 4809 607 4864 nomine
644 4816 740 4861 tuo
790 4808 1110 4878 specialiter
1154 4806 1496 4877 aggregatis,
1553 4804 1675 4858 veni
1729 4805 1801 4858 ad
1855 4821 1975 4870 nos,
2010 4807 2064 4858 et

373 4898 613 4967 dignare
649 4896 806 4950 illabi
850 4896 1115 4950 cordibus
1160 4895 1387 4961 nostris,
1429 4895 1565 4948 doce
1613 4909 1716 4947 nos
1745 4893 1883 4963 quid
1928 4908 2063 4960 aga-

373 5003 520 5053 mus,
557 5002 670 5056 quo
716 4985 1050 5054 gradiamur
1091 4985 1344 5044 ostende,
1396 4983 1530 5053 quid
1577 4981 1891 5035 efficiamus
1921 4996 2062 5049 ope-

373 5091 520 5138 rare,
555 5079 674 5126 esto
704 5073 876 5137 salus,
927 5077 983 5125 et
1013 5078 1337 5142 suggestor,
1373 5077 1427 5124 et
1459 5068 2057 5138 effectorjudiciorum

371 5169 722 5227 nostrorum,
779 5162 877 5232 qui
908 5163 1062 5214 solus
1106 5176 1234 5213 cum
1274 5162 1385 5214 Deo
1432 5160 1617 5223 Patre,
1678 5165 1734 5210 et
1764 5159 1888 5227 ejus
1920 5157 2061 5210 Filio

373 5267 586 5303 nomen
620 5251 872 5320 possides
898 5249 1212 5319 gloriosum
1254 5265 1266 5301 :
1301 5264 1413 5300 non
1447 5264 1546 5300 nos
1572 5245 1805 5316 patiaris
1833 5252 2062 5316 pertur-

370 5339 592 5392 batores
631 5339 864 5408 justitize
913 5355 1057 5404 esse,
1106 5337 1205 5407 qui
1270 5353 1509 5389 summa:
1552 5335 1803 5388 veritatis
1869 5333 2062 5404 diligis

371 5427 721 5496 (equitatem,
748 5432 811 5479 ut
832 5429 890 5479 in
913 5426 1204 5480 sinistrum
1231 5442 1330 5478 nos
1363 5440 1477 5478 non
1503 5423 1826 5494 ignorantia
1854 5423 2056 5490 trahat,

370 5529 488 5568 non
519 5513 678 5568 favor
723 5514 998 5576 inﬂectat,
1049 5529 1163 5567 non
1195 5513 1447 5583 acceptio
1500 5511 1756 5566 muneris
1794 5511 1882 5566 vel
1929 5527 2058 5580 per-

2249 3046 2371 3098 Post
2418 3045 2556 3097 hanc
2606 3044 3031 3096 exhortationem
3080 3043 3330 3109 quisquis
3380 3043 3706 3096 clericorum
3757 3044 3892 3095 velit

2177 3135 2422 3197 conferat
2484 3133 2774 3200 querelam.
2833 3133 2903 3185 Et
2943 3131 3272 3184 admonendi
3320 3137 3446 3184 sunt
3495 3140 3554 3185 ut
3585 3132 3773 3184 nullus
3813 3131 3893 3183 ad

2178 3220 2443 3287 synodum
2489 3220 2670 3273 vwiat
2702 3235 2805 3272 non
2846 3219 3094 3287 jejunus,
3124 3219 3206 3271 vel
3237 3235 3270 3272 a
3309 3228 3441 3271 coetu
3489 3223 3766 3272 communi
3803 3235 3884 3272 se-

2177 3307 2333 3359 cedat
2387 3311 2678 3373 antequam
2739 3307 3004 3371 generalis
3069 3309 3294 3359 secessio
3339 3307 3624 3360 adveniat.
3685 3309 3754 3360 Et
3809 3309 3890 3360 sic

2178 3408 2387 3461 quoque
2410 3393 2647 3460 synodus
2669 3395 2836 3461 primi
2865 3393 2976 3446 diei
3003 3394 3264 3446 solvatur.

2249 3482 2506 3536 Secunda
2559 3481 2672 3548 die,
2702 3482 2932 3552 quando
2975 3481 3295 3551 episcopus,
3339 3482 3424 3534 vel
3479 3482 3604 3550 ejus
3639 3482 3894 3535 vicarius

2178 3570 2462 3640 synodum
2493 3569 2834 3638 ingreditur,
2865 3571 2924 3623 in
2958 3569 3077 3624 loco
3109 3587 3212 3623 suo
3244 3575 3397 3622 stans
3427 3570 3581 3624 dicat
3611 3588 3625 3624 :

2253 3658 2532 3712 Dominus
2558 3658 2873 3711 vobiscum.

2249 3748 2488 3802 Oremus.
2526 3747 2694 3812 Deus,
2737 3746 2836 3816 qui
2868 3745 3121 3800 nobisin
3162 3744 3392 3800 famulis
3424 3745 3511 3800 tui
3557 3750 3892 3816 praesentiae

2181 3841 2293 3890 tute
2323 3835 2485 3905 signa
2517 3834 2865 3902 manifestas,
2905 3835 3066 3888 mitte
3110 3851 3284 3905 super
3317 3851 3420 3888 nos
3450 3836 3724 3905 spiritum
3758 3838 3890 3890 cha-

2179 3923 2388 3989 ritatis,
2439 3928 2503 3976 ut
2534 3923 2591 3975 in
2638 3921 2885 3976 adventu
2930 3922 3172 3976 fratrum
3215 3938 3750 3995 conservorumque
3783 3942 3894 3978 no-

2178 4016 2424 4066 strorum
2480 4009 2664 4079 gratia
2709 4009 2874 4063 nobis
2905 4017 3016 4063 tua:
3061 4011 3341 4080 largitatis
3388 4019 3694 4080 augeatur.
3748 4016 3882 4069 Per.

2250 4102 2438 4154 Postea
2469 4100 2678 4165 legatur
2708 4102 3065 4170 Evangelium
3098 4103 3178 4154 ita
3207 4105 3266 4153 ut
3297 4103 3356 4152 in
3383 4105 3566 4168 priori
3591 4102 3700 4156 die.

2252 4187 2577 4257 Designavit
2606 4187 2882 4240 Dominus
2911 4193 2968 4241 et
3001 4187 3140 4241 alios
3170 4190 3538 4258 septuaginta
3568 4190 3734 4242 duos.

2251 4275 2451 4329 Deinde
2497 4274 2648 4329 dicat
2708 4277 3006 4345 episcopus,
3072 4277 3157 4329 vel
3216 4280 3328 4345 ejus
3382 4278 3654 4343 vicarius,
3696 4293 3893 4348 preces

2176 4366 2315 4418 sicut
2338 4366 2396 4417 in
2421 4366 2598 4432 priori
2629 4363 2734 4418 die.

2247 4453 2447 4507 Sancta
2476 4453 2668 4519 Maria,
2699 4458 2756 4506 et
2781 4469 2980 4507 omnes
3008 4453 3209 4517 sancti,
3242 4457 3298 4506 et
3321 4452 3401 4505 sic
3426 4459 3656 4507 caetera.

2251 4543 2395 4596 Tunc
2447 4557 2624 4596 omnes
2675 4544 2942 4610 prostrati
2991 4541 3271 4596 decantent
3323 4543 3564 4609 psalmos
3614 4545 3746 4596 istos
3771 4559 3882 4611 pro

2175 4632 2319 4698 regis
2346 4633 2540 4696 nostri,
2573 4634 2624 4683 et
2664 4631 2900 4685 aliorum
2928 4633 3016 4684 sui
3043 4633 3199 4696 regni
3238 4631 3542 4698 primatum
3591 4634 3875 4698 sospitate.

2249 4719 2508 4785 Domine,
2538 4718 2674 4788 quid
2709 4718 3072 4788 multiplicati
3105 4724 3237 4772 sunt
3262 4719 3360 4788 qui
3393 4719 3761 4772 tribulantur.

2248 4807 2522 4861 Exaudiat
2552 4814 2608 4860 te
2643 4808 2917 4860 Dominus
2947 4807 3006 4860 in
3039 4807 3131 4861 die
3157 4806 3568 4860 tribulationis.

2250 4897 2411 4956 Deus,
2442 4896 2676 4950 auribus
2706 4896 2914 4950 nostris
2945 4895 3290 4950 audivimus.

2246 4985 2378 5040 Cum
2428 4983 2595 5054 Kyrie
2628 4985 2861 5052 eleison,
2909 4990 2959 5038 et
2989 4985 3157 5038 Pater
3204 4988 3414 5048 noster,
3457 4998 3580 5038 cum
3624 4985 3895 5053 precibus

2175 5073 2298 5127 istis
2333 5088 2345 5126 :

2249 5158 2508 5222 Domine,
2538 5161 2755 5212 salvum
2787 5157 2874 5211 fac
2906 5174 3121 5228 regem.

2249 5251 2376 5303 Esto
2407 5249 2478 5314 ei,
2515 5250 2771 5309 Domine,
2800 5248 2980 5301 turris
3011 5247 3382 5302 fortitudinis.

2243 5338 2472 5392 Salvum
2505 5335 2587 5390 fac
2615 5337 2896 5408 populum
2927 5342 3112 5401 tuum,
3148 5335 3399 5390 Domine.

2246 5427 2365 5480 Fiat
2395 5442 2502 5496 pax
2532 5426 2588 5479 in
2625 5427 2834 5479 virtute
2861 5430 2975 5478 tua.

2245 5513 2516 5582 Exsurge,
2548 5513 2806 5580 Domine,
2839 5511 3045 5582 adjuva
3071 5526 3192 5565 nos.
