4010 6194
118 303 228 357 1065

170 430 404 498 Domine,
439 429 647 485 exaudi
677 428 999 483 orationem
1031 444 1240 483 meam.

168 518 388 574 Domine
417 520 560 572 Deus
588 518 889 585 virtutum,
921 524 1187 572 converte
1216 533 1338 571 nos.

173 607 426 662 Dominus
451 606 762 661 vobiscum.

164 694 383 747 Oremus.
437 691 580 745 Deus
637 705 953 761 regnorum
1006 690 1287 758 omnium,
1346 694 1403 744 et
1455 689 1763 745 Christiani

111 781 321 835 maxime
350 783 627 849 protector
656 778 908 850 imperii,
944 780 1015 832 da
1047 795 1207 833 servo
1246 784 1346 832 tuo
1398 779 1522 848 regi
1569 784 1763 832 nostro

110 869 429 938 triumphum
456 867 679 921 virtutis
704 873 817 921 tua:
849 867 1095 921 scienter
1121 868 1397 935 excolere,
1424 872 1486 921 ut
1510 867 1646 938 quia
1667 874 1765 921 tua

111 956 473 1011 constitutione
523 961 610 1011 est
653 956 943 1027 princeps,
976 961 1076 1010 tuo
1128 972 1356 1026 semper
1402 971 1641 1010 munere
1694 956 1765 1009 sit

112 1051 302 1116 potens.
335 1046 457 1099 Per.

167 1135 383 1189 Oremus.
416 1134 733 1203 Prmtende,
762 1133 1024 1200 Domine,
1056 1133 1285 1187 famulis
1316 1132 1430 1187 tuis
1470 1133 1764 1188 dexteram

113 1222 317 1277 ctelestis
347 1222 563 1288 auxilii,
617 1228 682 1276 ut
730 1226 850 1277 toto
894 1223 1064 1277 corde
1115 1222 1474 1294 perquirant,
1541 1226 1597 1276 et
1636 1238 1765 1292 quae

110 1314 248 1382 digne
273 1312 578 1382 postulant,
615 1312 891 1382 consequi
922 1318 1272 1366 mereantur.
1306 1313 1435 1367 Per.

166 1400 351 1453 Deinde
388 1416 486 1468 pro
518 1400 777 1466 inﬁrmis,
810 1405 860 1455 et
884 1403 1008 1470 {pro
1057 1401 1235 1455 salute
1289 1402 1454 1454 totius
1505 1400 1768 1454 Ecclesiae

108 1492 210 1542 istos
235 1490 462 1557 psalmos
494 1489 817 1542 decantent:

163 1579 347 1631 Beatus
377 1577 474 1647 qui
508 1577 803 1647 intelligit.

162 1663 415 1717 Dominus
444 1663 759 1733 refugium.

158 1752 380 1807 Domine
414 1754 566 1807 Deus
595 1751 794 1805 salutis
816 1766 981 1805 mem.

158 1842 273 1898 Cum
309 1840 476 1912 Kyrie
532 1840 751 1895 eleison
784 1845 835 1894 et
894 1842 1062 1895 Pater
1116 1844 1330 1906 noster,
1363 1856 1481 1895 cum
1519 1840 1770 1909 precibus

106 1931 206 1984 istis
238 1947 250 1983 :

158 2019 440 2089 Castigans
470 2017 770 2088 castigavit
802 2033 897 2071 eos
941 2016 1237 2071 Dominus.

159 2108 299 2161 Nihil
331 2107 600 2178 proficiat
629 2105 898 2159 inimicus
930 2105 991 2158 in
1023 2104 1124 2159 eis.

159 2196 420 2266 Exsurge,
457 2195 721 2262 Domine,
754 2194 962 2265 adjuva
994 2209 1119 2247 nos.

156 2286 413 2351 Domine,
436 2283 648 2339 exaudi
679 2283 1001 2337 orationem
1034 2297 1243 2335 meam.

154 2372 431 2426 Dominus
471 2371 781 2425 vobiscum.

150 2461 398 2515 Oremus.
447 2462 596 2515 Deus
634 2458 987 2513 inﬁrmitatis
1017 2458 1286 2512 humanae
1317 2458 1607 2528 singulare
1636 2474 1782 2529 prae-

93 2549 315 2615 sidium,
384 2548 584 2603 auxilii
639 2548 723 2602 tni
762 2564 936 2619 super
991 2547 1252 2601 inﬁrmos
1302 2546 1547 2601 famulos
1595 2552 1654 2602 et
1702 2547 1782 2601 fa-

89 2639 267 2692 mulas
309 2642 438 2692 tuas
494 2638 731 2692 ostende
797 2637 1091 2702 virtutem,
1121 2641 1186 2690 ut
1216 2652 1323 2707 ope
1376 2635 1781 2690 misericordia:

86 2731 193 2781 tuae
227 2728 433 2797 adjuti,
488 2726 751 2781 Ecclesiae
804 2729 914 2779 tuae
958 2728 1167 2779 sanctae
1222 2724 1621 2795 repraesentari
1660 2740 1780 2778 me-

83 2819 339 2869 reantur.
371 2815 499 2869 Per.

154 2905 358 2957 Postea
388 2906 604 2971 legatur
657 2917 696 2959 a
752 2902 977 2956 diacono
1027 2898 1249 2953 homilia
1308 2902 1582 2967 Gregorii,
1645 2903 1781 2955 inci-

78 2994 264 3061 piente
292 3008 455 3047 versu
479 2995 581 3046 isto
609 3009 621 3045 :

155 3080 351 3134 Messis
381 3080 617 3150 quidem
671 3080 873 3145 multa,
919 3092 1104 3148 usque
1146 3079 1335 3146 patres
1376 3092 1496 3130 esse
1547 3075 1787 3130 minime

83 3173 527 3238 recognoscunt.

158 3259 308 3311 Tunc
340 3259 394 3311 si
424 3258 608 3312 clerici
657 3256 930 3326 querelam
969 3270 1077 3308 non
1137 3254 1334 3309 habent
1386 3254 1788 3323 conferendam,

85 3346 217 3399 laici
250 3348 697 3400 intromittuntur
728 3361 741 3398 :
776 3346 886 3399 illis
914 3346 1080 3399 etiam
1101 3343 1467 3412 audientibus,
1510 3346 1662 3399 lectio
1688 3343 1789 3401 Ni-

81 3436 219 3488 caeni
240 3434 476 3489 Concilii
499 3436 772 3487 recitetur.

151 3522 417 3587 Judices,
465 3537 582 3576 non
635 3520 745 3575 nisi
785 3519 973 3590 jejuni
1025 3520 1183 3584 leges
1221 3522 1278 3571 et
1309 3517 1528 3587 judicia
1582 3519 1794 3574 discer—

82 3616 253 3666 nant.

151 3700 433 3768 Quisquis
478 3712 546 3751 ea:
589 3698 746 3751 laicis
798 3697 995 3751 habeat
1049 3696 1324 3765 querelam
1380 3696 1653 3765 proferat.
1715 3696 1796 3750 Et

83 3788 330 3856 synodus
372 3785 619 3839 secundm
647 3784 759 3838 diei
791 3786 867 3838 sic
895 3785 1155 3839 solvatur.

150 3876 357 3931 Tertia
395 3873 488 3927 die
520 3889 653 3928 cum
679 3873 1003 3944 episcopus,
1033 3877 1144 3941 ,θυι
1174 3872 1297 3943 ejus
1334 3871 1577 3927 vicarius
1633 3876 1699 3926 ut
1735 3871 1797 3926 in

86 3964 315 4019 caeteris
348 3961 556 4016 diebus
583 3960 867 4031 synodum
884 3960 1231 4032 ingreditur,
1258 3960 1411 4015 dicat
1444 3976 1457 4015 :

155 4052 456 4108 Dominus
493 4051 803 4105 vobiscum.

158 4142 421 4196 Oremus.
454 4139 717 4209 Protege,
754 4138 1015 4205 Domine,
1062 4152 1414 4209 quaesumus,
1462 4152 1569 4190 nos
1611 4136 1794 4191 famu-

86 4230 171 4284 los
196 4236 340 4284 tuos
373 4226 644 4282 subsidiis
688 4226 898 4280 mentis
927 4230 983 4279 et
1027 4225 1301 4295 corporis,
1337 4230 1393 4278 et
1450 4224 1801 4295 spiritalibus

87 4318 407 4372 enutriens
434 4314 742 4382 alimentis,
784 4314 1070 4384 propitius
1113 4313 1286 4368 redde
1331 4328 1560 4366 securos
1598 4314 1669 4366 ab
1701 4313 1801 4367 ho-

82 4408 282 4463 stibus
317 4405 621 4459 universis.
658 4405 764 4458 Per
789 4401 1097 4456 Dominum
1123 4404 1383 4455 nostrum
1423 4401 1615 4455 Iesum
1636 4401 1805 4456 Chri-

84 4502 273 4550 stum.

156 4587 236 4639 Et
260 4586 396 4652 post
427 4581 523 4635 hoc
549 4581 763 4648 legatur
801 4579 1199 4645 Euangelium:

155 4668 471 4727 Circuibat
497 4669 659 4721 Jesus
686 4666 959 4734 civitates,
1004 4672 1060 4721 et
1084 4664 1342 4720 castella.

164 4758 384 4816 Deinde
443 4771 548 4827 pro
601 4756 852 4825 ﬁdelibus
910 4756 1185 4822 defunctis
1240 4757 1371 4809 istos
1426 4753 1664 4823 psalmos
1721 4753 1809 4807 de-

82 4852 322 4905 cantent
361 4862 375 4900 :

488 5544 770 5609 PATROL.
823 5544 998 5612 CXL.

1428 300 1521 355 DE
1553 299 1825 356 SYNODO
1854 299 2221 355 INITIANDA.

1792 435 1842 488 Α
1944 431 2127 486 Verba
2156 444 2288 484 mea
2314 424 2558 481 auribus
2597 420 2860 494 percipe,
2891 428 3150 486 Domine,

1806 1718 1847 1772 Β

3473 307 3607 359 1066

1945 520 2213 585 Domine,
2248 532 2321 570 ne
2348 516 2408 570 in
2435 514 2647 568 furore
2675 516 2805 579 tuo,
2838 517 3145 573 minorem.

1941 609 2025 663 Ad
2058 615 2134 673 te,
2170 605 2439 669 Domine,
2474 600 2669 656 levavi
2693 601 2949 658 animam
2993 621 3204 661 meam.

1943 699 2086 752 Cum
2107 696 2278 768 Kyrie
2301 692 2547 756 eleison,
2606 697 2657 745 et
2683 691 2857 745 Pater
2906 699 3123 761 noster,
3184 710 3302 749 cum
3346 697 3596 765 precibus

1871 787 1994 840 istis
2029 802 2042 839 :

1944 874 2225 944 Requiem
2255 876 2538 925 aeternam
2572 868 2721 922 dona
2754 868 2856 937 eis,
2892 869 3160 923 Domine.

1945 965 2008 1017 1n
2030 961 2313 1016 memoria
2343 964 2562 1014 aeterna
2585 961 2757 1011 erunt
2781 957 2942 1028 justi.

1941 1054 1989 1105 A
2018 1054 2186 1121 porta
2215 1048 2408 1103 inferi.

1947 1140 2223 1193 Dominus
2252 1136 2555 1191 vobiscum
2569 1176 2582 1189 .

1944 1229 2186 1283 Oremus.
2220 1224 2547 1290 Invenient,
2582 1238 2933 1295 quaesumus,
2962 1221 3224 1289 Domine,
3248 1221 3458 1275 animae
3488 1222 3587 1291 fa-

1874 1318 2164 1370 mulorum
2198 1315 2670 1384 famularumque
2692 1317 2946 1379 tuarum,
2974 1310 3240 1365 omnium
3272 1310 3333 1363 in
3365 1311 3589 1365 Christo

1876 1403 2296 1474 quiescentium
2328 1402 2474 1456 lucis
2527 1405 2757 1455 aeterna
2800 1400 3152 1454 consortium
3184 1415 3197 1452 :
3232 1398 3332 1468 qui
3383 1400 3443 1453 in
3466 1400 3590 1471 |hac

1878 1494 2001 1546 luce
2032 1490 2205 1559 positi
2238 1496 2408 1543 tuum
2460 1489 2750 1543 consecuti
2782 1492 2917 1541 sunt
2981 1495 3428 1541 sacramentum.
3484 1490 3592 1541 Per

1882 1580 2188 1634 Dominum
2211 1589 2499 1632 nostrum.

1951 1670 2087 1722 Post
2117 1669 2225 1721 haec
2244 1683 2345 1736 pro
2368 1666 2699 1732 irreligiosis
2728 1667 2859 1719 istos
2880 1666 3117 1734 psalmos
3156 1664 3439 1719 decantent
3470 1682 3482 1719 :

1952 1756 2037 1810 Ad
2066 1761 2140 1823 te,
2176 1755 2444 1822 Domine,
2480 1754 2764 1809 clamabo.

1954 1844 2297 1899 Benedicam
2333 1844 2668 1898 Dominum.

1956 1935 2127 1999 Deus,
2159 1938 2447 1987 venerunt
2477 1937 2703 2002 gentes.

1956 2024 2096 2077 Cum
2131 2021 2302 2093 Kyrie
2333 2021 2578 2081 eleison,
2613 2024 2664 2073 et
2710 2020 2876 2072 Pater
2898 2021 3115 2085 noster,
3175 2032 3297 2073 cum
3339 2018 3594 2088 precibus

1883 2111 2027 2163 istis.

1958 2198 2083 2251 Fiat
2110 2212 2221 2267 pax
2250 2195 2314 2249 in
2344 2194 2560 2248 virtute
2582 2197 2700 2247 tua.

1959 2286 2206 2341 Ostende
2236 2284 2429 2352 nobis,
2464 2281 2728 2347 Domine,
2763 2280 3216 2336 misericordiam
3265 2285 3447 2336 tuam.

1962 2376 2130 2441 Deus,
2159 2378 2224 2427 tu
2254 2386 2565 2426 conversus
2595 2369 2903 2424 viviﬁcabis
2932 2386 3057 2424 nos.

1964 2463 2223 2529 Domine,
2257 2460 2470 2515 exaudi
2501 2458 2823 2513 orationem
2854 2474 3063 2514 meam.

1964 2552 2241 2605 Dominus
2278 2548 2598 2602 vobiscum.

1963 2640 2203 2695 Oremus.
2248 2639 2420 2702 Deus,
2455 2635 2557 2706 qui
2589 2635 2849 2690 inﬁdeles
2881 2635 3116 2701 deseris,
3151 2638 3207 2688 et
3226 2635 3383 2705 juste
3432 2634 3597 2689 inde-

1896 2727 2038 2781 votis
2067 2725 2347 2791 irasceris,
2379 2725 2663 2794 populum
2694 2728 2878 2790 tuum,
2905 2738 3261 2794 quaesumus,
3296 2723 3363 2776 ad
3398 2727 3454 2775 te
3473 2736 3603 2775 con-

1893 2821 2051 2871 verte
2082 2813 2391 2885 propitius,
2438 2814 2503 2865 ut
2541 2811 2640 2883 qui
2669 2817 2725 2867 te
2776 2829 2879 2882 per
2924 2810 3203 2866 duritiam
3258 2809 3599 2879 irreligiosus

1894 2903 2105 2959 mentis
2143 2917 2372 2971 semper
2396 2900 2695 2955 offendunt
2727 2918 2740 2955 :
2775 2901 2845 2955 ad
2891 2909 3088 2955 sancta
3117 2898 3308 2953 ofﬁcia
3355 2900 3600 2969 'prome-

1822 2984 1863 3038 (ἓ
1899 2994 2097 3058 renda,
2129 2997 2243 3046 tum
2274 2990 2657 3045 miserationis
2696 2990 2880 3062 gratia
2921 2989 3242 3061 inspirante
3282 2993 3600 3042 convertas.

1900 3087 2008 3141 Per
2036 3080 2344 3136 Dominum
2375 3084 2659 3133 nostrum.

1969 3172 2032 3227 Si
2060 3185 2179 3239 qua
2208 3171 2319 3223 sint
2342 3170 2680 3236 fquzstiones
2707 3167 2791 3221 vel
2840 3166 3071 3236 querelae
3127 3167 3500 3232 conferantur,
3553 3168 3604 3219 et

1896 3263 1975 3317 sic
2005 3257 2246 3329 synodus
2289 3258 2452 3310 tertia
2483 3255 2569 3310 die
2585 3257 2846 3310 solvatur.

1972 3347 2185 3410 Quarta
2214 3361 2347 3398 vero
2396 3343 2508 3410 die,
2569 3343 2873 3413 episcopus
2923 3342 3216 3411 synodum
3278 3341 3607 3413 ingrediens

1902 3436 1985 3489 sic
2018 3433 2291 3505 procedat
2318 3437 2384 3486 ut
2413 3432 2667 3502 primum
2696 3434 3005 3500 portentur
3036 3435 3171 3485 ante
3222 3447 3354 3485 eum
3398 3431 3604 3485 cande-

1902 3524 2063 3577 labra
2092 3536 2223 3575 cum
2254 3519 2434 3582 cereis
2455 3518 2724 3584 incensis,
2757 3533 2888 3588 qua:
2918 3522 3197 3587 sequatur
3229 3518 3607 3573 subdiaconus

1903 3617 2143 3683 portans
2183 3608 2576 3679 Evangelium,
2604 3607 2732 3661 dua;
2748 3621 2943 3660 cruces
2962 3605 3100 3660 hinc
3132 3611 3189 3660 et
3208 3606 3359 3662 inde.
3390 3607 3605 3662 Deinde

1903 3699 2196 3754 diaconus.
2227 3699 2590 3751 Postremum
2621 3694 2925 3767 episcopus
2975 3694 3399 3766 episcopalibus
3427 3696 3605 3751 indu-

1904 3790 1998 3839 tus
2027 3785 2405 3853 vestimentis,
2458 3790 2512 3841 et
2540 3800 2744 3855 coppa,
2791 3782 3174 3852 ingrediatur,
3227 3789 3284 3839 et
3311 3784 3605 3855 ingressus

1906 3873 1970 3928 in
1999 3873 2128 3927 sede
2158 3890 2261 3927 sua
2298 3878 2451 3929 stans
2482 3874 2634 3930 dicat
2667 3889 2680 3927 :

1981 3961 2257 4016 Dominus
2288 3963 2598 4018 vobiscum.

1982 4050 2222 4105 Oremus.
2254 4051 2593 4106 Nostrorum
2620 4050 2745 4119 tibi,
2780 4050 3048 4120 Domine,
3094 4054 3392 4106 curvantes
3420 4067 3609 4121 genua

1910 4137 2192 4204 cordium,
2223 4154 2550 4208 quaesumus
2581 4144 2645 4193 ut
2695 4139 2912 4194 bonum
2966 4140 3122 4211 quod
3174 4140 3236 4195 in
3283 4140 3449 4195 nobis
3480 4157 3512 4194 a
3552 4145 3608 4194 te

1916 4226 2244 4297 requiretur
2283 4242 2675 4297 exsequamur,
2718 4228 2948 4296 scilicet,
3000 4234 3063 4283 ut
3094 4234 3364 4299 prompta
3420 4233 3609 4283 tecum

1918 4314 2305 4370 sollicitudine
2337 4315 2682 4385 gradientes,
2741 4316 3098 4373 discretionis
3153 4318 3348 4372 arduae
3405 4317 3610 4372 subtile

1909 4404 2192 4477 judicium
2223 4402 2518 4467 faciamus,
2554 4416 2616 4454 ac
2666 4400 3116 4461 misericordiam
3162 4407 3463 4478 diligentes
3506 4407 3613 4461 cla-

1916 4509 2165 4560 reamus,
2203 4491 2409 4546 studiis
2446 4490 2552 4547 tibi
2581 4488 2807 4560 placitae
2838 4491 3093 4548 actionis.
3145 4497 3252 4551 Per
3306 4495 3615 4550 Dominum

1916 4587 2180 4640 nostrum
2211 4581 2238 4635 ,Ι
2244 4596 2407 4635 esum
2437 4579 2745 4637 Christum.

1988 4673 2181 4726 Postea
2207 4666 2363 4725 solito
2392 4686 2537 4725 more
2558 4669 2773 4737 legatur
2800 4667 3155 4735 Euangelium
3185 4688 3201 4723 :

1992 4759 2329 4829 Respiciens
2350 4759 2514 4813 Jesus
2549 4756 2859 4827 discipulos
2888 4771 3039 4820 suos,
3072 4754 3214 4811 dixit
3241 4757 3465 4814 Simoni
3511 4761 3615 4814 Pe-

1920 4852 2010 4903 tro
2042 4864 2055 4903 :
2091 4848 2149 4903 Si
2179 4846 2530 4918 peccaverit.

3252 5546 3335 5604 34
