4010 6194
429 289 451 341 1
461 287 562 340 067

1662 282 2017 340 APPENDIX
2045 284 2134 340 AD
2191 282 2698 340 BURCHARDUM.

3823 285 3939 338 1068

1017 677 1825 781 APPENDIX
1910 677 2107 780 AD
2199 677 3324 784 BURCHABDUM.

1352 1037 2106 1136 STATUTA'
2199 1054 3016 1138 CANONUM

488 1270 796 1430 DE
926 1259 1956 1431 OFFICIO
2095 1214 3865 1432 SACERDOTUM.

1783 1552 2081 1609 INCERTO
2122 1552 2595 1610 COLLECTORE.

995 1710 1182 1780 (Apud
1213 1709 1504 1764 Canisium
1537 1711 1806 1766 Lectiones
1837 1713 2097 1780 antiquae,
2131 1710 2404 1768 editionis
2430 1712 2718 1782 Basnagii,
2753 1716 2892 1766 tom.
2926 1713 3023 1779 IIl,
3060 1729 3191 1784 pag.
3223 1714 3373 1784 396.)

1794 2049 2111 2116 JACOBI
2178 2049 2588 2117 BASNAGI

1354 2225 1421 2265 IN
1466 2224 1640 2266 HANC
1685 2223 2006 2268 CANONUM
2051 2224 2550 2268 COLLECTIONEM
2596 2224 3033 2269 OBSERVATIO.

507 2359 802 2413 Canonum
826 2356 1241 2428 amplissimam
1293 2357 1702 2412 Collectionem
1753 2357 2074 2411 confecerat
2121 2357 2502 2424 Burchardus,
2558 2372 2848 2428 quamque
2898 2356 3165 2427 plurimis
3204 2357 3368 2411 libris
3405 2357 3747 2428 complexus
3799 2361 3926 2409 erat.

437 2439 593 2491 Hanc
623 2455 950 2509 anonymus
997 2438 1058 2491 in
1108 2438 1514 2508 compendium
1561 2438 1805 2507 redegit,
1860 2438 1945 2490 vel
1991 2438 2184 2507 potius
2231 2453 2298 2491 ex
2342 2453 2409 2490 ea
2456 2452 2586 2506 quae
2629 2437 2698 2491 ad
2747 2436 3000 2491 ofﬁcium
3053 2437 3413 2490 sacerdotum
3467 2437 3851 2506 pertinebant,
3877 2451 3940 2488 ex

440 2517 750 2571 Burchardi
790 2517 953 2572 libris
1023 2518 1320 2588 excerpsit.
1372 2518 1494 2582 Quo
1549 2522 1807 2586 tempore
1837 2516 2040 2570 vixerit
2068 2518 2164 2571 ille
2216 2533 2583 2587 annonymus
2634 2517 2936 2580 incertum,
2989 2517 3086 2570 sed
3125 2532 3253 2569 cum
3295 2521 3524 2569 constet
3568 2517 3941 2569 Burchardnm

438 2612 554 2650 non
584 2597 792 2650 obiisse
822 2597 933 2650 nisi
964 2613 1056 2650 an.
1095 2599 1250 2663 1026,
1280 2602 1412 2650 ante
1441 2597 1633 2650 saeculi
1665 2595 1956 2650 undecimi
1997 2596 2170 2650 tinem
2213 2596 2393 2666 ipsius
2434 2596 2886 2650 abbreviatorem
2938 2612 3216 2666 reponere
3246 2612 3363 2649 non
3397 2595 3588 2664 licuit,
3625 2612 3940 2667 quanquam

433 2675 674 2730 fortasse
701 2677 883 2730 multo
909 2675 1092 2730 serius
1120 2676 1326 2730 vixerit
1365 2691 1377 2728 :
1413 2675 1556 2728 nihil
1588 2674 1743 2728 enim
1769 2675 1942 2729 habet
1970 2675 2123 2745 quod
2155 2673 2276 2745 ejus
2308 2681 2535 2730 aetatem
2567 2674 2751 2745 possit
2780 2675 3053 2730 indicare.

1942 2988 2450 3052 INCIPIUNT

902 3166 1387 3239 STATUTA
1445 3163 1976 3239 CANONUM
2035 3162 2170 3236 DE
2228 3162 2667 3236 OFFICIO
2729 3160 3484 3235 SACERDOTUM.

833 3497 938 3564 (EX
979 3497 1189 3553 LIBRO
1231 3499 1277 3552 ll
1306 3495 1736 3552 BURCHARDI.

515 3589 627 3659 (Ea:
656 3588 882 3642 concilio
912 3589 1179 3654 Remensz',
1215 3589 1389 3656 capite
1417 3586 1491 3653 4.)
1529 3585 1597 3639 Ut
1627 3583 1821 3638 nullus
1842 3581 2140 3653 presbyter

439 3679 658 3748 absque
689 3676 922 3738 amictu,
955 3675 1102 3740 alba,
1129 3675 1295 3741 stola,
1319 3674 1528 3728 fanone
1550 3677 1606 3727 et
1635 3671 1828 3726 casula
1848 3671 2138 3725 ullatenus

440 3769 756 3838 praesumat
810 3764 1040 3816 missam
1099 3762 1406 3817 celebrare.
1466 3763 1531 3816 Et
1581 3761 1703 3814 haec
1757 3776 1916 3813 sacra
1973 3760 2139 3813 vesti-

444 3860 639 3910 menta
699 3852 1077 3906 mundissima
1127 3851 1262 3918 sint,
1324 3855 1380 3905 et
1431 3850 1492 3904 in
1539 3849 1722 3904 nitido
1790 3849 1936 3914 loco,
1992 3848 2140 3902 infra

441 3942 737 3997 ecclesiam
793 3941 1159 3996 collocentur.
1212 3940 1325 3993 Nec
1381 3954 1639 4010 unquam
1704 3936 2004 4007 presbyter
2051 3935 2140 3989 his

441 4031 680 4086 indutus
719 4027 1015 4082 ecclesiam
1046 4033 1230 4095 exeat,
1271 4027 1407 4098 quia
1449 4027 1570 4081 haec
1618 4026 1811 4080 divina
1860 4025 1949 4079 lex
2005 4041 2136 4095 pro-

361 4182 364 4185 _
444 4119 624 4172 hibet.

515 4207 594 4259 Ex
653 4203 898 4259 concilio
932 4203 1282 4258 Nannctensi
1338 4218 1463 4272 cap.
1493 4205 1522 4255 5
1562 4219 1574 4257 :
1626 4201 1905 4258 Omnibus
1947 4200 2140 4255 Domi-

446 4294 588 4348 nicis
619 4293 818 4347 diebus
847 4291 1244 4361 unusquisque
1275 4291 1577 4360 presbyter
1620 4291 1681 4344 in
1729 4288 1967 4345 ecclesia
2015 4305 2138 4353 sua,

448 4386 578 4436 ante
610 4381 915 4434 missarum
973 4379 1276 4447 solemnia,
1328 4395 1536 4450 aquam
1567 4378 1868 4433 benedicat
1923 4377 1983 4431 in
2013 4393 2142 4432 vase

446 4469 668 4531 nitidio,
702 4466 972 4538 mysterio
992 4467 1388 4521 conveniente.
1426 4468 1502 4521 De
1531 4483 1681 4537 aqua
1705 4467 1958 4537 populus
1991 4466 2140 4520 intra

448 4556 738 4611 ecclesiam
789 4560 1162 4626 aspergatur;
1197 4560 1254 4608 et
1312 4555 1522 4608 atrium
1580 4555 1836 4625 ejusdem
1891 4555 2140 4608 ecclesia

445 4662 576 4700 cum
626 4645 889 4700 crucibus
951 4643 1360 4698 circumeundo
1412 4642 1679 4697 similiter
1733 4647 2018 4714 aspergat.
2076 4643 2144 4698 Et

444 4751 550 4808 pro
576 4735 877 4788 animabus
898 4733 977 4787 ibi
1009 4733 1438 4804 quiescentibus
1478 4736 1622 4786 oret.
1652 4733 1717 4786 Et
1765 4731 1863 4803 qui
1901 4731 2144 4786 voluerit

2172 3501 2220 3554 Α
2250 3501 2368 3562 tur;
2401 3495 2538 3566 quia
2566 3495 2851 3566 pessimus
2891 3512 3029 3550 usus
3080 3499 3166 3550 est
3223 3497 3378 3566 apud
3407 3497 3704 3568 quosdam
3754 3500 3816 3552 in
3848 3499 3955 3551 Do-

2251 3583 2478 3637 minicis
2511 3583 2713 3638 diebus
2767 3588 2825 3638 et
2881 3583 3007 3638 aliis
3067 3585 3470 3639 festivitatibus
3532 3603 3672 3640 mox
3729 3589 3956 3641 missam

2253 3671 2560 3739 celebrare,
2596 3688 2771 3743 quam
2797 3673 2947 3744 quis,
3014 3674 3122 3727 etsi
3175 3689 3280 3744 pro
3339 3673 3630 3728 defunctis
3697 3676 3794 3741 sit,
3829 3690 3954 3727 cum

2253 3760 2518 3829 audierit,
2558 3761 2825 3816 discedat.
2868 3762 3277 3816 Admonendus
3307 3767 3392 3816 est
3419 3763 3678 3832 populus
3708 3770 3774 3816 ut
3828 3772 3953 3816 ante

2250 3849 2545 3919 publicum
2569 3855 2981 3920 peractumque
3012 3849 3267 3904 ofﬁcium
3309 3853 3590 3905 canonice
3624 3851 3958 3921 horaitertia

2253 3937 2658 3992 celebrandum
2690 3939 2761 3993 ad
2791 3939 2981 3993 cibum
3019 3955 3137 3993 non
3166 3939 3439 4007 accedat;
3498 3941 3597 3994 sed
3635 3943 3708 3995 ad
3773 3942 3952 4012 publi-

2254 4043 2376 4080 cam
2410 4026 2659 4095 missam,
2683 4027 3149 4097 praedicationem
3175 4028 3501 4092 auditurus,
3524 4031 3857 4084 conveniat.

2326 4115 2399 4168 Ex
2431 4115 2674 4169 concilio
2723 4116 3068 4170 Nannetensi
3125 4132 3249 4186 cap.
3289 4119 3369 4170 8:
3437 4117 3508 4171 Ut
3560 4119 3953 4189 unusquisque

2253 4202 2570 4273 presbyter,
2633 4204 2734 4274 qui
2791 4204 3021 4275 plebem
3075 4205 3240 4275 regit,
3300 4205 3574 4260 clericum
3621 4206 3840 4261 habeat
3867 4208 3955 4277 qui

2255 4307 2447 4346 secum
2477 4297 2689 4347 cantet.

2326 4381 2395 4434 Ut
2423 4381 2612 4435 omnis
2641 4380 2940 4452 presbyter
2961 4380 3120 4436 omni
3151 4397 3254 4436 suo
3302 4381 3576 4452 parochio
3631 4383 3958 4452 symbolum

2256 4472 2314 4522 et
2343 4469 2660 4523 oralionem
2687 4468 3042 4523 Dominicam
3072 4469 3346 4536 insinuet,
3397 4485 3654 4540 cumque
3709 4472 3768 4524 in
3807 4469 3960 4534 Qua-

2257 4557 2579 4627 dragesima
2609 4558 2677 4612 ad
2709 4557 3124 4612 confessionem
3152 4557 3415 4626 veniunt,
3447 4558 3508 4611 in
3547 4560 3763 4627 primis
3795 4559 3959 4612 facta:

2254 4661 2728 4716 unumquemque
2777 4647 2874 4700 illa
2905 4646 3013 4701 sibi
3070 4646 3408 4700 memoriter
3457 4647 3794 4701 decantare.
3856 4649 3961 4701 Nec

2260 4735 2550 4805 presbyter
2581 4735 2750 4788 alicui
2783 4740 3039 4789 sanctam
3081 4734 3553 4790 communionem
3602 4736 3827 4805 tradat,
3855 4735 3959 4788 nisi

445 4825 516 4879 de
537 4824 659 4895 ipsa
687 4839 856 4894 aqua,
887 4823 948 4876 in
985 4838 1114 4875 vase
1172 4839 1275 4876 suo
1337 4821 1574 4892 accipiat
1619 4820 1816 4875 domui
1867 4836 2004 4887 suae,
2045 4821 2143 4890 :vel
2185 4859 2224 4912 Β
2257 4822 2356 4894 qui
2387 4822 2534 4876 hanc
2561 4838 2626 4876 ex
2653 4822 2818 4876 corde
2848 4822 3323 4893 pronuntiaverit.

443 4914 504 4967 in
534 4911 707 4982 agris,
746 4912 833 4965 vel
861 4927 1033 4982 super
1062 4927 1292 4981 pecora,
1327 4911 1410 4964 vel
1444 4910 1772 4980 ubicunque
1814 4909 1984 4975 volet,
2015 4923 2140 4962 eam

446 5017 769 5073 sparsurus.

515 5089 830 5143 Alexander
885 5103 1034 5158 papa
1112 5086 1409 5142 constituit
1467 5101 1678 5157 aquam
1742 5085 1858 5139 sale
1911 5084 2136 5139 mistam

441 5177 674 5248 populis
735 5176 995 5230 benedici
1045 5193 1058 5230 :
1115 5175 1267 5247 quod
1328 5180 1386 5230 et
1429 5175 1697 5230 omnibus
1752 5173 2140 5229 sacerdotibus

442 5265 770 5320 faciendum
801 5282 922 5320 esse
954 5264 1265 5318 mandavit.

517 5355 594 5408 Ex
625 5354 788 5408 dictis
839 5353 1146 5424 Augustini
1184 5370 1197 5406 :
1261 5352 1441 5406 Missae
1474 5351 1792 5422 peculiares
1822 5351 1881 5405 in
1907 5351 2136 5422 publico

443 5459 561 5498 non
595 5447 728 5498 sunt
756 5443 1111 5498 celebranda:
1150 5457 1257 5512 per
1282 5441 1454 5495 festos
1484 5441 1623 5508 dies,
1657 5445 1722 5494 ut
1752 5456 1857 5511 per
1905 5456 2002 5494 eas
2031 5457 2139 5510 po-

443 5533 613 5604 pulus
643 5547 678 5586 a
703 5530 948 5602 publicis
995 5530 1297 5584 missarum
1340 5529 1801 5584 solemnitatibus
1843 5527 2136 5583 abstraha-

2325 4912 2402 4965 Ex
2478 4910 2720 4964 concilio
2777 4911 3106 4983 Carthagin.
3157 4928 3280 4983 cap.
3315 4912 3391 4965 4:
3434 4911 3754 4967 Sacerdote
3785 4914 3851 4967 in
3877 4929 3961 4966 ec-

2252 4999 2422 5054 clesia
2456 4999 2692 5054 verbum
2749 4999 3016 5066 faciente,
3071 5001 3170 5071 qui
3223 5017 3489 5071 egressus
3544 5001 3617 5055 de
3673 5003 3957 5058 auditorio

2249 5088 2425 5142 fuerit
2447 5086 2570 5141 sine
2599 5088 2756 5158 gravi
2787 5089 3118 5143 necessitate
3147 5089 3708 5143 excommunicetur.

2324 5175 2435 5247 (Ea:
2462 5178 2685 5230 concilio
2715 5178 3003 5231 Aurelian.
3036 5179 3209 5245 capite
3247 5179 3326 5242 2.)
3355 5178 3498 5231 Item
3549 5178 3612 5231 in
3641 5181 3954 5234 canonibtu

2251 5265 2644 5335 apostolorum
2673 5265 3005 5337 praecipitur
3037 5266 3209 5319 :Tres
3241 5265 3362 5319 dies
3405 5265 3796 5336 rogationum
3843 5277 3952 5323 ante

2248 5352 2657 5405 Ascensionem
2713 5353 2939 5406 Domini
3000 5353 3438 5424 (observentur),
3497 5361 3560 5407 ut
3620 5357 3699 5410 ad
3748 5360 3951 5411 saluts-

2247 5440 2431 5493 tiones
2471 5440 2780 5494 sacerdotis
2813 5456 2926 5494 non
2958 5443 3139 5496 solum
3185 5442 3399 5509 clerici,
3447 5445 3684 5500 et.Deo
3732 5447 3950 5502 dicate.

2247 5528 2345 5583 sed
2375 5533 2431 5583 et
2459 5529 2648 5583 omnis
2677 5529 2837 5599 plebs
2868 5546 3112 5586 consona
3145 5547 3276 5585 voce
3307 5533 3690 5602 respondeat.
