4010 6194
150 199 299 251 1069

1119 187 1429 244 STATUTA
1458 183 1787 241 CANONUM
1828 182 1913 238 DE
1944 183 2214 240 OFFICIO
2240 182 2731 246 SACERDO'I‘UM.

3539 188 3677 241 1070

221 319 347 389 (Ea:
387 317 549 371 dictis
609 314 784 383 Aug.)
849 314 920 367 Ut
972 313 1164 367 nullus
1196 313 1496 367 ordinatus
1544 309 1757 380 migret
1800 307 1868 361 de
1906 310 1950 363 Α
2054 309 2128 362 Ex
2178 307 2417 362 concilio
2451 307 2780 362 Laodicensi
2838 324 2962 379 cap.
3016 311 3085 362 2O
3121 325 3134 363 :
3172 310 3239 364 Ut
3297 310 3525 365 diaconi
3578 327 3675 365 co-

141 424 255 463 sua
285 405 560 478 parochia
596 404 657 457 in
719 402 913 469 aliam,
959 418 1064 456 nec
1093 402 1161 456 ad
1211 401 1412 455 limina
1451 399 1863 470 apostolorum,

142 513 323 551 causa
357 492 653 553 orationis,
692 506 829 545 cura
859 490 1121 544 Ecclesiae
1161 506 1277 543 sua:
1309 488 1607 557 derelicta;
1650 501 1755 539 nec
1794 485 1865 539 ad

142 586 455 658 palatium,
505 599 676 636 causa
720 580 1151 650 interpellandi.
1208 580 1371 643 Quod
1428 579 1476 632 si
1532 576 1752 641 fecerit,
1783 574 1861 628 nil

143 677 306 730 valet
343 670 678 743 hujusmodi
705 668 992 723 ordinatio
1012 674 1114 722 aut
1142 668 1503 738 demigratio.

225 765 337 834 (Ea:
364 763 587 817 concilio
634 759 816 812 habito
841 757 995 826 apud
1028 757 1300 826 Regium.)
1332 758 1395 810 Et
1443 757 1547 809 hoc
1599 752 1865 809 omnibus

148 853 424 907 fidelibus
464 846 925 904 denuntiandum
987 861 999 898 :
1052 845 1141 907 Ut,
1210 845 1311 915 qui
1360 860 1529 898 causa
1588 840 1866 897 orationis

150 942 227 995 ad
253 940 453 994 limina
491 940 793 992 beatorum
853 933 1248 1004 apostolorum
1306 947 1547 1003 pergere
1603 929 1863 1001 cupiunt,

150 1031 318 1085 domi
347 1026 725 1083 conﬁteantur
768 1028 996 1094 peccata
1024 1038 1144 1085 sua,
1181 1026 1239 1074 et
1275 1020 1355 1074 sic
1399 1019 1866 1091 proﬁciscantur;

154 1120 359 1191 quiaa
414 1116 643 1187 proprio
693 1112 959 1183 episcopo
1006 1111 1094 1165 vel
1151 1109 1443 1164 sacerdote
1500 1108 1720 1180 ligandi
1766 1114 1868 1161 aut

154 1207 417 1263 solvendi
439 1210 591 1268 sunt,
624 1219 737 1257 non
763 1201 832 1255 ab
864 1205 1153 1254 extraneo.

233 1300 340 1365 (Ea:
396 1295 607 1355 eod.,c.
662 1292 741 1359 4.)
776 1290 844 1345 Ut
900 1286 1220 1359 presbyteri
1268 1286 1537 1357 privatim
1598 1284 1867 1339 ﬁdelibus

154 1383 615 1439 desiderantibus
644 1377 998 1433 benedicant.

236 1475 312 1528 Ex
344 1472 581 1525 concilio
613 1470 748 1522 Ven.
799 1483 924 1536 cap.
956 1466 1025 1518 20
1061 1480 1074 1517 :
1118 1464 1186 1518 Ut
1217 1463 1410 1516 nullus
1451 1461 1514 1515 in
1554 1459 1868 1515 Dominicis

1974 413 2094 451 ram
2171 397 2516 468 presbyteris
2572 414 2691 451 non
2744 397 3000 463 sedeant,
3061 398 3172 452 nisi
3228 400 3436 454 horum
3483 402 3671 471 jussu.

1975 486 2128 539 Idem
2164 486 2233 540 de
2263 485 2483 539 caeteris
2513 485 2806 555 gradibus.

2047 574 2399 645 (Exconcitio
2443 576 2682 641 Valensi,
2734 577 2909 644 capite
2966 574 3043 644 6.)
3100 574 3157 629 Si
3215 576 3509 646 presbyter
3561 593 3678 647 prae

1973 662 2309 717 inﬁrmitate
2356 666 2604 733 nequeat
2654 663 2985 733 praedicare,
3045 679 3077 716 a
3118 663 3357 718 diacono
3434 665 3677 734 probato

1974 756 2303 805 sanctorum
2335 752 2565 805 Patrum
2588 751 2840 804 bomilize
2865 751 3214 820 :recitentur.

2368 840 2449 893 EX
2488 840 2699 895 LIBRO
2731 840 2802 892 III
2843 840 3277 895 BURCHARDI.

2048 927 2156 999 (Ea:
2211 930 2433 983 concilio
2485 927 2815 995 Arelatensi,
2871 930 3046 998 capite
3083 929 3158 998 1.)
3201 930 3269 983 Ut
3308 929 3557 1000 populus
3610 929 3678 984 ad

1974 1017 2377 1071 celebrandam
2430 1016 2662 1073 missam
2709 1022 3086 1087 congregatus
3138 1022 3267 1072 ante
3334 1018 3681 1073 benedictio-

1977 1121 2111 1159 nem
2141 1104 2448 1162 sacerdotis
2477 1121 2595 1158 non
2632 1104 2905 1163 discedat.

2048 1195 2157 1265 (Ea:
2195 1194 2420 1248 decretis
2473 1195 2667 1262 Higini
2719 1209 2899 1265 papa,
2965 1196 3139 1265 capite
3192 1193 3268 1264 3.)
3305 1193 3484 1264 Ligna
3516 1194 3675 1249 dedi-

1976 1288 2117 1337 catae
2149 1283 2399 1337 ecclesiae
2428 1299 2545 1336 non
2595 1282 2804 1336 debent
2832 1282 2903 1336 ad
2950 1282 3109 1337 aliud
3167 1299 3311 1353 opus
3355 1283 3543 1353 jungi,
3574 1282 3684 1336 nisi

1978 1372 2049 1426 ad
2111 1372 2282 1425 aliam
2331 1372 2656 1437 ecclesiam;
2704 1371 2790 1424 vel
2852 1370 2973 1440 igni
3023 1370 3438 1438 comburenda,
3482 1372 3565 1424 vel
3612 1373 3683 1425 ad

1979 1461 2303 1532 profectum
2334 1459 2601 1513 fratribus
2636 1458 2689 1511 iu
2739 1458 3182 1512 monasterium.

156 1563 365 1618 diebus
393 1575 579 1629 genua
606 1557 814 1620 flectat,
861 1570 964 1608 nec
993 1570 1025 1607 a
1070 1551 1283 1607 Pascha
1333 1566 1516 1620 usque
1549 1550 1607 1603 in
1641 1554 1868 1639 octavas
1909 1585 1951 1639 Β
2055 1549 2324 1619 Exempla
2357 1547 2561 1602 Isidori
2593 1547 2663 1600 ad
2700 1547 3047 1600 Lamfridum
3108 1545 3519 1618 [Ludifredum]
3561 1548 3682 1618 epi-

161 1654 545 1705 Pentecostes.
630 1643 1087 1699 Benedictionem
1162 1656 1336 1711 super
1380 1639 1610 1709 plebem
1682 1638 1869 1691 facere

154 1737 513 1813 presbyteris
535 1751 650 1788 non
679 1734 810 1787 licet
836 1732 896 1784 in
930 1729 1237 1784 Dominicis
1273 1727 1475 1781 diebus
1525 1727 1611 1779 vel
1644 1726 1705 1779 in
1746 1724 1871 1778 aliis

157 1829 345 1894 festis,
382 1825 591 1897 populo
623 1822 681 1875 in
712 1819 947 1875 ecclesia
971 1818 1371 1872 conveniente.

240 1916 356 1988 (Ea:
409 1913 628 1969 concilio
678 1910 1026 1973 Nannetensi,
1085 1907 1261 1975 capite
1307 1905 1430 1970 300,
1471 1904 1570 1967 18.)
1597 1901 1655 1957 Si
1695 1901 1873 1971 aliqui

160 2004 562 2062 discordantes
610 1999 742 2067 sint,
800 1997 991 2051 statim
1059 2013 1089 2049 a
1139 1993 1472 2065 presbytero
1523 1995 1621 2045 aut
1678 2006 1873 2044 recon-

159 2094 459 2160 cilientur,
514 2094 612 2143 aut
662 2088 729 2142 ab
760 2086 1002 2141 Ecclesia
1032 2082 1404 2154 abjiciantur;
1448 2076 1563 2151 quo
1622 2083 1871 2150 peracto,

160 2182 345 2238 missa
372 2180 705 2235 celebretur.

243 2272 364 2343 (Ea:
406 2268 626 2324 concilio
669 2262 1108 2333 Moguntinensi.)
1160 2256 1481 2327 Presbyteri
1526 2257 1651 2311 sine
1696 2256 1876 2311 inter-

161 2363 441 2418 missione
469 2356 668 2412 orariis
699 2358 950 2418 utantur,
983 2354 1219 2422 propter
1269 2347 1656 2403 differentiam
1686 2363 1878 2402 sacer-

165 2450 383 2506 dotalis
411 2444 723 2517 dignitatis.
1524 2499 1532 2506 '

244 2540 354 2610 (Ea:
379 2537 601 2591 concilio
655 2529 868 2601 Afric.)
917 2527 1167 2585 Clericus
1222 2525 1457 2591 victum,
1502 2528 1561 2577 et
1608 2524 1878 2578 vestitum

167 2629 284 2683 sibi
312 2628 553 2681 honesto
578 2620 818 2676 artiﬁcio
878 2619 962 2673 vel
1011 2615 1382 2687 agricultura,
1425 2612 1645 2684 absque
1703 2611 1880 2667 ofﬁcii

172 2717 269 2772 sui
290 2716 563 2770 duntaxat
600 2709 942 2765 detrimento
969 2707 1272 2777 praeparet.

252 2806 359 2873 (Ea:
398 2802 616 2857 concilio
656 2797 1000 2856 Nannetensi,
1025 2795 1201 2862 capite
1230 2791 1338 2857 60.)
1383 2788 1683 2858 Presbyter
1712 2802 1881 2841 mane

1982 1654 2262 1709 scopum:
2292 1637 2375 1690 Ad
2417 1634 2773 1706 psalmistam
2805 1634 3052 1703 pertinet
3093 1633 3349 1687 ofﬁcium
3411 1635 3683 1700 canendi;

1980 1728 2173 1783 dicere
2203 1724 2648 1785 benedictiones,
2682 1723 2878 1776 laudes
2908 1722 2976 1775 ad
3038 1720 3400 1786 sacriﬁcium,
3447 1738 3686 1792 respon-

1983 1817 2137 1871 soria
2175 1820 2231 1869 et
2262 1813 2542 1884 quidquid
2572 1812 2825 1881 pertinet
2858 1811 2928 1865 ad
2959 1810 3201 1864 canendi
3230 1810 3506 1864 ofﬁcium.

2056 1904 2137 1958 Ad
2171 1902 2467 1956 ostiarium
2500 1900 2790 1969 pertinent
2820 1900 3004 1953 claves
3035 1898 3310 1967 ecclesiae,
3358 1904 3421 1953 ut
3466 1898 3695 1953 claudat

1986 1998 2044 2048 et
2076 1991 2295 2062 aperiat
2323 1989 2606 2059 templum
2643 1988 2769 2057 Dei;
2804 1994 2858 2041 et
2918 1987 3110 2042 omnia
3142 2004 3271 2058 quae
3322 1994 3456 2042 sunt
3515 1988 3689 2052 intus,

1986 2087 2046 2137 et
2073 2087 2230 2137 extra
2264 2077 2575 2147 custodiat;
2610 2077 2808 2131 ﬁdeles
2850 2076 3117 2147 recipiat;
3176 2077 3696 2131 excommunicatos

1987 2171 2047 2222 et
2074 2165 2337 2220 inﬁdeles
2373 2160 2643 2231 excipiat.

2060 2256 2147 2309 Ad
2187 2254 2457 2307 lectorem
2487 2255 2681 2303 autem
2720 2249 2990 2303 lectiones
3047 2249 3443 2319 pronuntiare,
3512 2253 3567 2303 et
3601 2264 3689 2312 ea,

1989 2360 2119 2414 quas
2161 2341 2458 2412 prophetas
2487 2337 2958 2403 vaticinaverunt,
2991 2337 3219 2407 populis
3250 2337 3586 2407 prmdicare.

2063 2429 2146 2483 Ad
2206 2425 2545 2480 exorcistam
2625 2422 2969 2477 exorcismos
3028 2423 3361 2478 memoriter
3426 2424 3696 2488 retinere,

1990 2531 2315 2586 manusque
2363 2529 2539 2583 super
2588 2528 3007 2583 energumenos
3061 2515 3117 2565 et
3176 2513 3599 2566 enechumenos
3639 2512 3699 2563 in

1992 2604 2363 2661 oxorcisando
2417 2602 2741 2671 imponere.
2800 2600 2881 2655 Ad
2948 2601 3275 2670 acolythum
3356 2599 3702 2672 praeparatio

1992 2692 2371 2750 luminarium
2425 2690 2484 2743 in
2541 2689 2810 2743 sacrario.
2874 2690 3000 2759 Ipse
3031 2705 3260 2743 cereum
3314 2695 3533 2760 portat;
3580 2690 3703 2758 ipse

1993 2786 2253 2852 surgesta
2282 2780 2381 2850 [sic
2408 2781 2529 2845 ms.]
2584 2795 2686 2849 pro
2729 2778 3075 2832 eucharistia
3129 2777 3321 2831 calicis
3392 2782 3699 2849 praeparat.

174 2863 506 2949 matutinali
532 2887 718 2943 ofﬁcio
752 2886 999 2954 expleto,
1034 2894 1275 2951 pensum
1315 2876 1608 2930 servitutis
1653 2892 1768 2929 sua;
1798 2891 1890 2929 ca-
1930 2863 1968 2916 C
2072 2871 2158 2924 Ad
2196 2869 2613 2923 subdiaconum
2675 2866 2908 2921 calicem
2966 2871 3022 2920 et
3070 2872 3339 2936 patenam
3401 2868 3473 2921 ad
3526 2868 3705 2921 altare

175 2982 376 3039 nendo
410 2979 673 3049 primam,
709 2974 932 3028 tertiam
971 2974 1186 3023 sextam
1222 2980 1551 3034 nonamque
1584 2966 1889 3035 persolvat.

176 3078 266 3131 Ita
300 3080 513 3137 tamen,
563 3076 626 3123 ut
684 3072 881 3137 postea
912 3062 1067 3118 horis
1115 3056 1573 3128 competentibus
1612 3061 1666 3110 et
1714 3055 1894 3125 signis

178 3160 633 3233 designantibus,
694 3157 860 3226 juxta
910 3150 1369 3222 possibilitatem,
1424 3150 1525 3199 aut
1592 3161 1625 3198 a
1682 3162 1740 3198 se
1796 3147 1895 3197 aut

180 3250 537 3305 scholaribus
558 3245 953 3314 compleantur
975 3236 1221 3310 publice.

257 3341 332 3394 Ex
366 3336 605 3391 concilio
661 3332 950 3396 Toletano,
993 3342 1116 3396 cap.
1150 3328 1180 3378 6
1215 3340 1227 3377 :
1274 3321 1332 3377 Si
1363 3320 1605 3391 quilibet
1669 3320 1897 3375 ordina-

181 3435 279 3483 tus
305 3428 365 3480 in
395 3425 617 3478 civitate
673 3436 908 3474 manens
939 3422 995 3471 et
1052 3416 1199 3480 loco,
1259 3410 1355 3464 ubi
1383 3410 1500 3478 est}
1527 3409 1781 3469 ecclesia.
1825 3406 1896 3459 ad

183 3515 534 3573 sacriﬁcium
586 3508 991 3582 quotidianum
1046 3518 1161 3558 non
1190 3498 1428 3563 venerit,
1480 3497 1716 3552 clericus
1780 3510 1895 3550 nou

183 3606 491 3662 habeatur.

262 3695 374 3764 (Ea:
405 3688 626 3744 concilio
664 3686 929 3749 Venetico,
962 3679 1140 3750 capite
1175 3676 1248 3747 1.)
1284 3673 1535 3730 Clericus
1575 3671 1635 3725 in
1672 3669 1897 3725 civitate

188 3797 454 3845 manens,
481 3779 529 3831 si
589 3792 656 3830 ea
706 3774 796 3829 die
840 3769 1139 3828 matutinis
1204 3764 1435 3836 hymnis
1490 3760 1736 3817 defuerit
1776 3760 1898 3813 sine

189 3867 558 3941 aegritudine,
612 3869 643 3918 7
697 3861 860 3933 (dies)
914 3878 948 3915 a
1018 3852 1535 3912 communicatione
1620 3849 1900 3904 habeatur

190 3965 518 4016 extraneus.

264 4050 374 4113 (Ea:
425 4043 647 4099 concilio
705 4038 1052 4101 Nannetensi,
1107 4034 1284 4102 capite
1344 4029 1454 4098 ll.)
1521 4027 1580 4081 [n
1640 4023 1898 4113 convivio

2003 2958 2214 3015 Christi
2246 2957 2465 3011 deferre
2516 2961 2572 3010 et
2627 2955 2813 3009 levitis
2862 2956 3087 3009 tradere
3120 2954 3352 3026 :eisque
3382 2956 3705 3009 ministrare

2003 3048 2298 3102 urceolum
2323 3061 2551 3116 quoque
2579 3050 2635 3099 et
2654 3060 2884 3115 aquam,
2916 3044 3152 3097 mantile
3185 3050 3241 3097 et
3273 3044 3704 3115 manutergium

2004 3141 2199 3191 tenere
2239 3135 2524 3205 episcopo,
2580 3134 2918 3203 presbytero
2973 3138 3029 3187 et
3058 3133 3246 3186 levitis
3295 3149 3401 3203 pro
3447 3133 3704 3187 lavandis

2006 3230 2138 3279 ante
2168 3225 2346 3278 altare
2372 3222 2638 3277 manibus
2672 3237 2881 3292 aquam
2916 3221 3189 3292 prabere.

2074 3313 2158 3366 Ad
2230 3312 2535 3367 diaconum
2593 3315 2783 3363 autem
2854 3309 3114 3364 assistere
3189 3309 3597 3379 sacerdotibus,
3652 3314 3711 3364 et

2005 3401 2330 3455 ministrare
2361 3400 2420 3453 in
2480 3398 2746 3452 omnibus
2795 3414 2925 3468 quas
2991 3400 3171 3467 agunt
3223 3396 3282 3451 in
3337 3398 3709 3452 sacramentis

2006 3489 2278 3559 episcopi,
2331 3492 2387 3541 et
2414 3488 2475 3540 in
2505 3486 2812 3556 baptismo,
2871 3485 3198 3554 chrismate,
3260 3490 3469 3556 patena
3492 3490 3549 3540 et
3569 3486 3712 3540 cali-

2006 3593 2096 3643 ce;
2146 3575 2463 3630 oblationes
2494 3590 2727 3644 quoque
2784 3573 3017 3640 inferre,
3051 3579 3108 3627 et
3164 3574 3474 3644 praedicare
3534 3575 3712 3628 Evan-

2007 3665 2222 3736 gelium
2250 3668 2307 3717 et
2336 3662 2689 3734 Apostolum.
2753 3662 2892 3715 Nam
2953 3661 3099 3715 sicut
3157 3662 3466 3719 lectoribus
3542 3663 3713 3717 Vetus

2006 3754 2451 3815 Testamentum,
2486 3751 2564 3804 ita
2598 3749 2933 3803 diaconibus
2951 3750 3173 3803 Novum
3203 3750 3516 3819 praedicare
3562 3766 3714 3821 prce-

2008 3845 2240 3910 ceptum
2273 3843 2375 3893 est.
2406 3838 2487 3892 Ad
2529 3837 2718 3907 ipsum
2750 3852 2979 3907 quoque
3005 3838 3254 3907 pertinet
3291 3838 3547 3892 ofﬁcium
3586 3855 3713 3909 pre-

2007 3944 2139 3982 cum
2173 3933 2230 3982 et
2256 3925 2515 3980 recitatio
2557 3924 2881 3978 nominum.
2914 3925 3037 3993 Ipse
3085 3930 3405 3993 praemonet
3435 3942 3601 3980 aures
3647 3927 3717 3981 ad

2008 4016 2320 4071 Dominum
2347 4013 2585 4079 habere;
2619 4012 2741 4082 ipse
2770 4012 3031 4065 hortatur
3068 4012 3346 4079 clamare;
3377 4013 3501 4083 ipse
3546 4014 3723 4068 donat

186 4136 661 4208 presbyterorum
689 4132 818 4182 ante
850 4137 1109 4180 mensam
1138 4120 1361 4175 dicatur
1388 4130 1603 4179 versus,
1635 4117 1687 4166 et
1728 4112 1901 4165 bene-
1938 4142 1981 4196 Β
2011 4120 2211 4176 pacem
2239 4106 2293 4157 et
2335 4102 2454 4172 ipse
2486 4115 2683 4171 pacem
2705 4098 3030 4156 annuntiat.

187 4201 418 4281 dicatur
463 4221 622 4274 cibus
649 4218 721 4271 ab
758 4215 948 4284 aliquo
979 4210 1191 4282 priore.
1232 4205 1446 4260 Deinde
1476 4201 1798 4264 comedant,
1844 4203 1902 4252 et

186 4328 302 4386 per
331 4311 479 4364 vices
498 4309 689 4361 cibum
713 4309 1030 4375 potumque
1062 4294 1421 4360 benedicant,
1464 4290 1658 4361 aliquo
1699 4288 1903 4342 clerico

186 4378 428 4457 interim
449 4398 709 4469 legente;
734 4390 1000 4446 similiter
1011 4383 1341 4458 postcibum
1363 4378 1571 4435 dicturi
1600 4378 1904 4447 hymnum.

271 4490 375 4552 (Em
408 4462 632 4541 concilio
682 4462 860 4547 Afric.
914 4478 1090 4546 capite
1119 4471 1195 4541 6.)
1250 4472 1317 4524 In
1373 4466 1528 4523 omni
1573 4462 1909 4521 sacerdotali

185 4576 462 4634 convivio
520 4572 846 4626 divinarum
919 4564 1346 4633 Scripturarum
1414 4556 1583 4611 lectio
1653 4552 1911 4608 intermi-

297 4669 447 4718 atur.

188 4681 447 4722 secatur.

275 4753 385 4822 (Ea:
416 4746 639 4803 concilio
695 4739 978 4811 Carthag.)
1011 4737 1259 4795 Clericus
1289 4750 1395 4789 nec
1431 4747 1634 4787 coman
1671 4728 1910 4795 nutriat,

193 4817 311 4898 nec
335 4837 593 4893 barbam.
619 4835 706 4899 Et,
753 4832 801 4885 si
855 4845 957 4901 per
1010 4829 1334 4881 creaturam
1387 4822 1564 4892 juret,
1634 4817 1914 4873 acerrime

197 4929 552 4998 corrigatur;
594 4924 641 4977 si
683 4918 999 4992 perstiterit
1046 4916 1109 4969 in
1141 4913 1301 4979 vitio,
1364 4907 1911 4964 excommunicetur.

282 5018 393 5087 (Ere
412 5012 639 5069 concilio
671 5005 1047 5073 Triburiensi.)
1083 4999 1453 5070 Praecipimus
1490 5001 1554 5051 ut
1602 4992 1919 5064 unusquis-

206 5079 323 5179 que
352 5103 650 5176 presbyter
678 5113 849 5169 super
880 5096 1041 5157 duas,
1075 5091 1163 5145 vel
1189 5094 1303 5142 tres
1333 5086 1679 5158 septimanas
1720 5079 1920 5135 Domi—

207 5168 373 5252 dicis.
402 5168 625 5258 diebus,
670 5168 761 5242 vel
793 5189 1123 5240 sanctorum
1176 5174 1578 5232 festivitatibus
1642 5168 1921 5241 populum

213 5284 327 5340 sibi
356 5280 725 5337 commissum
757 5276 819 5329 in
864 5270 1101 5329 ecclesia
1126 5283 1247 5331 sua,
1297 5269 1425 5335 post
1472 5263 1680 5316 lectum
1741 5259 1918 5312 Evan-

217 5372 455 5445 gelium,
526 5366 799 5425 doctrinis
853 5380 883 5418 a
931 5364 1126 5416 sancta
1155 5354 1447 5425 Scriptura
1512 5346 1778 5419 sumptis,
1825 5344 1921 5400 in-

222 5467 444 5518 struere
475 5458 718 5513 studeat.

2082 4193 2169 4248 Ad
2212 4190 2614 4262 presbyterum
2660 4188 2909 4258 pertinet
2966 4192 3322 4241 sacramenta
3370 4188 3627 4257 corporis
3665 4194 3724 4243 et

2014 4280 2310 4352 sanguinis
2361 4276 2592 4332 Domini
2646 4277 2705 4330 in
2736 4275 2901 4330 altari
2958 4276 3256 4341 conﬁcere,
3309 4280 3365 4329 et
3402 4275 3721 4330 orationem

2015 4371 2223 4435 dicere,
2256 4371 2314 4422 et
2336 4367 2488 4421 dona
2528 4365 2628 4424 Dei
2675 4365 3034 4421 benedicere.

2085 4458 2170 4514 Ad
2226 4456 2561 4528 episcopum
2646 4453 3014 4508 basilicarum
3084 4452 3473 4519 consecratio;
3528 4451 3726 4507 altaris

2020 4546 2252 4606 unctio;
2285 4542 2609 4598 chrismatis
2643 4541 2945 4596 confectio.
3005 4542 3131 4612 Ipse
3189 4541 3465 4611 praedicta
3539 4540 3728 4596 ofﬁcia

2019 4642 2076 4691 et
2135 4633 2364 4689 ordines
2422 4630 2830 4685 ecclesiasticos
2897 4629 3206 4695 distribuit,
3264 4634 3321 4683 et
3374 4629 3498 4699 ipse
3544 4645 3731 4684 sacras

2020 4723 2274 4795 virgines
2293 4719 2598 4775 benedicit.

2094 4811 2165 4868 Hi
2232 4814 2366 4863 sunt
2412 4807 2647 4861 ordines
2704 4820 2768 4859 ac
2827 4803 3104 4874 mysteria
3154 4803 3537 4859 clericorum:
3604 4820 3733 4875 quae

2022 4905 2218 4956 tamen
2252 4896 2591 4951 auctoritate
2639 4891 2981 4963 pontiﬁcali,
3024 4890 3083 4944 in
3138 4891 3522 4946 archidiaconi
3573 4908 3731 4960 cura,

2025 4994 2083 5044 et
2110 4984 2422 5058 primicerii
2454 4999 2516 5036 ac
2546 4979 2889 5036 thesaurarii
2937 4978 3320 5033 sollicitudine
3377 4980 3732 5045 dividuntur,

2026 5074 2473 5132 Archidiaconus
2538 5070 2783 5139 imperat
2837 5066 3199 5121 subdiaconis
3249 5071 3305 5121 et
3357 5067 3587 5134 levitis;
3670 5067 3737 5122 ad

2030 5180 2203 5237 quem
2231 5162 2482 5234 pertinet
2527 5173 2663 5211 cura
2691 5155 2972 5210 vestiendi
3015 5154 3207 5207 altaris
3233 5170 3267 5207 a
3334 5154 3543 5222 levitis;
3602 5171 3740 5210 cura

2032 5250 2251 5306 incensi
2282 5253 2339 5303 et
2404 5243 2685 5300 sacriﬁcii.
2746 5241 2940 5305 Quivis
2983 5241 3285 5294 levitarum
3344 5240 3655 5311 Epistolam
3686 5245 3740 5295 et

2036 5336 2406 5409 Evangelium
2454 5335 2639 5403 legat;
2686 5328 2871 5401 quivis
2900 5343 3095 5399 preces
3124 5327 3291 5394 dicat,
3346 5343 3449 5382 seu
3501 5344 3741 5398 respon-

2037 5428 2255 5484 sorium
2304 5425 2364 5479 in
2422 5420 2732 5479 Dominicis
2782 5416 2987 5472 diebus
3043 5415 3129 5468 vel
3176 5414 3302 5469 aliis
3342 5414 3744 5470 festivitatibus
