4014 6200
383 283 517 337 1071

399 499 469 552 de
491 496 882 551 ecclesiasticis
915 497 1233 550 ordinibus.

469 588 544 640 Ex
578 586 823 639 Decretis
872 586 1069 639 Felicis
1124 602 1288 656 papas
1321 602 1333 639 :
1369 586 1532 640 Missa
1565 602 1679 639 non
1734 586 1901 641 debet
1947 586 2097 640 cele-

397 674 571 739 brari,
604 673 712 726 nisi
776 672 831 726 in
889 672 1026 725 locis
1085 673 1155 726 ab
1232 672 1500 743 episcopo
1564 674 1925 737 consecratis,
1990 673 2099 727 nisi

398 777 624 815 summa
666 761 963 814 necessitas
1021 765 1204 831 cogat.
1266 762 1339 815 Ex
1394 761 1643 816 iisdem:
1708 761 2100 817 Dedicationes

398 850 767 905 ecclesiarum
800 866 901 920 per
931 849 1187 919 singulos
1215 866 1398 904 annos
1421 850 1559 904 ﬁant
1578 851 1847 905 celebres.

472 940 546 993 Ex
575 938 812 992 concilio
860 937 1277 1003 Aurelianensi,
1309 954 1431 1008 cap.
1476 941 1505 993 3
1540 955 1553 992 :
1587 940 1925 993 Necessitate
1991 937 2099 1008 igi-

397 1032 491 1082 tur
521 1032 760 1097 cogente
807 1027 1049 1096 itineris,
1098 1027 1488 1097 permittimus
1540 1027 1817 1081 celebrari
1867 1027 2098 1080 missam

396 1117 455 1171 in
481 1117 745 1181 tentorio,
778 1115 892 1168 sive
925 1116 1028 1169 sub
1077 1115 1228 1178 divo,
1281 1116 1339 1168 in
1393 1115 1578 1169 nitido
1624 1116 1767 1170 loco.
1827 1114 1938 1170 Sed
1978 1115 2101 1169 haec

396 1206 725 1259 nullatenus
744 1204 866 1257 sine
898 1208 1227 1258 consecrata
1254 1205 1467 1258 tabula.

469 1296 545 1349 Ex
577 1294 820 1363 epistola
848 1292 1217 1364 Thelesphori
1272 1309 1459 1363 papae,
1510 1310 1633 1364 cap.
1667 1296 1697 1347 6
1733 1309 1746 1347 :
1807 1293 1972 1348 Missa
2009 1308 2097 1346 ce-

395 1383 671 1438 lebranda
699 1387 783 1436 est
830 1382 1071 1435 minime
1102 1386 1234 1435 ante
1293 1381 1490 1435 horam
1521 1381 1635 1435 diei
1678 1382 1926 1447 tertiam,
1967 1380 2102 1451 quia

397 1474 596 1527 eadem
650 1472 793 1525 hora
845 1476 902 1525 et
955 1472 1229 1525 Dominus
1270 1471 1571 1525 cruciﬁxus
1604 1476 1704 1537 est,
1759 1476 1813 1523 et
1855 1470 2099 1540 Spiritus

396 1566 624 1615 sanctus
656 1561 947 1614 descendit
976 1577 1147 1630 super
1172 1560 1478 1630 apostolos.
1512 1559 1803 1629 Excipitur
1839 1558 1899 1612 in
1933 1562 2099 1613 nocte

399 1650 609 1703 Natalis
643 1648 886 1701 Domini.
1198 1698 1201 1699 ,

473 1740 545 1791 Ex
574 1736 818 1790 concilio
852 1735 1255 1802 Cabillonensi,
1286 1752 1409 1805 cap.
1444 1737 1509 1790 39
1539 1752 1552 1789 :
1595 1736 1792 1790 Visum
1824 1739 1907 1790 est
1935 1735 2102 1789 nobis

397 1831 460 1879 ut
509 1826 775 1879 omnibus
836 1824 1137 1877 missarum
1198 1824 1673 1888 solemnitatibus,
1742 1840 1847 1893 pro
1899 1824 2101 1878 defun-

396 1920 616 1967 ctorum
650 1912 965 1982 spiritibus,
1020 1914 1137 1966 loco
1169 1911 1519 1982 competenti
1574 1912 1848 1966 Dominus
1893 1913 2092 1983 depre-

396 2007 574 2057 cetur.

469 2091 768 2163 Dionysius
827 2089 1178 2160 Areopagita
1227 2089 1362 2144 dicit
1410 2088 1795 2160 blasphemias
1845 2090 1959 2143 Deo
2021 2090 2099 2144 fa-

395 2197 544 2245 cere,
572 2181 672 2252 qui
704 2179 905 2233 missas
937 2178 1105 2232 offert
1134 2195 1238 2248 pro
1274 2178 1422 2232 malo
1458 2179 1709 2232 homine.

465 2270 818 2341 Augustinus
904 2267 1039 2321 dicit
1097 2283 1199 2337 pro
1281 2267 1549 2321 omnibus
1612 2265 1950 2321 Christianis
1981 2281 2101 2319 esse

392 2360 750 2424 faciendum;
785 2356 921 2427 quia
949 2357 1035 2409 vel
1069 2356 1150 2408 eis
1177 2355 1419 2425 proﬁcit,
1453 2360 1552 2410 aut
1580 2355 1969 2419 offerentibus,
2004 2360 2103 2409 aut

397 2447 804 2519 paenitentibus
834 2444 1112 2514 proderit.

468 2537 547 2589 Ex
577 2533 813 2588 concilio
869 2532 1041 2586 Afric.
1076 2547 1199 2601 cap.
1257 2532 1374 2585 64:
1430 2532 1499 2586 Ut
1537 2546 1733 2601 preces
1790 2534 1847 2585 et
1893 2530 2099 2602 praefa-

396 2624 580 2680 tiones
610 2639 729 2677 non
762 2621 1138 2682 celebrentur,
1172 2621 1278 2674 nisi
1312 2635 1441 2691 quae
1471 2619 1533 2673 in
1573 2619 1813 2673 concilio
1846 2620 2100 2690 probatae

396 2713 626 2768 fuerint.

464 2803 544 2855 Ex
614 2800 856 2855 concilio
934 2796 1280 2853 Nannetensi
1357 2812 1480 2867 cap.
1567 2798 1655 2850 30.
1722 2795 1987 2850 Deﬁnivit
2016 2812 2099 2849 sa-

394 2907 552 2945 crum
605 2889 909 2943 concilium
960 2894 1023 2941 ut
1068 2887 1259 2941 nullus
1303 2886 1602 2956 presbyter
1652 2885 1807 2938 solus
1860 2885 2094 2939 missam

1622 282 1967 339 APPENDIX
1998 285 2091 339 AD
2125 284 2636 342 BURCHARDUM.

393 409 676 472 decantet,
730 412 788 461 et
834 407 1077 479 reliqua.
1138 408 1449 479 Hucusque
1497 408 1746 463 Isidorus
1790 409 2094 480 episcopus
2132 413 2175 465 A
2278 411 2353 463 Ex
2408 406 2659 463 Decretis
2727 406 2986 460 Anacleti
3062 422 3254 477 papas,
3313 422 3437 478 cap.
3490 412 3603 462 ll:

3766 288 3909 339 i072

3678 410 3920 463 Peracta

2210 502 2401 552 autem
2469 497 2917 563 consecratione,
2953 511 3155 550 omnes
3211 496 3663 561 communicent,
3698 498 3811 567 qui
3834 515 3918 551 vo-

2206 586 2421 642 luerint
2466 585 2862 641 ecclesiasticis
2909 600 3103 638 carere
3150 584 3463 639 liminibus.
3514 585 3603 639 Sic
3658 586 3832 639 enim
3870 593 3914 640 et

2210 676 2449 746 apostoli
2525 678 2867 737 statuerunt,
2926 680 2981 727 et
3034 680 3225 727 sancta
3284 674 3542 727 Romana
3598 678 3769 728 tenet
3832 676 3910 728 Ec-

2209 765 2417 834 clesia;
2467 768 2545 832 et,
2573 765 2617 818 si
2650 765 2761 818 hoc
2790 763 3171 833 neglexerint,
3206 763 3609 831 degradentur.

2280 852 2388 921 (Ea:
2434 853 2655 906 concilio
2711 853 3143 918 Rothomagensi,
3179 855 3356 921 capite
3406 854 3475 920 1.)
3531 852 3741 907 Omnis
3796 870 3910 923 pre-

2208 941 2399 1010 sbyter
2432 941 2666 994 missam
2695 940 2987 995 celebrans
3022 941 3424 1008 communicet,
3459 941 3781 1012 divinaque
3813 958 3913 1011 my-

2209 1031 2382 1083 steria
2409 1030 2648 1083 diacono
2677 1029 2762 1083 vel
2819 1029 3191 1095 subdiacono,
3218 1029 3317 1099 qui
3348 1029 3596 1083 ministri
3629 1035 3771 1083 sunt
3793 1031 3912 1083 alta-

2209 1120 2308 1185 ris,
2338 1119 2525 1173 tradat
2580 1118 2918 1189 colligenda.
2979 1118 3123 1172 Illud
3177 1117 3351 1171 etiam
3408 1118 3688 1184 attendat,
3723 1124 3796 1172 ut
3832 1135 3909 1171 eos

2209 1206 2445 1276 prOpria
2502 1222 2675 1260 manu
2736 1206 3142 1260 communicet.
3202 1207 3355 1260 Nulli
3408 1213 3604 1260 autem
3633 1207 3787 1260 laico
3838 1209 3907 1261 vel

2208 1294 2439 1349 feminas
2496 1294 2899 1349 eucharistiam
2928 1294 2988 1348 in
3045 1310 3250 1348 manus
3292 1300 3487 1365 ponat,
3539 1295 3639 1349 sed
3693 1301 3907 1349 tantum

2209 1383 2271 1436 in
2327 1399 2390 1435 os
2436 1382 2592 1452 ejus;
2626 1383 2675 1436 si
2732 1382 2860 1453 quis
2920 1383 3029 1437 hoc
3083 1382 3556 1452 transgrediatur,
3620 1384 3690 1437 ab
3755 1384 3911 1438 altari

2210 1476 2590 1526 removeatur.

2284 1561 2361 1613 Ex
2389 1558 2626 1613 concilio
2670 1558 3022 1626 Laodicensi,
3055 1574 3178 1630 cap.
3210 1561 3278 1615 29
3311 1574 3325 1612 :
3378 1559 3538 1624 Quod
3569 1574 3687 1614 non
3746 1576 3912 1630 opor-

2210 1652 2328 1702 teat
2363 1649 2425 1702 in
2454 1648 2703 1702 ecclesiis
2732 1664 2947 1719 agapea
2981 1648 3127 1714 ﬁeri,
3162 1664 3267 1702 nec
3309 1648 3631 1713 comedere,
3697 1664 3808 1703 nec
3836 1666 3913 1702 ac-

2214 1738 2437 1793 cubitus
2461 1742 2734 1793 sternere.

2286 1827 2360 1879 Ex
2391 1825 2632 1878 concilio
2660 1825 2951 1892 Remensi,
3001 1840 3122 1895 cap.
3161 1827 3193 1879 6
3230 1840 3241 1878 :
3281 1825 3353 1879 Ut
3381 1824 3547 1890 calix,
3580 1830 3640 1879 et
3682 1830 3909 1894 patens,

2211 1914 2257 1967 si
2285 1931 2399 1968 non
2432 1931 2496 1968 ex
2525 1931 2685 1981 auro,
2734 1913 3083 1968 omnimodis
3133 1912 3235 1966 ﬁat
3264 1929 3330 1967 ex
3362 1920 3618 1984 argento.
3658 1914 3910 1967 Nimium

2210 2007 2403 2057 tamen
2456 2018 2676 2074 pauper
2717 2008 3017 2056 stanneum
3068 2002 3275 2056 habeat
3331 2002 3585 2056 calicem.
3660 2003 3739 2055 De
3804 2019 3911 2055 aere

2210 2097 2422 2157 autem,
2475 2093 2558 2146 vel
2620 2091 2923 2158 orichalco,
2959 2092 3047 2145 vel
3076 2091 3256 2161 ligno,
3290 2092 3375 2145 vel
3441 2091 3611 2157 vitro,
3673 2092 3909 2145 nullate-

2210 2197 2315 2234 nus
2340 2179 2486 2234 calix
2512 2180 2571 2233 in
2595 2197 2701 2233 usu
2729 2180 3025 2234 habeatur.

2280 2269 2356 2322 Ex
2386 2268 2586 2322 eodem
2620 2268 2858 2322 concilio
2892 2283 2904 2321 :
2954 2267 3104 2322 Nihil
3144 2267 3205 2320 in
3260 2267 3427 2322 altari
3488 2272 3761 2337 ponatur,
3804 2268 3907 2322 nisi

2208 2373 2394 2427 capsae
2454 2373 2583 2412 cum
2638 2362 2967 2411 sanctorum
3035 2356 3313 2427 reliquiis,
3349 2361 3405 2411 et
3435 2361 3685 2427 quatuor
3728 2358 3900 2411 Evan-

2208 2446 2377 2516 gelia.

2280 2536 2357 2588 Ex
2410 2534 2649 2588 concilio
2710 2533 3133 2603 Moguntiensi:
3171 2534 3240 2587 Ut
3286 2533 3416 2587 laici
3472 2533 3627 2587 inter
3674 2533 3909 2587 clericos

2206 2640 2311 2677 nec
2342 2623 2411 2677 ad
2454 2623 2697 2694 vigilias,
2732 2639 2835 2676 nec
2864 2622 2937 2676 ad
2970 2622 3189 2689 missas,
3249 2622 3401 2676 intra
3429 2623 3714 2677 cancellos
3762 2628 3905 2677 stare

2206 2714 2294 2766 vel
2324 2712 2522 2766 sedere
2549 2716 2919 2782 praesumant.

2280 2801 2546 2873 Exempla
2577 2800 2861 2855 Anastasii
2916 2816 3126 2872 papae:
3193 2801 3268 2853 Ex
3303 2799 3617 2869 apostolica
3665 2801 3906 2854 auctori-

2206 2894 2323 2946 tate
2355 2891 2696 2945 mandamus
2716 2894 2801 2955 ut,
2830 2890 2966 2944 dum
2999 2893 3191 2943 sancta
3222 2888 3527 2958 Evangelia
3568 2889 3907 2958 recitantur,

392 2980 682 3034 celebrare
726 2980 1068 3049 praesumat;
1103 2975 1239 3046 quia
1290 2979 1515 3045 oportet
1546 2990 1677 3028 eum
1717 2973 1928 3027 habere
1982 2973 2093 3028 sibi
2132 2976 2175 3029 D
2207 2980 2397 3033 nullus
2430 2978 2680 3033 sedendo
2720 2977 2949 3032 Domini
2977 2977 3149 3031 verba
3180 2976 3392 3030 audiat.

392 3073 670 3123 astantem
695 3069 763 3137 jet
816 3065 1273 3134 respondentem.
1336 3064 1391 3118 Si
1422 3063 1549 3134 quis
1598 3064 1718 3117 haec
1767 3066 2090 3133 transgres-

391 3175 485 3213 sus
516 3158 709 3222 fuerit,
741 3155 812 3209 ab
842 3153 1029 3207 ofﬁcio
1059 3153 1459 3222 suspendatur.

465 3249 542 3301 Ex
597 3245 847 3300 Decretis
907 3243 1125 3313 Pelagii
1180 3257 1369 3312 papze,
1428 3257 1551 3309 cap.
1591 3244 1667 3294 8:
1723 3241 2089 3294 Praefationes

391 3340 616 3389 tantUm
647 3340 777 3388 sunt
822 3331 1184 3400 recipiendas.
1243 3330 1363 3383 Una
1393 3328 1453 3382 in
1505 3328 1871 3382 Paschalibus
1926 3329 2087 3393 albis,

389 3424 502 3478 alia
552 3424 622 3477 de
678 3420 1025 3475 Ascensione
1085 3418 1333 3483 Domini,
1389 3418 1557 3471 tertia
1615 3418 1675 3471 in
1732 3420 2084 3473 Pentecoste.

390 3517 591 3584 quarta
634 3511 693 3565 in
751 3509 933 3565 Natali
992 3508 1242 3574 Domini,
1315 3508 1517 3578 quinta
1590 3508 1658 3561 de
1727 3507 2089 3577 apparitione

391 3602 633 3663 Domini,
663 3604 819 3653 sexta
869 3599 938 3652 de
968 3597 1262 3669 apostolis,
1333 3596 1573 3667 septima
1607 3596 1676 3649 de
1717 3600 1908 3649 sancta
1964 3596 2085 3649 Tri-

392 3692 589 3756 nitate,
617 3694 813 3743 octava
836 3688 906 3742 de
938 3703 1122 3754 cruce,
1184 3701 1335 3739 nona
1363 3684 1432 3738 de
1483 3683 1707 3754 jejunio
1763 3684 2087 3755 quadrage—

384 3780 570 3835 simali
620 3783 846 3833 tantum
906 3776 1165 3831 dicenda.
1217 3777 1325 3829 Has
1383 3773 1745 3845 przefationes
1813 3778 1969 3826 tenet
2032 3778 2088 3827 et

381 3870 630 3926 custodit
658 3872 850 3922 sancta
878 3867 1137 3921 Romana
1168 3865 1430 3919 Ecclesia.
1468 3866 1576 3918 Has
1611 3862 1891 3917 tenendas
1929 3863 2087 3917 vobis

384 3975 505 4014 esse
533 3957 894 4011 mandamus.

456 4049 529 4101 Ex
559 4045 797 4100 concilio
837 4045 1107 4097 Toletano
1162 4058 1235 4106 IX,
1267 4057 1390 4111 cap.
1420 4042 1453 4093 2
1485 4056 1501 4099 :7
1533 4040 1804 4095 Sacerdos
1852 4040 1912 4095 in
1938 4046 2081 4095 tem-

382 4152 520 4206 pore
572 4136 895 4195 missarum,
965 4135 1268 4202 postquam
1326 4145 1484 4183 sacra
1540 4129 1810 4200 mysteria
1886 4147 2083 4184 conse-

378 4238 537 4277 crare
568 4223 820 4293 cmpcrit,
855 4221 900 4273 si
932 4236 1063 4273 eum
1091 4219 1278 4273 subita
1315 4218 1619 4272 inﬁrmitas
1661 4222 1909 4288 coeptum
1957 4234 2081 4288 per—
2120 4248 2162 4303 Β

378 4327 548 4382 agere
592 4309 942 4381 impedierit,
978 4308 1052 4362 sit
1078 4308 1321 4361 liberum
1369 4307 1635 4379 episcopo
1683 4307 1770 4361 vel
1839 4307 2079 4378 presby-

377 4404 500 4453 tero
541 4404 604 4452 ut
651 4400 795 4452 alter
845 4396 1333 4451 consecrationem
1381 4397 1551 4466 coepti
1603 4395 1775 4450 ofﬁcii
1834 4395 2075 4466 expleat.

380 4489 521 4542 Nam
552 4488 758 4541 iterata
818 4485 1088 4557 mysteria
1134 4501 1237 4539 nec
1289 4484 1539 4554 perfecta
1569 4484 1750 4538 videri
1803 4489 2078 4555 possunt;

377 4574 487 4627 nisi
540 4572 905 4645 perfectionis
963 4572 1164 4627 ordine
1230 4572 1641 4642 compleantur.
1685 4570 1849 4634 Quod
1909 4570 2081 4625 etiam

374 4664 698 4716 consultum
751 4660 935 4715 cuncti
992 4661 1225 4713 ordines
1279 4660 1617 4713 clericorum
1688 4658 1933 4711 inditum
1993 4659 2079 4712 vel

372 4751 658 4805 indultum
687 4767 807 4804 esse
844 4748 949 4803 sibi
981 4764 1095 4802 non
1129 4747 1445 4817 ambigant,
1486 4746 1583 4799 sed
1628 4745 2082 4816 praecedentibus

372 4840 561 4893 statim
595 4839 692 4893 alii
718 4855 821 4910 pro
874 4837 1298 4907 complcmento
1351 4835 1677 4889 succedant.
1738 4835 1850 4887 Nec
1888 4838 2080 4887 tamen

372 4929 526 5000 quod
585 4933 823 4995 natura,
867 4925 1163 4996 languoris
1211 4940 1399 4991 causa,
1458 4923 1796 4989 consulitur,
1832 4923 1893 4975 in
1930 4938 2080 4992 prae-

370 5016 716 5087 sumptionis
752 5014 1065 5085 perniciem
1125 5016 1508 5065 convertatur.
1556 5011 1756 5064 Nullus
1810 5015 1943 5080 post
2000 5010 2078 5064 ci-

372 5106 509 5159 bum
540 5109 879 5174 potumque,
933 5103 1049 5156 sive
1095 5100 1397 5171 quodlibet
1424 5099 1726 5152 minimum
1755 5104 2073 5169 sumptum,

372 5193 571 5247 missas
597 5194 803 5259 facere,
865 5192 1195 5261 nullusque,
1228 5189 1444 5259 absque
1476 5188 1724 5259 patentis
1795 5192 2077 5258 proventu

369 5282 670 5344 molestiae,
705 5279 969 5334 minister
1015 5279 1103 5333 vel
1160 5277 1440 5342 sacerdos,
1492 5292 1624 5331 cum
1677 5275 1932 5346 coeperit,
1970 5275 2079 5330 im-

368 5369 620 5444 perfecta
650 5370 838 5423 ofﬁcia
870 5380 1185 5439 praasumat
1214 5366 1450 5420 omnino
1481 5365 1823 5437 relinquere.
1849 5365 1908 5419 Si
1949 5365 2079 5435 quis

364 5462 474 5515 hoc
542 5458 847 5513 temerarie
937 5455 1390 5527 praesumpserit,
1464 5454 2076 5510 excommunicationis

398 5553 496 5603 nte
506 5547 684 5603 ntiam
716 5545 1039 5601 sustinebit.

2272 3070 2348 3122 Ex
2436 3067 2677 3122 concilio
2732 3065 3092 3120 Avernensi:
3145 3067 3223 3119 De
3274 3065 3564 3135 opertorio
3625 3066 3911 3120 Dominici

2198 3156 2451 3226 corporis
2480 3157 2565 3210 vel
2600 3155 2793 3209 altaris
2825 3170 3120 3225 nunquam
3153 3169 3378 3225 corpus,
3416 3153 3555 3207 dum
3590 3153 3661 3207 ad
3706 3159 3908 3208 tumu-

2198 3243 2319 3296 lum
2371 3244 2571 3309 fertur,
2631 3244 2961 3314 obtegatur,
3021 3258 3126 3297 nec
3173 3258 3333 3297 sacro
3400 3243 3711 3310 velamine,
3766 3245 3905 3297 dum

2196 3332 2555 3386 honorantur
2596 3347 2856 3402 corpora,
2908 3332 3241 3402 polluantur
3290 3332 3519 3395 altaria;
3552 3347 3657 3385 nec
3713 3332 3784 3385 ad
3815 3333 3903 3385 di-

2196 3421 2393 3473 vinum
2448 3419 2831 3474 ministerium
2865 3420 3214 3491 pertinentia
3240 3420 3309 3475 ad
3357 3436 3629 3491 pompam
3676 3422 3900 3491 nuptia-

2195 3523 2324 3562 rum
2355 3512 2718 3579 praestentur.

2265 3597 2614 3666 Augustinus
2666 3596 2739 3650 ad
2797 3597 3137 3651 Casulanum
3195 3596 3636 3667 presbyterum:
3688 3598 3749 3651 In
3810 3598 3900 3651 his

2195 3685 2385 3752 rebus,
2415 3687 2484 3739 de
2517 3684 2724 3756 quibus
2756 3684 2898 3739 nihil
2937 3685 3075 3739 certi
3117 3686 3312 3739 statuit
3351 3685 3539 3739 divina
3584 3685 3895 3755 Scriptura,

2196 3790 2318 3827 mos
2367 3774 2567 3845 populi
2619 3773 2721 3828 Dei
2780 3774 2864 3827 vel
2896 3773 3157 3828 instituta
3190 3774 3472 3843 majorum
3514 3790 3619 3844 pro
3648 3776 3769 3843 lege
3813 3780 3898 3827 te-

2193 3864 2381 3918 nenda
2414 3868 2565 3917 sunt.
2600 3864 2685 3931 Et,
2735 3863 2879 3918 sicut
2934 3862 3430 3934 praevaricationes
3459 3863 3780 3916 divinarum
3821 3864 3901 3916 le-

2193 3968 2353 4022 gum,
2384 3951 2464 4005 ita
2491 3955 2913 4021 contemptores
2970 3950 3480 4006 ecclesiasticarum
3530 3951 3897 4005 consuetudi-

2193 4056 2333 4093 num
2359 4039 2658 4094 coercendi
2688 4043 2836 4093 sunt.

2265 4130 2377 4198 (Ea:
2424 4130 2649 4182 concilio
2722 4128 3124 4193 Aurelianensi,
3200 4131 3377 4197 capite
3445 4131 3522 4193 3.)
3611 4127 3761 4180 Nihil
3844 4128 3901 4180 in

2196 4215 2432 4269 ecclesia
2481 4215 2707 4285 legatur
2760 4220 2858 4269 aut
2909 4219 3192 4284 cantetur,
3248 4215 3359 4268 nisi
3398 4231 3465 4268 ea
3490 4231 3620 4285 quae
3661 4217 3906 4268 auctori‘

2193 4305 2324 4358 tatis
2355 4303 2563 4358 divinas
2612 4306 2745 4357 sunt
2794 4306 2850 4356 et
2905 4304 3137 4357 Patrum
3194 4302 3649 4357 orthodoxorum
3718 4304 3903 4357 sanxit

2189 4391 2518 4447 auctoritas.

2257 4482 2332 4535 Ex
2358 4479 2598 4535 concilio
2648 4479 2996 4547 Laodicensi,
3028 4495 3151 4548 cap.
3200 4481 3315 4535 59:
3367 4480 3430 4533 In
3483 4480 3723 4533 ecclesia
3784 4497 3900 4534 non

2189 4569 2323 4623 licet
2363 4569 2537 4623 libros
2589 4569 2723 4639 legi,
2785 4568 2896 4621 nisi
2954 4568 3170 4622 Veteris
3217 4572 3274 4621 et
3332 4568 3475 4622 Novi
3524 4570 3896 4623 Testamenti.

2262 4659 2381 4725 (Ea:
2428 4657 2621 4711 decret.
2678 4657 2827 4713 Βίωῑὶ
2849 4658 3059 4727 papae.)
3098 4656 3267 4711 Sacra
3295 4672 3429 4709 vasa
3480 4672 3595 4710 non
3653 4657 3725 4710 ab
3776 4657 3898 4710 aliis

2189 4748 2300 4802 nisi
2331 4764 2364 4801 a
2394 4747 2568 4801 sacris
2595 4746 2732 4800 viris
2771 4751 3103 4801 tractentur.

2263 4837 2535 4907 Exempla
2560 4836 2770 4890 Soteris
2808 4850 2973 4906 papae
3007 4852 3019 4889 :
3053 4834 3295 4889 Sacrata:
3341 4834 3591 4902 feminae,
3644 4835 3733 4888 vel
3777 4850 3896 4889 mo-

2190 4926 2409 4991 nachae,
2443 4940 2599 4979 secra
2626 4940 2779 4990 vasa,
2811 4924 2898 4977 vel
2946 4939 3132 4977 sacras
3153 4924 3333 4994 pallas
3381 4922 3714 4976 nullatenus
3749 4939 3900 4993 pra:-

2192 5018 2422 5069 sumant
2469 5013 2826 5083 contingere,
2857 5012 2944 5066 vel
3006 5011 3306 5066 incensum
3360 5012 3509 5065 circa
3559 5010 3767 5065 altaria
3802 5013 3901 5065 de-

2189 5104 2360 5158 ferre.

2264 5190 2530 5261 Exempla
2566 5188 2873 5245 Clementis
2903 5205 3067 5260 papae
3095 5209 3107 5244 :
3135 5189 3344 5244 Altaris
3389 5189 3565 5260 palla,
3606 5188 3899 5251 cathedra,

2189 5278 2619 5341 candelabrum,
2666 5282 2723 5331 et
2772 5277 2954 5332 udum
3020 5276 3141 5345 (sic)
3199 5281 3480 5331 vetustata
3554 5282 3904 5346 consumpta

2189 5367 2621 5432 comburantur,
2673 5369 2731 5419 et
2785 5364 2930 5419 cinis
2983 5363 3043 5419 in
3092 5364 3305 5420 mundo
3355 5365 3479 5419 loco
3519 5363 3681 5434 juxta
3717 5365 3901 5418 eccle-

2188 5454 2331 5508 siam
2362 5453 2725 5508 recondatur.

2262 5544 2336 5595 Ex
2374 5541 2623 5596 Decretis
2659 5540 2870 5595 Gelasii
2900 5556 3108 5610 papae:
3146 5540 3312 5595 Gesta
3360 5543 3691 5595 sanctorum
3742 5556 3897 5595 mar-
