4010 6194
142 279 283 329 1073

1069 270 1379 327 STATUTA
1416 267 1741 326 CANONUM
1786 267 1878 322 DE
1918 266 2200 323 OFFICIO
2240 266 2738 325 SACERDOTUM.

3556 278 3693 330 107i

130 403 335 469 tyrum
392 400 586 451 sancta
642 394 892 449 Ecclesia
944 394 1166 465 recipit,
1218 411 1347 465 quae
1394 398 1589 447 tamen
1651 390 1711 444 in
1759 391 1854 444 Ec-
1893 394 1934 446 Α
1971 406 2151 462 gnam
2205 391 2287 445 ita
2338 392 2693 463 infringente
2726 409 2738 446 :
2773 394 2837 447 In
2894 395 3127 449 nomine
3176 398 3386 463 Patria,
3434 405 3489 454 et
3528 400 3686 467 Filia,

132 487 316 543 clesia
347 488 604 542 Romana
652 500 772 538 non
809 485 1106 553 leguntur,
1161 484 1296 554 quia
1340 487 1596 536 auctores
1646 495 1848 534 eorum

136 577 520 648 ignorantur.

213 667 293 719 Ex
323 662 561 719 concilio
607 660 1077 732 Rothomagensi,
1132 676 1257 730 cap.
1294 663 1325 713 2
1360 675 1371 713 :
1402 660 1471 713 Ut
1513 661 1640 728 post
1677 672 1845 709 evan-

131 754 381 825 gelium,
415 752 579 805 ﬁnito
610 750 922 817 ofiertorio,
967 766 1141 820 super
1173 749 1515 803 oblationem
1542 746 1843 801 incensum

130 846 401 914 ponatur
427 839 808 894 decrevimus.

216 931 332 999 (Em
376 929 600 983 concilio
650 924 889 993 Urbica.)
932 924 1206 994 Exempla
1259 923 1461 978 Leonis
1500 938 1684 993 papae,
1716 936 1839 990 cap.

136 1021 173 1069 2
209 1034 222 1071 :
260 1016 496 1080 Quoties
543 1013 839 1068 ecclesiam
872 1013 944 1066 ad
985 1028 1159 1083 quam
1207 1011 1543 1066 convenitur
1590 1024 1842 1078 praesen-

132 1105 222 1159 tia
271 1120 433 1158 novas
491 1102 673 1174 plebis
719 1101 1064 1173 impleverit,
1108 1099 1281 1154 toties
1334 1099 1596 1154 sacrificii
1630 1097 1842 1153 oblatio

132 1193 539 1247 indubitanter
588 1192 848 1253 iteretur,
885 1206 955 1243 ne
985 1188 1163 1260 aliqui
1197 1189 1601 1243 convenientes
1632 1188 1713 1242 ibi
1743 1204 1845 1241 sua

134 1282 449 1336 devotione
515 1280 835 1350 priventur.
878 1280 990 1332 Nec
1036 1277 1097 1331 in
1162 1278 1330 1332 altari
1390 1294 1503 1349 quo
1542 1277 1842 1347 episcopus

136 1370 377 1423 missam
411 1368 659 1423 cantavit
700 1367 996 1439 presbyter
1041 1382 1108 1421 eo
1141 1366 1231 1420 die
1280 1367 1513 1421 missam
1553 1367 1843 1421 celebrare

132 1462 473 1527 praesumat.

208 1546 284 1598 Ex
332 1543 582 1598 Decretis
629 1542 912 1597 Zachariae
960 1559 1123 1614 papa:
1166 1543 1275 1597 XIX
1325 1560 1337 1597 :
1376 1541 1703 1613 Episcopus,
1753 1543 1841 1597 vel

126 1633 454 1704 presbyter,
509 1636 812 1703 postquam
845 1631 916 1685 ad
962 1631 1196 1685 missam
1245 1631 1555 1699 introierit,
1603 1635 1658 1686 et
1708 1647 1837 1685 ora-

125 1723 355 1776 tionem
389 1720 619 1785 dixerit,
653 1719 765 1774 nisi
796 1719 989 1790 aliqua
1030 1719 1219 1790 passio
1263 1718 1628 1788 interveniat,
1678 1723 1836 1773 ante-

125 1828 307 1883 quam
342 1811 639 1881 inceptum
672 1809 1059 1864 ministerium
1091 1809 1350 1881 impleat,
1385 1809 1456 1863 ab
1488 1809 1691 1863 altario
1739 1808 1839 1862 Dei

123 1900 466 1956 nullatenus
495 1899 784 1953 discedere
813 1898 1040 1953 audeat.

202 1992 317 2055 (Ea:
359 1988 580 2042 concilio
613 1988 926 2051 Turonensi,
960 1988 1139 2055 capite
1186 1984 1298 2050 37.)
1340 1983 1649 2039 Sciendum
1682 1985 1837 2055 quod

124 2076 381 2146 exceptis
452 2074 757 2129 Dominicis
821 2074 1041 2139 diebus,
1084 2077 1140 2127 et
1195 2073 1309 2126 illis
1374 2072 1838 2127 solemnitatibus

126 2166 345 2237 quibus
391 2167 588 2218 sancta
623 2162 866 2216 Ecclesia
905 2163 978 2216 ob
1022 2160 1482 2215 recordationem
1526 2161 1838 2215 Dominicae

127 2252 569 2308 resurrectionis
620 2252 763 2305 solet
826 2252 1027 2306 stando
1075 2266 1257 2315 orare,
1320 2249 1447 2303 ﬁxis
1501 2250 1565 2303 in
1622 2256 1838 2305 terram

126 2342 383 2412 genibus
431 2340 768 2411 suppliciter
823 2340 1097 2394 debemus
1143 2354 1327 2407 orare,
1394 2338 1464 2392 ad
1507 2340 1838 2411 exemplum

123 2434 284 2498 Jesu,
321 2434 377 2484 et
404 2429 458 2484 S.
487 2428 779 2499 Stephani,
813 2434 869 2482 et
898 2429 952 2483 S.
991 2428 1153 2482 Pauli
1176 2427 1439 2497 apostoli.

205 2521 286 2573 De
324 2521 677 2572 sacramento
709 2515 978 2587 baptismi
1011 2532 1076 2569 ex
1128 2532 1181 2569 1v
1212 2515 1314 2568 lib.
1349 2514 1630 2584 ejusdem,
1675 2516 1838 2587 juxta

131 2609 434 2662 decretum
467 2605 667 2660 Leonis
694 2620 879 2675 papae,
914 2603 1158 2658 Victoris
1186 2619 1372 2673 papae,
1409 2602 1617 2657 Gelasii
1649 2620 1834 2675 papae,

127 2694 338 2766 Syricii
386 2710 552 2765 papas
585 2709 598 2747 :
636 2694 801 2747 Nullo
840 2698 1100 2762 tempore
1146 2691 1553 2761 baptizandum
1589 2697 1691 2759 est,
1729 2692 1838 2746 nisi

122 2786 189 2839 in
241 2788 437 2837 sancto
498 2782 732 2836 sabbato
781 2783 1010 2836 Paschaa
1051 2786 1107 2835 et
1161 2782 1514 2847 Pentecoste,
1576 2781 1687 2835 nisi
1730 2797 1836 2851 pro

122 2873 392 2945 periculo
427 2872 623 2926 mortis
646 2871 1014 2942 anticipetur.

1964 486 2025 533 et
2055 477 2309 548 Spiritus
2336 481 2539 535 sancti.

2042 567 2122 619 Ex
2154 568 2411 623 Decretis
2456 569 2683 624 Martini
2722 587 2886 639 papae
2918 577 2973 625 et
3020 574 3259 645 Eugenii
3303 591 3509 646 papae:
3547 578 3681 632 Ubi-

1962 670 2204 724 cunque
2235 658 2472 712 cuilibet
2514 659 2871 728 presbytero.
2905 661 3019 715 sive
3054 661 3112 715 in
3142 680 3262 728 sua,
3300 665 3415 717 sive
3446 665 3506 717 in
3538 665 3680 719 alte-

1961 743 2098 798 rius
2156 747 2431 814 parochia
2470 746 2736 800 inﬁrmus
2793 748 3065 802 efferatur
3112 752 3181 804 ad
3243 751 3675 821 baptizandum,

1962 830 2232 900 baptizet
2261 850 2429 901 eum;
2463 835 2613 905 quod
2641 835 2687 887 si
2718 851 2831 889 non
2869 838 3086 906 fecerit,
3119 840 3459 908 deponatur.

2050 920 2130 972 Ex
2183 923 2429 977 Decretis
2496 922 2809 977 Hormisdae
2875 941 3060 993 papae,
3114 943 3238 995 cap.
3292 930 3321 979 3
3368 943 3381 980 :
3422 927 3481 981 Si
3546 929 3676 999 quis

1960 1008 2246 1077 baptizat,
2299 1016 2396 1065 aut
2451 1011 2672 1080 aliquot
2726 1012 2984 1066 divinum
3043 1014 3292 1067 ofﬁcium
3359 1018 3674 1071 exercuerit

1960 1111 2076 1167 per
2100 1099 2482 1153 temeritatem
2535 1098 2675 1171 [non
2725 1101 3021 1155 ordinatur
3053 1102 3382 1169 (redundare
3429 1105 3665 1160 videtur.

1961 1186 2103 1239 CAN.
2139 1186 2246 1257 leg.
2302 1205 2417 1241 non
2453 1188 2795 1258 ordinatus.)
2822 1189 2844 1261 ]
2877 1190 3181 1259 abjiciatur
3216 1191 3286 1244 ab
3319 1192 3582 1259 Ecclesia,
3615 1201 3670 1247 et

1958 1291 2265 1346 nunquam
2297 1276 2616 1331 ordinetur.

2034 1365 2108 1417 Ex
2140 1365 2390 1419 Decretis
2421 1364 2629 1419 Gelasii
2656 1381 2841 1435 papae,
2877 1382 3001 1435 cap.
3036 1372 3066 1420 7
3102 1384 3114 1420 :
3149 1367 3424 1420 Diacones
3452 1368 3665 1440 absque

1956 1450 2228 1522 episcopo
2278 1457 2335 1507 et
2376 1452 2709 1522 presbytero
2757 1453 3047 1522 baptizare
3081 1470 3196 1507 non
3249 1454 3515 1521 audeant,
3551 1457 3664 1511 nisi

1953 1539 2250 1609 praedictis
2282 1540 2486 1594 ofﬁciis
2515 1540 2757 1593 fortasse
2778 1541 2946 1610 longe
2977 1541 3321 1607 constitutis,
3353 1545 3661 1599 necessitas

1954 1631 2211 1682 extrema
2254 1627 2581 1698 compellat.
2634 1627 2794 1691 Quod
2825 1633 2880 1681 et
2908 1627 3067 1681 laicis
3106 1629 3443 1683 Christianis
3476 1632 3659 1687 facere

1951 1718 2300 1787 plerumque
2328 1716 2676 1771 conceditur.

2020 1806 2097 1859 Ex
2153 1805 2395 1859 concilio
2448 1804 2889 1870 Tarraconensi,
2949 1820 3071 1875 cap.
3108 1806 3138 1857 6
3182 1820 3195 1858 :
3242 1804 3403 1876 Saepe
3462 1812 3660 1862 contra

1948 1892 2264 1947 secundum
2310 1891 2684 1947 conﬁrmatos
2728 1892 3023 1946 decretum
3073 1896 3159 1945 est
3186 1907 3198 1945 :
3230 1892 3513 1947 Saeculum
3565 1912 3659 1949 re-

1948 1980 2234 2051 linquere,
2265 1985 2322 2035 et
2346 1981 2453 2035 soli
2501 1982 2619 2034 Deo
2669 1981 2859 2035 vivere
2904 1981 2994 2034 vel
3025 1980 3258 2044 servire,
3298 1982 3444 2037 sicut
3481 1988 3539 2037 et
3567 1984 3657 2038 bis

1946 2068 2286 2138 baptizatos.

2020 2157 2100 2210 Ex
2145 2155 2396 2210 Decretis
2443 2155 2841 2209 Aurelianens.
2893 2171 3012 2227 cap.
3046 2160 3121 2210 5:
3156 2156 3224 2209 Ut
3271 2173 3472 2212 omnes
3521 2175 3652 2230 per-

1947 2244 2111 2298 fectae
2166 2244 2349 2298 aetatis
2384 2243 2575 2313 jejuni
2627 2244 2696 2297 ad
2745 2243 3241 2299 confirmationem
3296 2247 3546 2315 veniant,
3599 2252 3656 2301 et

1951 2338 2297 2387 moneantur
2340 2332 2737 2386 confesaiones
2766 2333 2951 2387 facere
2999 2332 3179 2402 prius,
3213 2337 3276 2387 ut
3307 2336 3509 2390 mundi
3550 2336 3652 2391 do-

1948 2438 2089 2476 num
2121 2420 2302 2475 sancti
2346 2420 2594 2491 Spiritus
2626 2421 2850 2474 valeant
2899 2422 3168 2492 accipere.
3206 2423 3288 2489 Et,
3327 2424 3463 2494 quia
3493 2440 3651 2477 nun-

1949 2526 2124 2581 quam
2153 2510 2262 2564 erit
2304 2508 2684 2574 Christianus,
2717 2509 2828 2562 nisi
2858 2509 3162 2581 episcopali
3211 2511 3653 2568 conﬁrmatione

1949 2599 2312 2653 chrismatus.

2021 2685 2363 2741 Melchiades
2417 2701 2567 2756 papa
2608 2685 2878 2757 Hispanis
2927 2686 3228 2758 episcopis,
3281 2705 3404 2758 cap.
3440 2693 3514 2744 6:
3547 2692 3652 2744 Ba-

1949 2776 2193 2845 ptismus
2225 2780 2282 2828 et
2314 2774 2609 2844 impositio
2647 2791 2872 2843 manus,
2897 2781 3211 2847 utrumque
3257 2793 3557 2849 magnum,
3592 2778 3650 2835 id

1948 2868 2053 2930 est,
2097 2867 2520 2916 sacramentum
2547 2879 2560 2929 ;
2609 2863 2709 2917 sed
2740 2880 2942 2917 manus
2972 2864 3265 2935 impositio
3314 2868 3523 2937 majori
3551 2884 3647 2922 ve-

203 2963 283 3016 Ex
336 2960 575 3015 decretis
632 2959 900 3013 Celestini
946 2975 1129 3030 papae,
1188 2973 1313 3028 cap.
1368 2961 1431 3012 12
1460 2974 1472 3011 :
1508 2958 1648 3013 Cum
1700 2975 1831 3030 par-
1870 2952 1910 3007 C
1946 2952 2243 3006 neratione
2270 2956 2356 3005 est
2387 2950 2584 3020 digna,
2616 2952 2830 3023 quippe
2864 2970 2895 3006 a
2937 2953 3071 3007 solis
3102 2954 3471 3025 pontiﬁcibus
3503 2958 3647 3011 acci-

126 3050 251 3104 vuli
300 3049 417 3103 sive
464 3049 705 3119 juvenes
752 3048 824 3101 ad
871 3045 1323 3118 regenerationis
1369 3046 1608 3102 veniunt
1645 3064 1830 3102 sacra-

129 3143 417 3206 mentum,
453 3155 573 3192 non
602 3137 764 3208 prius
792 3136 1011 3190 fontem
1044 3136 1172 3190 vita:
1203 3135 1432 3203 adeant,
1464 3152 1640 3206 quam
1673 3152 1833 3191 exor-

126 3227 324 3282 cismis
354 3231 412 3281 et
457 3224 953 3281 exsufﬂationibus
999 3224 1339 3279 clericorum
1370 3224 1604 3294 spiritus
1652 3225 1721 3279 ab
1748 3226 1830 3279 eis

125 3316 469 3371 immundus
502 3316 787 3385 abigatur.

207 3406 283 3458 Ex
341 3404 582 3458 concilio
634 3401 925 3468 Meldensi,
974 3418 1097 3471 cap.
1148 3406 1178 3455 7
1226 3417 1237 3455 :
1280 3399 1481 3454 Omnis
1538 3402 1832 3473 presbyter

126 3493 235 3565 qui
263 3493 487 3547 fontem
536 3491 829 3562 lapideum
857 3490 1066 3544 habere
1113 3488 1454 3560 nequiverit,
1494 3505 1590 3542 vas
1634 3506 1831 3543 conve-

124 3583 301 3636 niens
327 3582 400 3635 ad
430 3582 540 3634 hoc
568 3578 926 3633 solummodo
956 3576 1284 3649 baptizandi
1314 3576 1563 3630 ofﬁcium
1597 3577 1825 3645 habeat,

121 3671 288 3743 quod
320 3674 481 3723 extra
507 3667 801 3721 ecclesiam
835 3682 954 3720 non
977 3667 1328 3737 deportetur.

198 3762 312 3827 (Ea:
344 3759 555 3811 Decret.
604 3757 813 3826 Hygini
856 3770 1035 3824 papae,
1079 3758 1256 3824 capite
1303 3756 1413 3819 10.)
1444 3752 1718 3808 Similiter
1758 3754 1829 3808 ad

121 3846 430 3917 corporale
479 3844 788 3899 lavandum
818 3850 874 3898 et
904 3843 974 3898 ad
1020 3843 1201 3913 pallas
1231 3842 1426 3897 altaris
1456 3842 1696 3912 propria
1726 3842 1827 3896 ha-

102 3925 375 3991 beantur
404 3950 551 4001 vasa,
585 3934 645 3987 in
675 3933 882 4005 quibus
912 3932 1057 3986 nihil
1091 3931 1249 3986 aliud
1279 3931 1397 3986 ﬁat.

201 4024 266 4077 In
318 4023 725 4077 catechumeno
782 4028 840 4076 et
889 4022 949 4075 in
992 4021 1279 4092 baptismo
1327 4025 1385 4075 et
1430 4019 1489 4073 in
1520 4020 1827 4074 conﬁrma-

120 4113 290 4166 tione
323 4121 468 4165 unus
496 4111 758 4181 patrinus
806 4115 995 4182 potest
1023 4109 1168 4177 ﬁeri,
1203 4109 1249 4162 si
1298 4108 1604 4163 necessitas
1635 4111 1823 4177 cogat.

119 4198 253 4252 Non
305 4200 389 4249 est
435 4200 628 4249 tamen
684 4193 1039 4250 consuetudo
1092 4194 1402 4248 Romana:
1448 4209 1551 4263 per
1599 4192 1827 4261 singula
1868 4235 1910 4288 Β

120 4283 347 4354 singuli
377 4284 675 4355 recipiunt.

205 4374 282 4427 Ex
344 4373 592 4427 Decretis
636 4370 838 4427 Leonis
882 4385 1046 4440 papa:
1079 4386 1092 4423 :
1131 4370 1198 4423 Ut
1227 4384 1344 4422 non
1384 4369 1577 4439 plures
1610 4369 1681 4423 ad
1712 4383 1831 4421 sus-

119 4460 464 4532 cipiendum
513 4462 582 4515 de
644 4460 931 4530 baptismo
997 4457 1276 4511 infantem
1317 4457 1589 4511 accedant
1654 4472 1828 4527 quam

119 4566 303 4618 unus,
369 4549 485 4602 sive
534 4548 643 4615 vir,
702 4548 819 4601 sive
877 4545 1113 4600 femina.
1182 4545 1246 4598 In
1295 4544 1829 4599 conﬁrmationibus

116 4654 363 4712 quoque
394 4638 452 4691 id
482 4638 673 4707 ipsum
704 4637 822 4690 ﬁat.

196 4729 277 4782 Ex
326 4725 568 4780 concilio
616 4726 894 4795 Mogunt.,
946 4739 1068 4794 cap.
1096 4725 1130 4776 2
1164 4735 1177 4777 :
1211 4722 1277 4776 In
1323 4722 1608 4794 baptismo
1634 4723 1722 4777 vel
1767 4721 1827 4775 in

118 4816 436 4873 chrismate
486 4828 598 4867 non
628 4816 818 4884 potest
849 4811 1132 4883 suscipere
1162 4810 1307 4865 alius
1338 4812 1511 4866 alium
1554 4811 1613 4865 in
1642 4811 1828 4866 ﬁlium

122 4908 253 4977 ipse
286 4904 387 4975 qui
413 4919 531 4958 non
562 4906 648 4957 est
673 4901 992 4972 baptizatus
1020 4900 1105 4954 vel
1137 4899 1529 4955 conﬁrmatus.

201 4994 281 5047 Ex
327 4991 565 5047 concilio
600 4988 924 5056 Parisiensi,
982 5005 1105 5059 cap.
1156 4990 1228 5041 2:
1264 4990 1333 5042 Ut
1378 5004 1549 5043 nemo
1605 5005 1636 5042 a
1667 5003 1827 5042 sacro

123 5085 288 5138 fonte
320 5082 569 5154 aliquem
613 5077 907 5149 suscipiat,
957 5077 1068 5131 nisi
1099 5076 1419 5131 orationem
1472 5076 1826 5131 Dominicam

126 5176 191 5226 et
246 5170 577 5240 Symbolum
608 5169 771 5240 juxta
825 5166 1088 5237 linguam
1141 5181 1324 5233 suam,
1377 5169 1435 5219 et
1472 5166 1825 5219 intellectum

125 5263 345 5325 teneat,
379 5263 435 5312 et
463 5274 653 5314 coram
685 5256 1020 5328 presbytero
1046 5255 1328 5310 decantet.

206 5348 472 5416 Exempla
537 5346 814 5401 Zacharim
873 5360 1040 5414 papas
1099 5343 1171 5397 ad
1230 5341 1584 5396 Bonifacium
1644 5341 1825 5395 archi-

128 5436 468 5505 episcopum
500 5452 512 5488 :
545 5436 702 5499 Quod
732 5450 848 5487 non
878 5434 1154 5487 deberent
1182 5429 1520 5499 rebaptizari
1555 5430 1827 5499 baptizati

131 5542 169 5579 a
212 5523 545 5595 presbytero
592 5522 1028 5593 grammaticam
1060 5520 1386 5591 ignorante,
1421 5517 1677 5572 Latinam
1724 5518 1829 5572 lin-

1945 3038 2176 3110 pienda.
2222 3038 2366 3094 Sunt
2413 3043 2610 3093 tamen
2657 3040 2779 3094 haec
2808 3040 2920 3094 duo
2967 3042 3108 3096 adeo
3158 3043 3460 3113 conjuncta
3490 3050 3548 3099 ut
3572 3046 3644 3100 ab

1944 3127 2215 3196 invicem,
2256 3126 2371 3181 nisi
2401 3133 2583 3181 morte
2613 3129 3020 3198 praeveniente,
3068 3130 3398 3185 nullatenus
3427 3133 3647 3203 possint

1943 3216 2255 3287 segregari,
2324 3220 2381 3270 et
2436 3232 2621 3271 unum
2681 3217 2802 3271 sine
2869 3218 3047 3272 altero
3115 3218 3225 3273 rite
3290 3220 3489 3290 perﬁci
3529 3239 3644 3277 non

1946 3310 2154 3377 potest.

2015 3395 2091 3447 Ex
2121 3392 2362 3447 concilio
2394 3392 2785 3463 Lugdunensi,
2822 3410 2952 3464 cap.
2993 3398 3023 3449 3
3056 3414 3071 3449 :
3108 3397 3177 3451 Ut
3206 3399 3397 3452 nullus
3428 3399 3497 3453 de
3529 3399 3640 3454 alio

1941 3482 2269 3547 chrismate,
2320 3480 2433 3533 nisi
2463 3482 2531 3536 de
2581 3498 2751 3549 novo,
2788 3483 2942 3553 quod
2989 3485 3210 3555 proprii
3241 3487 3495 3556 episcopi
3526 3488 3640 3541 lar-

1940 3569 2159 3639 gitione
2190 3568 2278 3621 vel
2326 3570 2693 3623 concessione
2722 3572 2958 3642 accepit,
2990 3572 3281 3643 baptizare
3313 3575 3423 3628 nisi
3455 3580 3639 3629 morte

1939 3658 2375 3726 praeoccupante
2408 3662 2736 3725 praesumat.

2012 3746 2083 3798 Ex
2131 3743 2377 3799 concilio
2433 3746 2711 3809 Romano,
2759 3762 2881 3818 cap.
2941 3749 3057 3801 20:
3094 3750 3171 3803 De
3227 3750 3505 3804 scrutinio
3554 3750 3635 3804 fa-

1938 3833 2140 3887 ciendo
2171 3832 2531 3889 decernimus
2561 3837 2623 3887 ut
2657 3833 2799 3905 [ubi]
2835 3835 3155 3905 episcopus,
3187 3844 3243 3891 et
3268 3839 3363 3893 ubi
3391 3855 3636 3893 conven-

1938 3928 2029 3975 tus
2073 3927 2158 3977 est
2199 3922 2422 3993 populi,
2458 3927 2514 3977 et
2542 3923 2697 3991 cleri,
2742 3928 2799 3977 et
2843 3923 3192 3993 possibilitas
3225 3928 3522 3997 permittit,
3555 3928 3636 3983 ibi

1938 4012 2275 4065 celebretur.

2011 4101 2087 4154 Ex
2136 4098 2380 4154 concilio
2417 4098 2766 4166 Triburensi,
2820 4114 2944 4170 cap.
2979 4102 3048 4154 22
3078 4116 3091 4154 :
3122 4102 3421 4156 Decretum
3462 4108 3546 4158 est
3576 4111 3637 4160 ut

1939 4187 2206 4259 deinceps
2262 4202 2365 4242 nec
2407 4204 2513 4258 pro
2572 4187 2956 4257 ordinatione,
3008 4205 3111 4243 nec
3168 4207 3271 4259 pro
3304 4189 3626 4260 chrismate,

1939 4277 2026 4330 vel
2057 4277 2365 4348 baptismo,
2394 4277 2481 4331 vel
2510 4276 2790 4343 balsamo,
2814 4278 2901 4331 vel
2930 4278 3246 4347 sepultura,
3270 4278 3358 4332 vel
3380 4294 3635 4335 commu-

1937 4365 2112 4421 nione
2143 4365 2463 4437 quidquam
2495 4366 2779 4436 exigatur.

1939 4453 2019 4508 EX
2071 4454 2280 4509 LIBRO
2320 4454 2364 4505 V
2422 4454 2826 4509 BURCHARDI
2882 4455 3172 4510 DECRET.
3234 4455 3321 4510 DE
3374 4456 3631 4513 EUCHA-

2661 4543 2907 4597 RISTIA.

2008 4633 2085 4686 Ex
2119 4632 2335 4686 Decret.
2367 4631 2504 4685 Julii
2531 4647 2697 4701 papae
2743 4631 2815 4684 ad
2861 4630 3158 4701 episcopos
3187 4632 3411 4703 ZEgypti
3438 4649 3451 4686 :
3483 4634 3631 4690 Illud

1935 4735 2090 4788 vero,
2114 4720 2263 4791 quod
2287 4719 2518 4790 quidam
2539 4735 2642 4789 pro
2664 4719 3084 4788 complemento
3106 4718 3527 4773 communionis
3549 4720 3633 4773 in-

1935 4809 2171 4862 tinctam
2219 4808 2455 4863 tradunt
2481 4807 2887 4860 eucharistiam
2920 4806 3182 4877 populis;
3225 4823 3330 4861 nec
3359 4808 3465 4861 hoc
3496 4825 3629 4878 pro-

1937 4898 2118 4951 latum
2174 4913 2242 4951 ex
2287 4894 2590 4966 Evangelio
2638 4894 3031 4949 testimonium
3084 4901 3424 4965 receperunt
3465 4913 3477 4950 :
3524 4897 3629 4952 Ubi

1936 4985 2209 5055 apostolis
2258 4999 2462 5054 corpus
2496 4999 2685 5044 suum,
2723 4988 2777 5037 et
2803 4982 3143 5053 sanguinem
3174 4984 3453 5037 Dominus
3480 5001 3630 5038 com-

1936 5072 2243 5127 mendavit.
2305 5070 2549 5126 Seorsim
2593 5071 2748 5125 enim
2800 5071 2983 5143 panis,
3031 5075 3084 5124 et
3129 5087 3386 5125 seorsum
3442 5073 3630 5127 calicis

1935 5160 2359 5215 commendatio
2421 5164 2791 5214 memoratur.
2858 5161 2999 5213 Nam
3054 5158 3359 5212 intinctum
3419 5178 3627 5230 panem

1935 5250 2061 5304 aliis
2110 5249 2399 5303 Christum
2447 5264 2565 5301 non
2594 5248 2840 5320 legimus
2870 5247 3199 5318 praebuisse,
3254 5246 3362 5299 nisi
3394 5247 3477 5300 illi
3504 5253 3627 5303 tan-

1935 5343 2060 5392 tum
2110 5336 2413 5408 discipulo,
2462 5352 2632 5407 quem
2664 5336 2903 5389 intincta
2930 5335 3184 5389 buccella
3214 5333 3462 5403 Magistri
3494 5352 3626 5405 pro-

1935 5430 2179 5483 ditorem
2209 5426 2553 5493 ostenderet,
2584 5442 2699 5480 non
2739 5442 2868 5497 qua
2898 5426 3069 5496 hujus
3101 5424 3441 5479 sacramenti
3469 5424 3631 5479 insti-

1935 5518 2217 5572 tutionem
2244 5515 2590 5586 designaret.
