4010 6194
145 188 171 240 1
184 185 298 237 077

1102 186 1406 241 STATUTA
1448 183 1780 245 CANONUM
1823 191 1913 247 DE
1953 191 2232 250 OFFILIO
2269 193 2755 251 SACERDOTUM.

3543 208 3678 259 1078

140 308 242 362 vel
292 306 655 361 recondatur.
717 305 776 361 Si
833 311 1025 362 autem
1080 307 1225 363 calix
1279 307 1420 362 alibi
1473 308 1860 379 distillaverit,
1900 315 1945 369 Α
1974 315 2019 368 si
2070 315 2278 370 idonea
2333 318 2660 372 testimonia
2708 318 2976 373 habuerit
3014 322 3168 391 quod
3214 322 3335 394 ipse
3387 326 3674 394 paeniten-

136 396 277 467 ipse
335 396 494 449 locus
550 394 829 465 lingatur,
855 400 913 450 et
961 412 1222 451 corrasus
1278 397 1415 468 igne
1471 404 1862 462 consumetur,

135 482 303 537 cinis
323 488 518 538 autem
535 482 703 554 juxta
734 483 912 540 altare
940 486 1306 541 recondatur.

507 630 606 701 ιΕΧ
645 630 856 685 LIBRO
900 632 1021 685 VlII
1064 633 1494 688 BURCHARDI.

221 757 336 827 (Em
386 756 614 810 concilio
664 760 779 826 Ap.
827 759 1130 815 secundum
1169 759 1537 830 Medardum.)
1574 761 1773 816 Laicus
1800 761 1861 816 in

138 844 383 899 ecclesia
426 861 545 898 non
582 844 754 899 debet
800 846 1044 900 recitare
1094 847 1422 906 lectionem.
1478 863 1583 902 nec
1631 848 1863 902 alleluia

137 932 351 1000 dicere,
416 931 528 986 nisi
572 933 826 1003 psalmos
883 938 1132 997 tantum,
1193 939 1250 988 et
1297 936 1683 1005 responsoria,
1734 937 1859 990 sine

140 1021 400 1076 alleluia.

212 1112 293 1165 Ex
324 1111 420 1165 lib.
451 1127 531 1165 xu
567 1111 824 1181 ejusdem
868 1112 939 1165 de
964 1112 1333 1182 juramento:
1377 1114 1634 1167 Decrevit
1663 1117 1860 1167 sancta

141 1200 393 1270 synodus
415 1204 480 1254 ut
509 1217 541 1253 a
572 1200 1013 1271 Septuagesima
1041 1217 1224 1272 usque
1256 1202 1316 1256 in
1345 1206 1569 1256 octavas
1601 1204 1854 1269 Pascbae,

142 1291 199 1341 et
249 1288 319 1343 ab
348 1288 615 1343 Adventu
652 1288 879 1342 Domini
913 1305 1091 1359 usque
1131 1295 1261 1359 post
1305 1297 1664 1345 consecratos
1708 1292 1854 1357 dies,

141 1392 251 1430 nec
282 1393 397 1430 non
444 1376 687 1447 jejuniis
730 1376 994 1440 Quatuor
1020 1378 1392 1448 Temporum,
1443 1384 1500 1432 et
1544 1379 1605 1433 in
1631 1379 1856 1434 Litania

142 1466 389 1536 majore,
426 1470 483 1520 et
513 1467 574 1519 in
614 1464 813 1519 diebus
844 1465 1158 1519 Dominicis
1191 1472 1247 1520 et
1294 1468 1704 1537 Rogationum,
1741 1468 1855 1523 nisi

1976 404 2111 458 tiam
2148 404 2396 475 petierit.

2047 494 2123 547 Ex
2153 494 2251 547 lib.
2286 510 2381 549 xIx
2435 495 2739 563 ejusdem:
2795 496 3008 566 Viginti
3063 498 3186 553 dies
3230 507 3361 555 ante
3416 502 3673 556 Natalem

1975 582 2226 650 Domini,
2259 586 2314 636 et
2343 599 2543 637 omnes
2564 583 2685 637 dies
2713 585 3057 653 Dominicos,
3089 592 3143 641 et
3188 588 3248 641 in
3277 588 3545 643 omnibus
3592 590 3673 643 le-

1973 670 2460 741 gitimisjejuniis,
2482 676 2609 725 etet
2638 672 2699 725 in
2720 673 2994 727 natalitiis
3021 678 3434 744 apostolorum,
3459 682 3513 730 et
3532 694 3677 746 prte-

1972 758 2157 830 cipuis
2189 760 2366 827 festis,
2396 766 2451 814 et
2481 760 2747 832 publicis,
2790 762 3108 816 castitatem
3133 765 3435 819 observare
3462 766 3676 820 debent

1971 847 2282 917 conjugati.
2317 848 2478 913 Quod
2516 848 2563 901 si
2605 864 2714 901 non
2760 850 3019 917 fecerint,
3068 852 3138 904 20
3190 852 3310 906 dies
3342 853 3402 906 in
3435 870 3582 924 pane
3618 860 3675 908 et

1972 952 2119 1007 aqua
2146 936 2431 1007 jejunent.

2042 1024 2451 1092 (Augustinus)
2481 1023 2724 1088 Quidam
2756 1030 2886 1095 post
2914 1027 3220 1097 prandium
3253 1033 3310 1081 et
3339 1030 3597 1096 saturati,
3642 1047 3676 1084 a

1969 1114 2262 1168 sacerdote
2308 1113 2524 1184 populo
2576 1112 2855 1169 offerente
2921 1116 3152 1185 signum
3209 1117 3364 1187 pacis
3412 1119 3673 1188 accipere
3746 1176 3759 1189 ,

1967 1208 2327 1272 praesumunt
2359 1219 2371 1255 :
2424 1202 2531 1255 hoc
2564 1202 2662 1273 qui
2712 1206 3161 1275 praesumpserit,
3196 1209 3225 1260 3
3267 1205 3388 1274 dies
3434 1206 3494 1260 in
3524 1223 3674 1277 pane

1967 1294 2024 1344 et
2055 1306 2205 1360 aqua
2231 1290 2526 1361 paeniteat.

2038 1378 2322 1431 lncestum
2372 1377 2659 1431 occultum
2689 1380 2988 1434 conﬁtenti
3054 1381 3374 1435 remedium
3435 1384 3669 1437 canoni-

1964 1481 2095 1519 cum
2150 1466 2456 1536 indicetur,
2497 1468 2648 1538 quod
2672 1468 2863 1522 subire
2915 1469 3221 1535 debuisset,
3277 1469 3324 1522 si
3356 1471 3478 1541 ejus
3533 1472 3668 1525 faci-

141 1554 215 1608 de
268 1554 581 1609 concordia
636 1557 693 1608 et
739 1554 1156 1625 paciﬁcatione,
1220 1556 1412 1610 nullus
1463 1571 1636 1627 super
1692 1573 1850 1612 sacra
1891 1593 1932 1647 Β
1965 1570 2075 1607 nus
2106 1554 2402 1624 publicum
2452 1566 2617 1609 esset.
2672 1557 2881 1610 Verum
2943 1557 3080 1628 quia
3123 1559 3261 1612 latet
3299 1559 3672 1615 commissum

134 1643 341 1714 jurare
378 1647 712 1714 praesumat.
744 1644 951 1697 Anima
986 1659 1114 1714 quae
1145 1645 1485 1714 peccaverit,
1518 1650 1574 1698 et
1602 1646 1855 1702 audierit

140 1748 351 1786 vocem
402 1731 771 1802 perjurantis,
827 1736 926 1785 aut
976 1731 1100 1802 ipse
1153 1732 1379 1798 viderit,
1435 1739 1534 1787 aut
1591 1736 1853 1791 conscius

139 1821 347 1885 fuerit,
381 1820 492 1874 nisi
520 1820 911 1886 vindicaverit,
944 1820 1199 1890 portabit
1233 1820 1617 1892 iniquitatem.

216 1910 335 1979 (Ετ
397 1910 621 1963 concilio
695 1910 1020 1977 Aureliano,
1082 1914 1260 1979 capite
1320 1910 1426 1979 13.)
1486 1912 1562 1965 De
1627 1911 1851 1981 jejunio

141 2014 208 2052 ex
263 1998 375 2055 lib.
435 2014 528 2052 xxv
567 1998 870 2068 ejusdem:
923 1998 1248 2069 Presbyteri
1297 1998 1563 2069 plebibus
1618 2016 1852 2054 annun-

140 2087 315 2153 tient,
403 2091 468 2140 ut
548 2086 607 2139 in
683 2087 1133 2158 Quadragesima
1202 2092 1259 2141 et
1319 2087 1543 2158 jejunio
1594 2089 1855 2153 Quatuor

141 2177 519 2244 Temporurn,
590 2173 659 2227 ad
738 2174 969 2228 missam
1041 2179 1266 2229 tantum
1338 2192 1524 2244 genua
1598 2176 1848 2231 flectant.

146 2264 214 2317 In
254 2262 569 2316 Dominicis
613 2267 811 2316 contra
867 2262 1090 2325 diebus,
1154 2270 1213 2317 et
1260 2264 1387 2317 aliis
1443 2265 1605 2319 festis
1668 2282 1701 2319 a
1755 2282 1853 2320 ve-

148 2366 324 2419 spera
361 2350 421 2403 in
470 2364 764 2420 vesperam
815 2365 1006 2420 genua
1065 2365 1181 2404 non
1242 2348 1493 2419 ﬂectant,
1542 2353 1640 2407 sed
1696 2357 1850 2407 stan-

149 2444 237 2493 tes
267 2438 548 2493 incurvati
577 2442 760 2492 orent.
822 2440 933 2492 Nec
973 2438 1282 2510 quisquam
1311 2455 1427 2493 uno
1470 2456 1623 2511 genu
1682 2447 1851 2495 terra).

150 2528 435 2597 impresso
465 2543 627 2580 orare
660 2532 989 2597 praesumat,
1023 2532 1087 2581 ut
1114 2527 1295 2582 Judaei
1346 2528 1602 2583 fecerunt
1657 2530 1855 2584 Domi-

150 2632 295 2670 num
330 2616 651 2670 irridentes.

225 2708 336 2776 (Em
365 2706 587 2759 concilio
618 2705 955 2771 Laodicensi,
990 2708 1169 2774 capite
1202 2705 1316 2775 51.)
1345 2705 1505 2769 Quod
1536 2722 1653 2760 non
1680 2722 1847 2777 opor-

148 2798 274 2849 teat
306 2795 364 2848 in
390 2794 832 2865 Quadragesima
869 2799 1186 2865 martyrum
1217 2794 1478 2849 natalitia
1524 2796 1846 2850 celebrare:

146 2884 254 2937 sed
316 2899 514 2937 eorum
571 2888 766 2937 sancta
825 2882 1296 2937 commemoratio
1354 2883 1453 2937 ﬁat
1531 2884 1591 2938 in
1650 2884 1851 2938 diebus

147 2971 533 3027 Sabbatorum
578 2976 635 3025 et
666 2970 1119 3025 Dominicorum.
1155 2972 1265 3025 Nec
1308 2971 1593 3042 jejunium
1624 2973 1685 3026 in
1730 2974 1851 3037 Qua

150 3059 481 3130 dragesima
533 3066 663 3113 ante
726 3060 902 3112 tinem
973 3059 1285 3129 vespertini
1335 3059 1510 3115 ofﬁcii
1568 3061 1842 3116 solvatur.

150 3148 493 3217 Quicunque
542 3147 601 3201 in
658 3146 750 3201 die
784 3147 1079 3201 Dominico
1126 3149 1290 3219 quasi
1339 3164 1445 3219 pro
1499 3148 1851 3203 continentia

144 3236 523 3308 jejunaverit,
555 3239 859 3290 anathema
890 3236 982 3289 sit.

228 3325 339 3387 (Ea:
366 3323 565 3377 dem-et.
599 3323 791 3379 ϐαιίεεὶ
810 3338 990 3391 papa,
1031 3324 1208 3391 capite
1236 3320 1346 3393 15.)
1380 3322 1849 3377 Excommunica-

148 3416 245 3466 tos
301 3428 332 3464 a
379 3411 791 3477 sacerdotibus,
845 3411 1036 3465 nullus
1089 3411 1329 3479 recipiat
1368 3416 1497 3464 ante
1550 3413 1851 3481 utriusque

149 3499 336 3571 partis
367 3499 579 3568 justam
612 3499 1121 3553 examinationem.
1162 3500 1275 3552 Nec
1327 3512 1458 3552 cum
1489 3499 1568 3551 eis
1599 3501 1660 3551 in
1717 3515 1850 3553 ora-

149 3589 336 3653 tione,
389 3593 487 3641 aut
517 3587 665 3654 cibo,
698 3592 795 3642 aut
845 3592 1002 3658 potu,
1062 3588 1147 3641 vel
1203 3587 1395 3641 osculo
1445 3586 1848 3653 communicet,

153 3691 265 3730 nec
296 3691 397 3728 ave
420 3674 499 3728 eis
544 3675 722 3741 dicat;
760 3676 897 3747 quia
930 3675 1257 3746 quicunque
1288 3675 1350 3729 in
1378 3674 1467 3728 his
1496 3676 1583 3728 vel
1617 3675 1678 3728 in
1726 3676 1851 3729 aliis

155 3764 467 3835 prohibitis
523 3763 765 3818 scienter
821 3763 1325 3817 excommunicatis
1392 3762 1851 3817 communicave-

152 3852 253 3919 rit,
281 3853 444 3922 juxta
473 3854 872 3922 apostolorum
903 3852 1353 3917 institutionem,
1402 3856 1458 3906 et
1494 3852 1617 3921 ipse
1675 3851 1852 3906 simili

153 3941 735 3996 excommunicationi
756 3941 879 4012 subj
889 3946 1029 3995 acet.

232 4030 335 4095 (Ea:
381 4030 474 4084 lib.
534 4046 643 4084 xvn
699 4030 969 4100 ejusdem;
1023 4045 1092 4083 ea:
1149 4030 1395 4084 Romano
1441 4030 1850 4096 Posnitentiali.)

151 4118 210 4173 Si
235 4118 493 4172 sacerdos
515 4134 617 4188 per
652 4116 1074 4189 turpiloquium
1106 4134 1204 4172 seu
1226 4117 1552 4188 iconspectu
1583 4117 1843 4171 libidino-
1885 4149 1929 4202 Β

153 4223 219 4260 so
250 4207 673 4277 coinquinatur,
708 4220 828 4262 non
873 4210 1066 4260 tamen
1096 4206 1367 4261 fornicari
1415 4205 1631 4272 volens,
1662 4208 1692 4258 5
1725 4206 1846 4260 dies

152 4295 447 4366 paeniteat.
492 4296 598 4360 Qui
626 4293 1067 4366 impugnatione
1106 4294 1283 4348 animi
1336 4292 1632 4364 polluitur,
1667 4298 1697 4346 7
1729 4293 1850 4348 dies

155 4384 447 4455 paeniteat.
487 4384 595 4449 Qui
623 4384 682 4438 in
714 4382 930 4437 somnis
988 4383 1310 4436 voluntarie
1360 4380 1660 4451 polluitur,
1710 4398 1849 4435 con-

154 4477 374 4543 surgat,
444 4476 500 4526 et
529 4476 717 4526 cantet
766 4469 1009 4541 genibus
1059 4469 1222 4525 ﬂexis
1278 4475 1309 4524 7
1371 4469 1618 4540 psalmos
1673 4469 1851 4540 poeni-

152 4560 370 4616 tentias.

226 4649 436 4704 Volens
467 4650 660 4702 autem
688 4650 913 4702 tantum
945 4646 1003 4700 in
1035 4646 1250 4701 somnis
1280 4662 1537 4718 peccare,
1584 4647 1653 4701 2O
1700 4646 1849 4716 psal-

158 4754 282 4793 mos
308 4739 513 4790 cantet.
562 4736 618 4791 Si
665 4736 921 4806 pollutus
953 4740 1038 4789 est
1076 4736 1195 4790 sine
1244 4736 1555 4797 voluntate,
1598 4738 1662 4789 15
1691 4735 1850 4804 psal-

154 4843 284 4881 mos
333 4830 542 4893 cantet,
593 4830 652 4879 et
699 4824 759 4878 in
807 4824 922 4878 ﬁne
954 4825 1404 4896 uniuscujusque
1453 4823 1659 4894 psalmi
1701 4823 1849 4877 dicat

152 4922 244 4970 ter
276 4931 289 4968 :
321 4915 490 4981 Deus,
519 4914 579 4968 in
614 4913 962 4984 adjutorium
980 4929 1174 4967 meum
1202 4913 1459 4980 intende,
1487 4916 1589 4966 etc.
1623 4912 1727 4976 Qui
1763 4928 1849 4966 se-

157 5016 291 5055 men
320 4999 379 5052 in
411 4999 647 5052 ecclesia
677 4997 968 5053 dormiens
989 4997 1221 5063 fuderit,
1264 5000 1294 5052 3
1327 4996 1446 5051 dies
1469 4996 1721 5066 jujunet.

230 5084 334 5155 (Eat
387 5087 611 5141 concilio
671 5086 929 5152 Carthag.
986 5090 1037 5139 et
1082 5086 1325 5140 Decretis
1375 5085 1598 5140 Eusebii
1649 5086 1850 5155 papae.)

158 5175 238 5228 De
257 5173 568 5244 pmniteute
598 5178 728 5228 ante
767 5173 1076 5227 adventum
1107 5171 1427 5243 presbyteri
1464 5173 1853 5226 obmutescen-

157 5267 236 5327 te,
268 5278 331 5315 ex
363 5261 462 5315 lib.
496 5279 584 5317 xix
636 5261 941 5333 ejusdem:
998 5262 1056 5317 Si
1105 5262 1231 5332 quis
1286 5260 1683 5332 paenitentiam
1744 5276 1850 5329 pe-

159 5355 304 5414 tens,
354 5351 493 5405 dum
523 5352 783 5406 sacerdos
835 5351 1078 5415 venerit,
1111 5348 1299 5403 ofﬁcio
1350 5349 1559 5418 linguae.
1599 5347 1853 5418 privatus

162 5438 354 5505 fuerit,
392 5439 821 5506 reconcilietur;
867 5445 926 5494 et
963 5438 1306 5494 eucharistia
1349 5436 1458 5491 sibi
1494 5435 1850 5503 infundatur,

1967 1642 2347 1698 admoneatur
2375 1642 2517 1714 ipse,
2554 1648 2616 1698 ut
2660 1645 2901 1714 occulte,
2927 1650 3211 1716 quantum
3268 1648 3454 1717 possit
3484 1649 3668 1719 poeni-

1964 1733 2101 1784 teat.

2036 1818 2150 1885 (Εω
2178 1819 2545 1873 Pazm'tentiali
2591 1820 2901 1891 Theodori.)
2945 1820 3189 1885 Quidam
3228 1822 3345 1876 Deo
3396 1823 3506 1877 soli
3539 1840 3670 1878 con-

1962 1905 2117 1959 ﬁteri
2166 1910 2394 1976 peccata
2439 1907 2648 1961 debere
2707 1908 2928 1974 dicunt,
2988 1914 3052 1963 ut
3110 1911 3333 1965 Graeci:
3395 1913 3552 1983 quod
3609 1916 3666 1966 et

1954 1995 2249 2064 justorum
2272 1999 2376 2061 est,
2403 1995 2635 2066 quidam
2670 2012 2805 2049 vero
2841 1998 3249 2065 sacerdotibus,
3274 2004 3336 2053 ut
3384 2016 3533 2070 pene
3580 2004 3669 2054 to-

1961 2087 2019 2137 ta
2049 2087 2248 2136 sancta
2282 2084 2545 2137 Ecclesia.
2596 2086 2739 2138 Nam
2769 2084 3058 2139 institutio
3088 2088 3347 2155 Apostoli
3378 2088 3541 2142 nobis
3571 2105 3667 2142 se-

1962 2171 2195 2241 quenda
2252 2175 2385 2227 est:
2448 2176 2530 2239 ut,
2595 2172 2975 2227 conﬁteamur
3027 2174 3371 2229 alterutrum
3435 2180 3669 2247 peccata

1964 2263 2181 2312 nostra.

2034 2347 2146 2417 (Ea:
2171 2349 2395 2402 concilio
2424 2348 2716 2416 Ilerdensz',
2750 2352 2925 2419 capite
2960 2350 3069 2422 10.)
3104 2350 3366 2406 Ordinati
3412 2355 3541 2424 post
3573 2338 3666 2407 or-

1961 2436 2320 2491 dinationem
2378 2437 2463 2491 vel
2525 2443 2679 2507 ante,
2708 2439 3046 2509 capitalibus
3102 2440 3444 2496 criminibus
3496 2442 3666 2512 lapsi,

1962 2526 2021 2579 id
2050 2529 2135 2579 est
2190 2525 2342 2579 furto
2378 2526 2468 2579 vel
2528 2526 2929 2597 fornicatione,
2970 2529 3225 2599 perjurio
3275 2534 3332 2583 et
3377 2530 3505 2584 aliis
3556 2531 3667 2585 hu-

1954 2614 2236 2685 jusmodi,
2267 2614 2315 2667 si
2353 2615 2587 2684 publica
2625 2621 2758 2670 sunt
2787 2633 2988 2671 eorum
3018 2618 3282 2684 crimina,
3339 2619 3665 2689 degraden-

1961 2706 2074 2756 tur.
2110 2699 2169 2757 Si
2207 2719 2339 2756 vero
2368 2702 2587 2757 fuerint
2638 2705 2880 2773 occulta,
2919 2706 3162 2776 gradum
3194 2722 3363 2760 suum
3414 2708 3666 2761 retinere

1963 2794 2229 2860 possunt;
2262 2791 2330 2857 si,
2364 2796 2580 2845 secrete
2613 2792 2951 2848 conﬁtentes
2999 2794 3302 2858 sacerdoti,
3347 2794 3511 2865 juxta
3543 2796 3667 2867 ejus

1890 2866 1932 2921 Ο
1963 2878 2266 2933 consilium
2302 2879 2476 2950 digne
2510 2881 2861 2935 contendant
2890 2882 3186 2952 poenitere.

2036 2967 2147 3035 (Ea:
2203 2969 2427 3022 concilio
2502 2967 2802 3042 Toletano.)
2850 2971 3107 3026 Ordinati
3152 2987 3402 3042 quorum
3442 2975 3667 3029 occulta

1962 3059 2096 3109 sunt
2124 3060 2374 3126 peccata,
2426 3055 2474 3108 si
2518 3058 2799 3113 sacerdoti
2842 3060 3057 3113 occulte
3097 3060 3514 3115 confessionem
3573 3063 3663 3117 fe—

1962 3149 2181 3212 cerunt,
2240 3143 2529 3215 digneque
2572 3146 2735 3215 juxta
2782 3147 3062 3218 judicium
3109 3149 3232 3220 ejus
3262 3150 3659 3220 pasnituerint,

1960 3232 2261 3303 proprium
2292 3231 2537 3302 gradum
2569 3235 2815 3289 retinerc
2844 3241 3101 3305 possunt.

2033 3319 2151 3390 (Ea:
2188 3322 2469 3375 Pamitent.
2517 3321 2800 3391 Romano.)
2847 3322 3007 3376 Sicut
3061 3324 3406 3378 sacriﬁcium
3458 3324 3664 3378 offerre

1961 3424 2076 3462 non
2103 3409 2336 3474 debent,
2368 3407 2477 3461 nisi
2510 3409 2764 3479 episcopi
2803 3410 2902 3480 [et]
2937 3412 3280 3482 presbyteri,
3306 3413 3517 3483 quibus
3548 3413 3662 3466 cla-

1960 3510 2056 3549 ves
2083 3495 2251 3565 regni
2302 3495 2578 3548 caelorum
2635 3498 2855 3551 traditas
2885 3504 3045 3564 sunt;
3083 3501 3181 3565 sic,
3213 3518 3319 3555 nec
3375 3501 3661 3570 paeniten-

1960 3582 2106 3636 tium
2129 3581 2345 3651 judicia
2391 3581 2489 3634 alii
2520 3598 2801 3653 usurpare
2860 3584 3091 3641 debent.
3133 3588 3191 3641 Si
3222 3592 3415 3641 autem
3464 3603 3663 3641 neces-

1961 3671 2097 3725 sitas
2126 3670 2320 3737 fuerit,
2354 3674 2412 3723 et
2458 3671 2759 3741 presbyter
2788 3687 3042 3742 praesens
3071 3690 3186 3728 non
3214 3675 3411 3740 fuerit,
3467 3674 3658 3729 diaco—

1961 3775 2068 3812 nus
2088 3757 2481 3826 paenitentiam
2513 3759 2786 3829 suscipiat
2810 3759 2880 3812 ad
2913 3762 3342 3816 comunionem.

2034 3848 2141 3917 (Ea:
2169 3846 2391 3900 concilio
2438 3845 2817 3916 Eliberitano.)
2866 3847 2931 3899 In
2980 3847 3165 3902 tribus
3193 3848 3660 3920 Quadragesimis

1962 3934 2116 4003 anni,
2145 3939 2199 3988 et
2236 3933 2329 3987 die
2366 3932 2689 4001 Dominico,
2724 3941 2781 3987 et
2813 3933 2872 3986 in
2922 3940 3127 4004 quarta
3175 3943 3232 3991 et
3285 3942 3440 3991 sexta
3494 3936 3657 4004 feria,

1961 4022 2253 4095 conjugati
2283 4038 2341 4075 se
2382 4021 2593 4075 debent
2613 4023 2943 4089 continere;
2977 4040 3083 4078 nec
3117 4025 3231 4079 illis
3260 4026 3462 4081 diebus
3490 4042 3659 4096 copu-

1961 4111 2087 4175 lari,
2122 4109 2377 4182 quandiu
2410 4109 2582 4163 fuerit
2610 4110 2845 4180 gravida
2879 4126 3040 4178 uxor,
3065 4117 3120 4166 et
3143 4130 3175 4166 a
3209 4130 3324 4186 quo
3359 4114 3449 4167 die
3473 4113 3661 4168 infans

1961 4200 2020 4253 in
2052 4204 2216 4253 utero
2248 4203 2469 4252 motum
2500 4197 2700 4252 fecerit
2748 4214 2928 4268 usque
2982 4201 3051 4254 ad
3108 4207 3359 4271 partum,
3393 4220 3426 4256 a
3464 4207 3655 4273 partu,

1957 4292 2087 4358 post
2120 4290 2186 4342 33
2216 4286 2357 4352 dies,
2382 4286 2429 4338 si
2453 4285 2607 4339 ﬁlius
2636 4292 2752 4353 est;
2791 4287 2838 4339 si
2869 4292 3059 4342 autem
3092 4289 3232 4357 ﬁlia,
3266 4293 3350 4344 56.

2030 4377 2151 4445 (Ea:
2180 4377 2339 4444 epist.
2382 4376 2572 4429 Leonis
2600 4391 2779 4445 papae,
2829 4379 3007 4445 capite
3063 4381 3148 4443 11,
3193 4378 3268 4433 ad
3316 4395 3493 4434 omnes
3541 4382 3655 4449 epi-

1956 4466 2188 4533 scopos.)
2218 4464 2299 4517 Ne
2317 4462 2595 4518 confessio
2618 4464 3025 4533 foenitentium
3060 4466 3407 4537 publicetur.
3438 4467 3656 4523 Sufﬁcit

1958 4553 2113 4607 enim
2144 4553 2241 4606 illa
2273 4552 2611 4622 paenitentia
2642 4569 2656 4606 :
2686 4569 2815 4623 quae
2837 4553 3092 4623 primum
3135 4556 3374 4609 Domino
3396 4557 3651 4623 offertur,

1958 4645 2095 4694 tunc
2122 4639 2294 4693 etiam
2342 4638 2644 4704 sacerdoti,
2678 4639 2777 4709 qui
2824 4654 2926 4709 pro
2958 4640 3177 4694 delictis
3248 4643 3655 4711 pmnitentium

1957 4734 2218 4799 precator
2250 4728 2487 4782 accedit.
2529 4728 2685 4781 Tunc
2713 4726 2867 4780 enim
2899 4728 3092 4797 plures
3125 4729 3194 4783 ad
3256 4730 3655 4800 poenitentiam

1958 4821 2230 4889 poterunt
2266 4815 2581 4887 provocari,
2614 4814 2661 4868 si
2691 4814 3149 4886 populiauribus
3174 4833 3289 4872 non
3328 4819 3659 4889 publicetur

1958 4904 2307 4960 conscientia
2325 4902 2665 4957 conﬁtentis.

2032 4994 2309 5064 (Callistus
2361 5007 2514 5061 papa
2594 4990 2847 5047 omnibus
2918 4994 3229 5062 episcopis.)
3281 4993 3653 5061 Criminosos,

1959 5097 2102 5153 quos
2166 5079 2358 5134 saeculi
2416 5080 2573 5149 leges
2643 5078 3017 5147 interﬁciunt,
3083 5097 3188 5135 nos
3261 5082 3660 5138 misericordia

1959 5174 2274 5240 praeeunte,
2306 5167 2411 5222 sub
2436 5167 2687 5221 infamiae
2720 5173 2875 5233 nota,
2906 5168 2976 5222 ad
3007 5169 3408 5237 pceuitentiam
3451 5171 3656 5241 recipi-

1960 5274 2106 5312 mus.
2160 5258 2350 5327 Ipsam
2399 5271 2631 5326 quoque
2692 5255 3012 5323 infamiam,
3066 5273 3180 5327 qua
3235 5259 3452 5327 aspersi
3505 5264 3657 5328 sunt,

1962 5346 2152 5402 delere
2182 5360 2298 5397 non
2340 5359 2673 5413 possumus;
2711 5343 2809 5397 sed
2842 5359 3045 5397 eorum
3095 5344 3315 5398 animas
3341 5362 3444 5415 per
3481 5348 3659 5417 poeni-

1961 5433 2204 5488 tentiam
2234 5430 2524 5503 publicam
2579 5435 2634 5486 et
2669 5430 2929 5485 Ecclesiae
2961 5431 3403 5488 satisfactionem
3455 5450 3658 5490 sanare
