4014 6200
362 207 496 259 1079

1588 201 1932 258 APPENDlX
1969 204 2059 257 AD
2100 204 2611 260 BURCHARDUM.

3730 211 3875 265 1080

355 329 621 402 cupimus
670 329 808 401 quia
849 328 1153 383 manifesta
1207 332 1441 399 peccata
1494 343 1614 382 non
1654 332 1788 382 sunt
1839 327 2059 382 occulta
2092 332 2139 384 Α
2169 328 2385 383 militer
2401 329 2647 400 jejunet,
2678 329 2792 384 nisi
2820 330 2973 401 quod
3000 332 3229 386 tertiam
3259 332 3484 394 feriam,
3516 338 3576 387 et
3604 334 3871 405 quintam

355 418 710 474 correctione
741 416 1063 490 purganda.

428 507 599 579 (Item
651 508 713 561 S.
762 507 990 574 Gregor.
1044 506 1217 559 Felici
1262 508 1423 575 episc.
1457 504 1701 576 Siciliae.)
1757 504 2052 560 Manifesta

357 612 591 670 quoque
634 599 867 667 peccata
914 610 1030 648 non
1061 599 1196 647 sunt
1224 595 1445 648 occulta
1499 592 1849 648 correctione
1906 610 2050 664 pur-

358 688 548 760 ganda
576 705 591 742 :
625 685 724 739 sed
757 684 947 754 palam
980 688 1115 738 sunt
1144 683 1425 755 arguendi
1452 684 1553 755 qui
1602 684 1794 754 palam
1824 689 2050 749 nocent,

358 781 424 830 ut
477 776 617 830 dum
661 779 862 843 aperta
915 772 1319 843 objurgatione
1364 777 1662 839 sanantur,
1694 772 1753 826 hi
1804 772 1904 844 qui
1957 788 2053 826 eos

359 863 637 919 imitando
660 861 1024 931 deliquerant
1069 862 1449 932 corrigantur.
1487 864 1631 916 Dum
1661 878 1812 915 unus
1868 861 2052 915 corri—

358 955 537 1025 pitur,
590 950 827 1022 plurimi
880 952 1275 1006 emendantur.
1316 953 1381 1005 Et
1437 950 1643 1006 melius
1695 956 1785 1006 est
1834 956 1900 1005 ut
1949 967 2052 1020 pro

359 1041 674 1094 multorum
730 1035 1043 1091 salvatione
1102 1055 1249 1092 unus
1280 1038 1695 1093 condemnetur
1735 1054 1909 1109 quam
1947 1053 2054 1107 per

360 1128 530 1182 uuius
561 1127 852 1182 licentiam
874 1128 1041 1180 multi
1072 1127 1486 1198 periclitentur.
1522 1127 1717 1180 Melius
1757 1132 1841 1181 est
1897 1128 2050 1180 enim

361 1219 422 1268 ut
451 1216 588 1269 mali
618 1217 917 1273 manifeste
948 1216 1331 1287 corrigantur,
1366 1231 1539 1286 quam
1582 1230 1687 1285 pro
1747 1213 1861 1268 illis
1915 1214 2052 1269 boni

360 1310 613 1374 pereant.

429 1396 544 1463 (Ea:
599 1398 802 1449 Decret.
844 1394 1166 1450 Melchiadis
1209 1408 1371 1463 papae
1416 1397 1466 1446 et
1501 1392 1836 1449 Triburiensi
1880 1408 2049 1459 conc.,

360 1485 536 1551 capite
564 1483 638 1549 4.)
688 1484 766 1537 De
806 1483 1140 1553 poenitentia
1179 1482 1413 1535 illorum
1454 1480 1552 1550 qui
1583 1486 1783 1550 sponte
1808 1480 2050 1534 homici-

360 1571 519 1624 dium
571 1571 969 1639 committunt;
1010 1571 1069 1624 in
1101 1570 1303 1641 primis
1358 1575 1420 1624 ut
1450 1570 1739 1623 licentiam
1791 1585 1910 1623 non
1948 1570 2047 1623 ha-

363 1660 538 1714 beant
566 1660 864 1714 ecclesiam
894 1660 1166 1714 intrandi.
1210 1660 1338 1713 Illos
1387 1658 1677 1728 proximos
1708 1659 1775 1711 40
1804 1658 1923 1711 dies
1952 1674 2051 1712 nu-

364 1748 450 1802 dis
479 1748 723 1817 pedibus
766 1749 1017 1816 incedat,
1046 1753 1103 1802 et
1135 1748 1293 1802 nullo
1324 1747 1584 1800 vehiculo
1634 1750 1845 1801 utatur.
1895 1748 1958 1800 In
1980 1747 2059 1800 la-

364 1836 486 1890 neis
514 1836 762 1890 vestibus
791 1838 862 1891 sit
889 1838 1104 1908 absque
1157 1836 1548 1900 femoralibus,
1583 1851 1743 1889 arma
1798 1851 1914 1889 non
1967 1836 2056 1889 fe-

364 1930 471 1987 rat,
500 1929 557 1977 et
585 1924 730 1978 nihil
786 1931 975 1979 sumat
1015 1926 1103 1979 his
1157 1926 1225 1979 40
1272 1923 1474 1978 diebus
1526 1923 1635 1976 nisi
1679 1928 1902 1977 tantum
1953 1940 2054 1994 pa-

363 2012 738 2080 nem,"'salem
772 2019 829 2067 et
862 2029 1066 2085 puram
1098 2013 1259 2067 bibat
1289 2028 1517 2083 aquam.
1557 2013 1620 2065 Et
1651 2012 1865 2065 nullam
1897 2028 2052 2066 com-

362 2099 698 2154 munionem
730 2117 859 2155 cum
904 2102 1125 2156 caeteris
1181 2100 1518 2156 Christianis
1550 2115 1738 2170 neque
1781 2116 1911 2153 cum
1942 2101 2054 2154 alio

362 2187 675 2258 poenitente
703 2188 909 2243 habeat
932 2189 992 2242 in
1046 2189 1207 2255 cibis,
1262 2189 1349 2241 vel
1392 2192 1559 2259 potu,
1620 2191 1927 2257 antequam
1988 2190 2056 2242 40

365 2277 484 2330 dies
512 2276 954 2347 adimpleantur.
984 2279 1056 2331 Ex
1087 2278 1212 2331 cibo
1259 2293 1432 2348 quem
1464 2275 1641 2330 sumit
1670 2276 1862 2329 nullus
1910 2276 2055 2330 alius

363 2366 689 2420 manducet.
722 2365 1092 2420 Considerata
1148 2382 1279 2419 vero
1327 2381 1584 2436 persona:
1636 2364 1932 2435 qualitate,
1968 2366 2057 2419 vel

365 2454 720 2520 infirmitate,
751 2455 820 2509 de
859 2455 1064 2525 pomis,
1100 2455 1187 2508 vel
1219 2454 1490 2519 oleribus,
1518 2452 1604 2506 vel
1642 2452 2053 2521 leguminibus,

361 2548 533 2612 prout
571 2543 755 2596 visum
806 2542 998 2609 fuerit,
1048 2544 1266 2613 aliquid
1299 2559 1402 2613 pro
1442 2541 1835 2595 misericordia
1875 2542 2057 2597 indul-

362 2637 584 2703 geatur.
616 2631 853 2686 Maxime
880 2632 928 2685 si
965 2637 1189 2686 coactus
1219 2637 1273 2686 et
1306 2648 1421 2686 non
1446 2634 1650 2699 sponte
1681 2629 2053 2686 homicidium

357 2720 575 2773 fecerit.
643 2721 707 2773 Et
744 2719 796 2772 ei
845 2718 1195 2773 omnimodis
1253 2736 1319 2773 ex
1380 2718 1656 2773 canonica
1720 2722 2056 2778 auctoritate

359 2805 734 2860 interdicatur
775 2813 835 2862 ut
872 2807 929 2860 in
962 2807 1284 2862 his.diebus
1313 2825 1443 2862 cum
1477 2806 1637 2861 nulla
1684 2807 1899 2866 femina
1954 2812 2057 2865 mi-

2161 422 2218 471 et
2246 417 2567 485 sabbatum,
2602 422 2943 489 potestatem
2977 420 3187 475 habeat
3223 421 3549 476 redimendi
3590 428 3870 493 praetecta

2159 507 2368 576 pretio,
2421 506 2757 578 ubicunque
2796 513 2901 563 est.
2958 509 3173 563 Caetera
3202 509 3399 564 omnia
3430 510 3701 565 observet
3742 512 3868 566 dili-

2161 600 2381 666 genter,
2404 595 2487 648 uti
2512 595 2569 647 in
2600 596 2788 664 primo
2822 612 2994 650 anno.

2232 686 2346 752 (Ea:
2372 684 2590 748 eisdem,
2627 688 2803 752 capite
2828 685 2904 755 7.)
2934 686 3191 749 Quatuor
3221 686 3357 739 anni
3379 686 3590 740 deinde
3619 692 3861 755 restant,

2160 788 2261 843 per
2291 787 2436 842 quos
2465 771 2720 842 singulos
2739 774 2965 843 jejunet
2994 779 3110 827 tres
3148 774 3662 845 quadragesimas:
3693 792 3863 830 unam

2160 864 2292 913 ante
2325 859 2537 913 Pascha
2565 876 2696 914 cum
2734 861 2956 915 caeteris
3006 862 3361 929 Christianis,
3405 864 3780 932 abstinendo,
3832 882 3863 919 a

2161 949 2313 1014 vino,
2353 953 2410 1002 et
2450 949 2715 1016 medone,
2765 950 2986 1004 mellita
3016 951 3275 1017 cervisia,
3308 968 3342 1005 a
3394 968 3569 1005 carne
3617 960 3681 1006 et
3734 970 3858 1007 san-

2160 1037 2353 1106 guine,
2405 1040 2460 1090 et
2503 1036 2639 1098 ovis,
2681 1042 2739 1091 et
2783 1038 3099 1109 pinguibus
3146 1039 3422 1109 piscibus;
3470 1041 3721 1094 alteram
3753 1047 3857 1096 ter-

2160 1125 2299 1178 tiam
2328 1131 2458 1194 post
2497 1126 2895 1192 Pentecosten;
2946 1132 3082 1181 ante
3137 1128 3393 1181 Natalem
3425 1129 3654 1182 Domini
3708 1130 3855 1199 jeju-

2168 1217 2286 1279 net,
2318 1218 2382 1267 ut
2409 1229 2584 1283 supra
2604 1212 2819 1268 dictum
2845 1219 2948 1268 est.
2982 1216 3049 1269 Et
3076 1215 3134 1268 in
3161 1221 3410 1287 quatuor
3468 1234 3643 1287 supra
3700 1218 3860 1271 dictis

2160 1301 2325 1356 annis
2356 1302 2545 1369 tertia,
2578 1302 2778 1372 quinta
2808 1302 2952 1356 feria
2982 1308 3038 1357 et
3067 1304 3310 1359 Sabbato
3347 1305 3629 1376 quidquid
3694 1308 3815 1360 vult
3844 1324 3856 1360 :

2162 1397 2215 1447 et
2272 1393 2582 1447 secundam
2650 1398 2707 1446 et
2751 1399 3015 1463 quartam
3075 1394 3277 1448 feriam
3332 1395 3619 1450 redimere
3681 1403 3863 1467 potest

2160 1482 2345 1551 pretio
2370 1482 2490 1552 jam
2529 1498 2700 1552 supra
2730 1481 2907 1537 dicto.
2974 1482 3199 1537 Sextam
3252 1484 3452 1537 feriam
3513 1485 3864 1539 omnimodis

2164 1570 2443 1637 observet,
2480 1571 2539 1623 in
2566 1586 2732 1641 pane,
2775 1576 2833 1625 et
2860 1587 3030 1643 aqua,
3062 1577 3119 1626 et
3157 1588 3524 1643 nequaquam
3588 1574 3861 1628 redimat.

2170 1660 2268 1715 His
2297 1658 2536 1730 expletis
2566 1674 2784 1713 sacram
2823 1659 3290 1715 communionem
3322 1661 3579 1732 accipiat.
3623 1662 3866 1732 Semper

2165 1754 2379 1814 tamen,
2413 1747 2668 1817 quandiu
2690 1747 2861 1816 vivat,
2894 1748 3172 1819 poenitere
3203 1765 3318 1803 non
3349 1750 3603 1803 desistat.

2236 1838 2383 1908 (Item
2422 1839 2549 1891 Pius
2600 1852 2770 1906 papa,
2824 1840 3002 1906 capite
3053 1838 3159 1907 10.)
3207 1839 3555 1892 Ρωηίῑθηῑρε
3587 1855 3702 1892 non
3759 1838 3866 1893 de—

2166 1927 2304 1982 bent
2349 1925 2768 1980 communicare
2796 1930 2927 1981 ante
2967 1928 3521 1983 consummationem
3574 1928 3862 1998 paeniten-

2166 2016 2282 2069 tiae.

2240 2106 2317 2158 De
2376 2102 2695 2173 parricidis,
2742 2102 2860 2157 sive
2908 2102 3266 2170 incestuosis,
3323 2104 3649 2170 fratricidis,
3700 2105 3862 2160 Nico~

2166 2193 2289 2246 laus
2317 2206 2464 2262 papa
2493 2190 2691 2245 Carolo
2724 2190 3106 2261 Moguntiensi
3138 2192 3590 2263 archiepiscopo,
3624 2193 3863 2264 ejusque

2167 2278 2590 2349 suifraganeis:
2650 2278 2725 2331 De
2782 2278 3087 2348 parricidis
3144 2279 3307 2334 fratri
3362 2280 3552 2335 eidem
3598 2281 3865 2351 praecipi-

2169 2384 2296 2422 mus
2335 2372 2397 2421 ut
2425 2383 2529 2436 per
2555 2366 2724 2419 unius
2756 2367 2892 2420 anni
2932 2367 3207 2420 circulum
3240 2373 3370 2421 ante
3407 2369 3569 2423 fores
3616 2369 3865 2423 basilicae.

2168 2460 2397 2510 orantes
2448 2453 2673 2508 Domini
2720 2456 3083 2508 clementiam
3134 2463 3519 2525 perseverent.
3563 2458 3865 2528 Completo

2167 2557 2301 2594 vero
2349 2541 2488 2595 anni
2541 2541 2753 2595 circulo
2808 2541 3251 2598 introducantur
3293 2545 3616 2609 ecclesiam,
3669 2553 3865 2599 tamen

2168 2629 2316 2682 inter
2340 2630 2658 2698 audientes,
2690 2646 2870 2700 usque
2915 2630 3053 2684 dum
3083 2632 3255 2685 unius
3284 2633 3423 2685 anni
3460 2633 3701 2687 ﬁniatur
3741 2651 3864 2704 spa-

2168 2717 2331 2784 tium,
2363 2722 2534 2771 stent.
2564 2718 2705 2773 Cum
2736 2718 2807 2772 ad
2840 2718 3146 2774 missarum
3177 2721 3477 2787 solemnia,
3515 2723 3603 2775 vel
3630 2723 3701 2775 ad
3761 2724 3870 2776 alia

2169 2822 2328 2860 sacra
2355 2806 2554 2860 audire
2576 2806 2764 2861 ofticia
2792 2807 3069 2862 venerint.
3107 2808 3203 2863 His
3233 2809 3309 2863 ita
3339 2809 3603 2878 peractis,
3660 2811 3708 2863 si
3750 2827 3870 2881 pae-

360 2898 604 2959 sceatur,
655 2910 759 2949 nec
808 2894 876 2948 ad
930 2895 1223 2966 prapriam
1277 2912 1517 2951 uxorem
1575 2900 1821 2968 accedat,
1866 2917 2054 2972 neque
2092 2886 2130 2939 C
2172 2894 2426 2950 nitentia:
2457 2896 2675 2949 fructus
2703 2896 2764 2949 in
2821 2896 2903 2949 eis
2942 2896 3287 2967 conspicitis,
3322 2899 3575 2968 corporis
3626 2905 3684 2952 et
3739 2916 3869 2953 san-

359 2998 491 3035 cum
538 2982 733 3054 aliquo
782 2982 1016 3037 homine
1064 2983 1330 3038 dormiat.
1379 2986 1547 3040 Juxta
1601 2988 1909 3042 Ecclesiam
1964 2989 2052 3055 sit,

360 3074 492 3124 ante
518 3070 680 3141 cujus
703 3072 911 3142 januas
938 3076 1168 3142 peccata
1198 3089 1299 3126 sua
1326 3073 1531 3128 deﬂeat
1551 3075 1750 3130 diebus
1781 3092 1844 3130 ac
1875 3077 2054 3130 nocti-

358 3159 499 3228 bus;
531 3164 587 3213 et
619 3176 735 3214 non
764 3161 833 3215 de
857 3161 981 3214 loco
1021 3160 1081 3213 in
1113 3161 1298 3214 locum
1330 3168 1552 3232 pergat,
1592 3165 1689 3218 sed
1723 3165 1781 3217 in
1831 3181 1944 3218 uno
1978 3166 2056 3219 lo-

358 3264 423 3301 co
472 3247 561 3301 his
594 3249 664 3302 40
693 3248 895 3303 diebus
923 3248 1015 3302 sit.
1059 3250 1126 3303 Et
1165 3249 1210 3302 si
1240 3249 1387 3302 forte
1434 3250 1704 3305 habuerit
1760 3252 2053 3307 insidiato-

360 3351 450 3389 res
479 3336 607 3389 vitae
651 3352 788 3401 suae,
840 3336 1076 3389 interim
1105 3336 1402 3390 differatur
1428 3337 1482 3390 ei
1535 3338 1890 3407 paenitentia,
1951 3341 2057 3395 do-

362 3438 465 3476 nec
494 3422 565 3476 ab
597 3422 865 3494 episcopo
910 3440 1023 3493 pax
1052 3423 1106 3477 ei
1139 3423 1208 3477 ab
1260 3424 1511 3479 inimicis
1551 3427 1913 3482 concedatur.
1968 3430 2053 3497 Et,

272 3550 277 3553 μ
361 3512 407 3565 si
437 3512 499 3565 in
528 3511 861 3566 inﬁrmitate
884 3513 1146 3565 detentus
1175 3512 1369 3579 fuerit,
1400 3514 1480 3568 ita
1506 3519 1569 3568 ut
1598 3530 1715 3569 non
1736 3516 1918 3586 possit
1964 3518 2054 3572 di-

360 3616 472 3671 gne
515 3600 815 3671 paenitere,
866 3600 1165 3655 differatur
1202 3602 1556 3672 poenitentia,
1606 3604 1786 3659 donec
1828 3605 2058 3660 sanitati

360 3690 714 3744 restituatur.
747 3688 806 3744 Si
836 3694 1027 3744 autem
1061 3691 1233 3760 longa
1262 3691 1605 3760 aegritudine
1628 3693 1890 3747 detentus
1928 3694 2058 3748 fue-

361 3778 457 3845 rit,
492 3778 564 3833 ad
597 3778 939 3832 sententiam
963 3778 1218 3849 episcopi
1248 3779 1569 3850 paenitebit,
1601 3787 1893 3851 quomodo
1944 3799 2060 3837 rea-

356 3871 483 3922 tum
514 3873 571 3921 et
617 3866 915 3921 inﬁrmum
942 3884 1141 3921 sanare
1177 3867 1460 3939 disponat.
1517 3867 1635 3939 (Ea:
1689 3870 1927 3938 ejusdem
1960 3871 2054 3925 de-

359 3957 536 4024 cretis)
561 3955 870 4026 Completis
895 3957 964 4010 40
984 3956 1206 4022 diebus,
1264 3972 1413 4026 aqua
1470 3956 1645 4021 lotus,
1720 3958 2057 4014 vestimenta

359 4050 414 4098 et
434 4045 820 4099 calceamenta
840 4043 1103 4114 accipiat,
1133 4049 1188 4098 et
1218 4045 1455 4115 capillos
1484 4044 1719 4099 incidat.

2166 2984 2358 3056 guinis
2409 2983 2642 3037 Domini
2693 2983 2998 3054 participes
3030 2984 3189 3053 ﬁant,
3226 2990 3290 3039 ut
3317 2985 3705 3055 desperantias
3750 3003 3868 3041 non

2164 3072 2507 3127 indurentur
2537 3071 2802 3142 caligine.
2855 3072 3098 3126 Carnem
3129 3089 3247 3127 non
3294 3074 3646 3128 manducent
3684 3076 3871 3129 omni-

2162 3161 2269 3215 bus
2295 3160 2497 3215 diebus
2526 3160 2655 3215 vitae
2685 3176 2829 3214 suae.
2863 3162 3135 3230 Jejunent
3182 3165 3375 3215 autem
3424 3178 3606 3233 usque
3637 3162 3709 3217 ad
3756 3179 3867 3217 no-

2165 3264 2297 3302 nam
2324 3247 2437 3301 dici
2469 3248 2672 3301 horam
2713 3248 2993 3318 quotidie,
3025 3248 3272 3319 exceptis
3320 3249 3475 3303 festis
3527 3249 3731 3304 diebus
3787 3256 3870 3304 at-

2163 3353 2275 3407 que
2308 3335 2638 3390 Dominicis.
2669 3336 2875 3390 Vinum
2905 3340 3078 3407 atque
3100 3338 3465 3406 pulmentum
3488 3353 3719 3393 sumere
3749 3355 3871 3393 non

2164 3428 2535 3495 praesumant,
2560 3423 2668 3477 nisi
2708 3428 2907 3479 contra
2946 3441 3220 3496 paganos.
3267 3426 3331 3479 Et
3378 3442 3726 3497 quocunque
3783 3429 3871 3481 ire

2164 3512 2466 3580 voluerint,
2517 3512 2678 3567 nullo
2733 3513 2993 3568 vehiculo
3039 3514 3414 3581 deducantur,
3450 3515 3547 3569 sed
3615 3516 3874 3586 pedestri

2163 3616 2325 3655 more
2353 3600 2632 3672 proﬁcisci
2669 3602 2951 3656 studeant.
2979 3603 3229 3673 Tempus
3269 3608 3463 3657 autem
3521 3604 3657 3657 huic
3684 3606 3871 3674 poeni-

2163 3689 2358 3744 tentia:
2389 3689 2452 3743 in
2492 3689 2897 3760 episcoporum
2947 3691 3185 3745 arbitrio
3232 3691 3521 3761 ponimus,
3551 3697 3619 3745 ut
3666 3708 3871 3746 secun-

2162 3778 2301 3833 dum
2351 3778 2844 3833 conversationem
2908 3778 3161 3847 illorum,
3231 3784 3331 3833 aut
3391 3781 3719 3845 extendere,
3779 3781 3868 3834 vel

2164 3867 2427 3922 minuere
2476 3866 2731 3921 valeatis.
2793 3867 2879 3922 Ab
2929 3868 3219 3931 uxoribus,
3273 3868 3320 3921 si
3366 3868 3692 3933 habuerint,
3750 3885 3867 3923 non

2165 3959 2537 4026 separentur;
2568 3955 2617 4009 si
2644 3960 2837 4009 autem
2888 3972 3005 4010 non
3033 3957 3344 4011 habuerint
3372 3961 3430 4010 et
3458 3972 3518 4011 se
3564 3958 3869 4013 continere

2166 4060 2279 4097 non
2309 4042 2614 4110 valuerint,
2645 4043 2933 4113 legitimas
2963 4045 3245 4117 accipiant
3264 4062 3488 4114 uxores,
3518 4061 3590 4099 ne
3622 4046 3871 4100 fornica-

427 4131 587 4197 Quod
616 4132 675 4185 in
732 4132 922 4200 primo
954 4148 1104 4186 anno
1147 4132 1452 4186 observare
1484 4133 1703 4187 debeat.
1751 4134 1815 4188 In
1863 4135 2052 4204 primo
2093 4163 2134 4216 ι)
2167 4132 2338 4187 tionis
2368 4132 2704 4202 voraginem
2731 4132 3005 4187 incidant.
3039 4133 3096 4189 Si
3130 4140 3321 4188 autem
3355 4138 3669 4204 antequam
3717 4135 3864 4189 dno~

355 4235 508 4274 anno
533 4224 665 4290 post
710 4222 780 4274 40
811 4221 929 4273 dies
959 4236 1061 4290 per
1107 4220 1476 4274 totumillum
1533 4237 1751 4276 annum
1809 4239 1841 4276 a
1898 4224 2049 4290 vino,

358 4309 602 4362 medone
631 4313 688 4362 et
706 4309 923 4362 mellita
966 4308 1221 4375 cervisia,
1250 4325 1284 4362 a
1315 4325 1505 4374 carne,
1536 4314 1588 4364 et
1620 4326 1802 4378 caseo,
1837 4316 1894 4365 et
1922 4312 2050 4382 pin-

356 4396 565 4466 guibus
596 4395 843 4465 piscibus
867 4396 1167 4464 abstineat,
1197 4396 1309 4450 nisi
1334 4397 1395 4452 in
1425 4397 1583 4452 festis
1616 4398 1836 4466 diebus,
1869 4401 1970 4471 qui
1993 4402 2052 4455 in

359 4481 459 4535 illo
488 4483 778 4553 episcopio
837 4499 869 4537 a
922 4488 1123 4538 cuncto
1181 4484 1394 4555 populo
1450 4486 1833 4541 celebrantur.
1887 4489 1973 4549 Et,
2005 4487 2051 4541 si

353 4570 499 4625 forte
527 4570 589 4625 in
618 4587 827 4642 magno
858 4571 1085 4641 itinere,
1111 4574 1198 4627 vel
1228 4573 1290 4627 in
1324 4574 1506 4641 hoste,
1536 4576 1623 4629 vel
1670 4575 1770 4630 diu
1827 4577 1901 4630 ad
1952 4578 2053 4630 Do.

354 4660 628 4716 minicam
689 4666 928 4728 curtem,
981 4661 1065 4715 vel
1126 4661 1185 4716 in
1245 4661 1579 4718 inﬁrmitate
1635 4665 1899 4719 detentus
1956 4665 2047 4733 sit,

352 4755 491 4805 tunc
514 4749 724 4804 habeat
765 4766 880 4804 uno
916 4750 1174 4819 denario,
1209 4753 1296 4806 vel
1351 4752 1534 4823 pretio
1576 4753 1748 4807 unius
1802 4753 2047 4821 denarii,

352 4844 453 4894 aut
479 4843 595 4893 tres
641 4854 923 4908 pauperes
970 4840 1276 4910 pascendo,
1311 4841 1540 4895 tertiam
1582 4840 1785 4895 feriam
1817 4845 1873 4895 et
1921 4841 2047 4895 sab-

351 4928 549 4983 batum
571 4927 875 4991 redimere,
907 4927 990 4982 ita
1018 4933 1213 4983 tamen
1242 4934 1308 4984 ut
1338 4945 1452 4983 una
1494 4945 1554 4983 re
1595 4929 1665 4983 de
1695 4929 1882 4983 tribus
1926 4935 2050 4983 uta-

345 5021 464 5072 tur.
498 5017 617 5082 Vel,
659 5021 760 5071 aut
788 5016 989 5070 vinum
1026 5016 1208 5084 bibat,
1240 5023 1338 5071 aut
1370 5018 1697 5087 medonem,
1733 5022 1831 5072 aut
1867 5017 2049 5072 melli-

348 5110 467 5160 tam
490 5103 806 5159 cervisiam.
830 5106 1141 5176 Postquam
1193 5105 1428 5159 domum
1457 5105 1698 5172 venerit,
1750 5110 1850 5160 aut
1897 5105 2048 5160 sani-

354 5194 452 5247 tati
498 5193 813 5261 restitutus,
870 5194 1088 5248 nullam
1119 5194 1409 5248 licentiam
1438 5193 1649 5248 habeat
1702 5194 2041 5250 redimendi.

348 5280 646 5351 Completo
676 5282 814 5337 anni
860 5282 1094 5350 circulo,
1154 5281 1265 5354 [in]
1298 5281 1594 5337 ecclesiam
1627 5282 2041 5350 introducatur,

346 5372 403 5423 et
439 5368 592 5440 pacis
626 5369 677 5425 ei
714 5369 973 5424 osculum
998 5370 1364 5425 concedatur.

415 5456 527 5519 (Ea:
549 5458 764 5524 iisdem,
797 5461 975 5528 capite
1012 5459 1092 5527 6.)
1125 5460 1185 5513 In
1219 5458 1472 5514 secundo
1503 5464 1561 5514 et
1586 5458 1755 5513 tertio
1783 5475 1933 5513 anno
1962 5459 2040 5514 si-

2163 4237 2293 4275 rum
2342 4220 2747 4290 praedictorum
2803 4236 3087 4276 annorum
3139 4223 3419 4276 curricula
3462 4223 3763 4288 ﬁniantur,
3806 4226 3868 4277 ti-

2163 4313 2250 4364 nis
2280 4309 2411 4363 vitae
2432 4309 2667 4363 illorum
2687 4308 3001 4378 advenerit,
3028 4310 3299 4365 viaticum
3316 4310 3429 4364 illis
3447 4328 3562 4365 non
3596 4319 3861 4382 negetur.

2230 4397 2287 4452 Si
2346 4397 2473 4468 quis
2513 4412 2644 4451 cum
2703 4396 2926 4451 duabus
2971 4398 3262 4452 sororibus
3315 4399 3486 4452 fuerit
3523 4399 3862 4466 fornicatus,

2160 4490 2259 4540 aut
2304 4502 2434 4539 cum
2494 4485 2586 4540 his
2616 4485 2896 4557 personis,
2966 4485 3035 4539 de
3094 4486 3301 4557 quibus
3356 4502 3514 4540 sacra
3563 4487 3867 4557 Scriptura

2159 4573 2441 4646 prohibet,
2475 4573 2523 4627 si
2553 4574 2786 4645 dignam
2818 4574 3001 4645 egerit
3029 4576 3445 4646 paenitentiam,
3480 4581 3538 4629 et
3585 4576 3863 4630 castitatis

2160 4679 2275 4717 non
2327 4662 2570 4717 valuerit
2625 4662 3039 4716 continentiam
3081 4663 3314 4731 habere,
3348 4662 3518 4717 liceat
3572 4663 3627 4716 ei
3679 4664 3863 4734 legiti-

2159 4766 2314 4806 mam
2351 4766 2587 4805 uxorem
2620 4751 2896 4822 accipere.
2935 4751 3212 4806 Similiter
3241 4759 3298 4806 et
3328 4752 3557 4818 mulier,
3592 4768 3729 4823 quae
3764 4753 3864 4805 tali

2158 4840 2370 4894 scelere
2413 4838 2587 4894 fuerit
2636 4839 2814 4911 lapsa,
2849 4845 2916 4893 ut
2963 4855 3076 4893 non
3117 4840 3186 4893 ad
3243 4839 3639 4894 fornicationis
3689 4840 3863 4893 chaos

2156 4928 2518 5000 perducatur.
2554 4928 2665 4983 Sed
2694 4928 2806 4982 hoc
2835 4927 2906 4982 de
2959 4927 3120 4982 laicis
3149 4928 3283 4983 viris
3334 4933 3391 4983 et
3413 4928 3482 4982 de
3516 4928 3863 4983 mulieribus

2156 5017 2516 5072 solummodo
2538 5020 2818 5071 statuunt.

2226 5105 2283 5161 Si
2312 5105 2441 5176 quis
2487 5120 2618 5159 cum
2667 5107 2980 5159 commatre
3002 5104 3245 5175 spiritali
3291 5103 3467 5158 fuerit
3518 5104 3860 5173 fornicatus,

2154 5193 2555 5261 anathematis,
2587 5197 2651 5248 ut
2701 5194 2874 5259 scitis,
2919 5193 3124 5248 ictibus
3167 5194 3503 5265 percutitur.
3577 5194 3861 5248 Similiter

2154 5288 2345 5336 autem
2378 5287 2435 5336 et
2470 5282 2630 5335 illum
2659 5282 2878 5353 percuti
2909 5283 3365 5352 promulgamus,
3397 5282 3496 5353 qui
3544 5298 3678 5336 cum
3726 5282 3848 5349 illa,

2152 5386 2327 5441 quam
2383 5371 2452 5424 de
2502 5386 2661 5424 sacro
2714 5370 2870 5424 fonte
2927 5370 3284 5442 baptismatis
3347 5372 3693 5441 susceperit,
3758 5377 3859 5425 aut

2150 5475 2279 5514 cum
2309 5459 2425 5524 illa,
2447 5475 2619 5531 quam
2666 5464 2797 5514 ante
2853 5459 3187 5531 episcopum
3237 5459 3506 5525 tenuerit,
3530 5475 3661 5514 cum
3693 5476 3857 5513 sacro
