4010 6194
248 282 379 335 1081

239 403 552 458 chrismate
651 405 989 471 angeretur,

243 597 508 637 uxorem.
543 581 700 634 Inter
740 579 862 633 haec
901 578 1170 633 sanctitas
1206 584 1393 631 vestra
1434 577 1646 633 addere
1717 582 1961 649 studuit,

246 672 295 725 si
330 671 492 740 cujus
519 683 661 722 uxor
708 667 1060 721 adulterium
1108 666 1543 737 perpetraverit,
1602 675 1800 723 utrum
1834 686 1961 723 ma-

245 760 363 815 rito
385 759 563 830 ipsius
601 757 793 822 liceat,
835 756 1149 809 secundum
1179 754 1530 809 mundanam
1580 756 1790 827 legem,
1827 775 1959 812 eam

248 849 596 903 interﬁcere.
630 846 835 900 Sancta
873 845 970 898 Dei
1003 844 1245 898 Ecclesia
1297 844 1605 897 mundanis
1656 862 1960 918 nunquam

249 936 592 1007 astringitur
624 934 867 1002 legibus.
903 933 1167 988 Gladium
1200 949 1315 987 non
1346 932 1534 986 habet.
1568 935 1681 989 nisi
1727 936 1958 1005 spirita-

249 1027 369 1080 lem
391 1030 562 1096 atque
594 1023 892 1089 divinum;
921 1038 1040 1075 non
1072 1022 1294 1086 occidit,
1329 1023 1424 1075 sed
1452 1022 1718 1078 viviﬁcat.

326 1115 425 1184 (De
462 1114 693 1167 diversis
744 1112 1163 1166 homicidiorum
1208 1110 1427 1181 modis.)
1490 1112 1751 1166 Nicolaus
1808 1130 1957 1184 papa

251 1202 547 1271 Luitperto
588 1198 972 1270 Moguntiensi
1031 1199 1461 1270 archiepiscopo
1500 1216 1512 1252 :
1545 1200 1600 1257 Si
1662 1202 1789 1272 quis
1838 1218 1956 1256 non

247 1292 311 1345 in
342 1290 514 1358 bello,
546 1290 633 1344 vel
665 1288 784 1342 odii
814 1287 1215 1353 meditatione,
1248 1289 1335 1342 vel
1366 1293 1607 1359 propter
1630 1290 1952 1356 avaritiam,

244 1395 541 1451 paganum
596 1376 883 1443 occiderit,
943 1377 1077 1446 quia
1110 1392 1226 1429 non
1276 1376 1383 1430 levi
1424 1376 1562 1431 vitio
1614 1378 1950 1448 connititur,

247 1466 599 1523 homicidam
648 1464 915 1519 convenit
964 1465 1263 1534 poenitere,
1326 1466 1796 1537 quandoquidem
1849 1485 1953 1523 nec

247 1555 460 1610 exteris
490 1554 777 1625 gentibus,
814 1553 925 1607 nisi
958 1554 1209 1606 oblatam
1240 1570 1438 1624 pacem
1470 1556 1809 1626 respuerint,
1839 1557 1955 1611 bel-

245 1645 373 1699 lum
407 1649 530 1697 erat
558 1643 772 1713 populo
804 1642 1042 1712 antiquo
1074 1642 1302 1713 penitus
1332 1642 1544 1698 inferre
1575 1650 1943 1715 praeceptum.

244 1733 307 1788 Si
326 1733 453 1804 quis
475 1747 669 1785 arcum
692 1731 932 1785 tendens
952 1746 1122 1784 causa
1138 1730 1451 1801 probanda:
1470 1733 1719 1800 chordaa,
1736 1734 1945 1803 sagitta

246 1837 410 1888 casu,
443 1836 561 1873 non
584 1824 735 1884 voto,
788 1818 1145 1889 prosiliente,
1175 1818 1363 1875 ﬁlium
1382 1836 1551 1873 suum
1574 1821 1949 1887 interemerit,

246 1909 333 1963 ita
365 1908 535 1962 debet
565 1907 865 1978 poenitere,
899 1911 962 1960 ut
987 1906 1340 1960 Anciranum
1393 1907 1699 1962 concilium
1731 1909 1948 1975 statuit,

248 2002 321 2050 ut
345 1997 414 2051 de
438 1995 744 2050 homicidio
780 2000 985 2065 sponte
1009 1994 1334 2048 commisso.
1369 1995 1528 2049 Esset
1566 2002 1758 2050 autem
1794 2013 1950 2052 seve-

248 2085 378 2139 rior
404 2085 705 2139 indicenda
736 2083 1096 2153 paenitentia,
1146 2083 1281 2153 quia
1321 2083 1473 2137 ﬁlius
1520 2086 1644 2155 ejus
1694 2085 1953 2153 exstitit;

250 2175 350 2228 sed
406 2178 619 2245 quanto
667 2189 836 2226 carne
890 2171 1205 2242 proximior
1259 2172 1412 2226 visus
1469 2179 1611 2235 erat,
1673 2179 1833 2229 tanto
1885 2175 1953 2229 de

250 2266 439 2317 morte
469 2261 620 2315 illius
650 2261 711 2315 in
736 2261 903 2315 corde
937 2276 1039 2315 suo
1094 2260 1281 2314 acrior
1338 2261 1503 2315 dolor
1557 2268 1643 2317 est
1696 2270 1949 2318 exortus.

256 2353 384 2406 Non
417 2351 570 2405 enim
598 2350 705 2404 hoc
737 2355 939 2421 sponte
974 2354 1262 2420 patratum
1294 2355 1398 2403 est.
1444 2350 1501 2405 Si
1528 2352 1660 2422 quis
1720 2353 1953 2407 insanus

248 2440 552 2496 hominem
593 2439 881 2505 occiderit,
936 2439 1069 2492 licet
1116 2437 1168 2491 ei
1225 2437 1568 2508 pmnitentia
1627 2441 1702 2495 sit
1757 2441 1954 2511 injun-

247 2530 460 2602 genda,
519 2528 653 2599 quia
703 2529 828 2598 ipsa
886 2526 1197 2581 inﬁrmitas
1270 2541 1441 2580 causa
1496 2529 1714 2599 peccati
1782 2530 1953 2584 fuisse

247 2618 533 2676 creditur";
597 2621 792 2670 tamen
852 2620 1077 2670 tantum
1134 2614 1311 2668 levior
1360 2631 1535 2685 quam
1585 2617 1637 2671 ei
1687 2618 1787 2689 qui
1841 2619 1954 2673 tale

249 2705 393 2777 quid
425 2721 595 2759 sanus
624 2702 951 2770 committit,
999 2706 1279 2774 quantum
1326 2701 1477 2756 inter
1524 2722 1729 2759 sanum
1780 2711 1835 2760 et
1864 2706 1953 2760 in-

250 2810 481 2861 sanum,
556 2793 897 2848 rationabile
990 2796 1047 2846 et
1111 2789 1504 2846 irrationabile
1560 2799 1781 2850 constat
1832 2811 1953 2850 esse

252 2882 623 2938 discriminis.

1182 277 1495 334 STATUTA
1531 278 1871 336 CANONUM
1918 278 2012 333 DE
2053 278 2324 333 OFFICIO
2363 279 2846 336 SACERDO'I‘UM.

1091 398 1469 456 forticationis
1535 402 1961 474 perpetraverit
1990 404 2033 456 A
2071 416 2285 472 equum
2320 418 2433 456 non
2456 405 2759 476 ascendas;
2802 422 3031 462 causam
3062 413 3243 475 tuam,
3298 415 3354 463 et
3403 410 3655 477 alterius,
3711 411 3773 467 in
3830 437 3842 445 -

241 495 450 548 scelus.
482 489 824 562 Legitimam
868 495 1082 557 tamen,
1115 490 1163 544 si
1193 488 1479 555 habuerit,
1537 506 1658 545 non
1708 493 1966 546 dimittat

3639 290 3656 340 l
3670 288 3774 341 082

2074 494 2359 543 conventu
2391 490 2649 544 fidelium
2682 509 2800 546 non
2830 511 2983 565 agas.
3010 497 3072 549 In
3121 496 3392 550 conviviis
3452 496 3772 551 laetantium

2074 594 2369 649 nunquam
2439 579 2665 648 sedeas;
2715 580 2776 635 in
2834 584 3072 638 ecclesia
3128 590 3461 655 segregatus
3513 585 3583 638 ab
3642 585 3771 639 aliis

2072 666 2407 721 Christianis
2438 676 2567 738 post
2628 671 2843 725 ostium
2883 672 3180 727 humiliter
3227 680 3377 727 stes:
3438 672 3771 742 ingredien-

2067 755 2214 809 tium
2267 761 2322 809 et
2394 757 2813 827 egredientium
2872 762 3230 815 orationibus
3312 761 3647 832 suppliciter
3713 766 3769 815 te

2069 846 2901 911 commendes;communione
2939 850 3085 902 sacri
3115 850 3369 919 corporis
3427 854 3483 902 et
3536 850 3766 918 sangui-

2070 933 2156 985 nis
2190 934 2417 987 Domini
2475 935 2692 988 cunctis
2743 936 2872 990 vitae
2938 942 3051 990 tuae
3099 938 3299 992 diebus
3364 937 3671 1008 indignum
3715 942 3770 991 te

2068 1021 2384 1075 existimes.
2418 1024 2480 1076 In
2510 1024 2713 1077 ultimo
2753 1026 3000 1079 termino
3028 1026 3158 1079 vitae
3213 1032 3326 1079 tum
3374 1042 3478 1095 pro
3526 1026 3765 1097 iviatico,

2067 1108 2115 1163 si
2141 1110 2526 1165 observaveris
2549 1114 2877 1179 consilium,
2914 1114 3021 1167 tibi
3060 1115 3443 1167 concedimus.

2135 1199 2250 1269 (Ea:
2275 1216 2393 1269 cap.
2428 1202 2641 1257 Nicolui
2667 1219 2846 1272 papae,
2879 1205 2991 1257 sive
3032 1205 3442 1259 Wormacicnsis
3484 1205 3771 1272 episc0pi.)

2065 1289 2319 1353 Qualiter
2349 1290 2626 1360 poeniteat
2657 1291 2757 1362 qui
2818 1291 3170 1345 sacerdotem
3205 1291 3412 1343 occidit
3440 1308 3451 1345 :
3505 1291 3647 1355 Quia
3681 1308 3774 1345 sa-

2063 1378 2352 1431 cerdotem
2384 1378 2706 1432 voluntarie
2740 1380 3027 1445 occiderit,
3067 1395 3297 1433 carnem
3340 1395 3456 1432 non
3511 1380 3772 1434 comedat

2064 1470 2121 1519 et
2151 1466 2351 1520 vinum
2383 1483 2501 1520 non
2540 1467 2726 1533 bibat;
2792 1468 3011 1521 cunctis
3056 1467 3260 1521 diebus
3315 1468 3540 1538 jejunet
3587 1485 3770 1538 usque

2063 1554 2134 1607 ad
2168 1571 2486 1624 vesperam,
2520 1556 2768 1627 exceptis
2796 1556 3000 1609 diebus
3030 1556 3185 1610 festis
3218 1561 3390 1626 atque
3426 1555 3765 1622 Dominicis;

2061 1659 2222 1696 arma
2252 1659 2369 1697 non
2404 1652 2619 1709 sumat;
2680 1660 2896 1714 equum
2940 1660 3059 1697 non
3113 1644 3411 1710 ascendat;
3473 1644 3770 1698 ecclesiam

2062 1747 2167 1801 per
2205 1734 2268 1785 lO
2296 1748 2475 1786 annos
2506 1748 2623 1786 non
2680 1731 3072 1801 ingrediatur;
3108 1736 3237 1802 post
3265 1735 3294 1784 5
3354 1748 3533 1786 annos
3583 1733 3768 1785 eccle-

2060 1820 2207 1872 siam
2232 1820 2609 1890 ingrediatur,
2643 1835 2764 1873 non
2793 1824 2988 1873 tamen
3030 1820 3439 1889 communicet,
3476 1820 3572 1873 sed
3620 1820 3771 1873 inter

2059 1908 2360 1963 audientes
2409 1913 2541 1963 stet.
2583 1910 2727 1963 Cum
2785 1914 2979 1962 autem
3032 1908 3205 1962 fuerit
3262 1912 3325 1963 19
3373 1908 3511 1962 anni
3570 1907 3770 1961 ﬁnitus

2061 2013 2281 2064 cursus,
2315 1996 2781 2051 communicandi
2823 1996 2875 2050 ei
2906 1997 3138 2050 licentia
3180 1997 3484 2064 tribuatur,
3519 2001 3573 2050 et
3603 1995 3771 2066 equi-

2060 2085 2221 2139 tandi
2258 2086 2542 2140 remissio.
2603 2086 2827 2139 Maneat
2871 2088 3063 2138 antem
3106 2084 3167 2138 in
3221 2085 3458 2157 reliquis
3503 2086 3768 2138 observa-

2059 2174 2315 2228 tionibus
2373 2177 2402 2229 3
2471 2173 2592 2227 dies
2640 2189 2745 2243 per
2815 2173 3260 2241 hebdomadam,
3320 2179 3386 2228 ut
3459 2172 3769 2245 perfectius

2061 2262 2357 2334 puriﬁcari
2382 2266 2642 2315 mereatu
2653 2278 2698 2317 r.

2136 2352 2247 2419 (Ea:
2276 2367 2398 2421 cap,
2425 2352 2643 2408 Nicolai
2686 2366 2848 2420 papae
2900 2351 3013 2404 sive
3065 2352 3462 2407 Wormacensis
3504 2348 3767 2419 concilii.)

2062 2440 2169 2505 Qui
2194 2440 2475 2493 infantem
2536 2455 2708 2493 suum
2772 2439 3155 2509 oppresserit:
3217 2439 3273 2494 Si
3307 2439 3435 2510 quis
3488 2439 3768 2491 infantem

2062 2545 2231 2582 suum
2265 2528 2619 2598 oppresserit
2662 2526 2909 2593 incaute,
2953 2533 3053 2581 aut
3094 2528 3566 2581 vestimentorum
3617 2542 3769 2598 pon-

2063 2616 2197 2670 dere
2220 2615 2585 2670 suﬁ‘ocaverit
2631 2620 2759 2686 post
2802 2616 3171 2687 baptismum,
3205 2617 3272 2671 40
3314 2617 3435 2670 dies
3489 2616 3770 2685 poeniteat

2063 2706 2123 2758 in
2154 2721 2304 2775 pane
2340 2708 2395 2757 et
2450 2719 2625 2773 aqua,
2657 2708 2714 2758 et
2762 2704 3034 2772 oleribus,
3083 2710 3140 2759 et
3192 2704 3603 2775 leguminibus,
3655 2708 3765 2757 eta

2064 2793 2271 2847 merito
2294 2809 2353 2846 se
2388 2791 2695 2847 abstineat.
2721 2794 2919 2849 Postea
2957 2798 3072 2849 tres
3118 2811 3295 2849 annos
3358 2810 3462 2864 per
3509 2792 3769 2863 legitima

2063 2881 2234 2936 ferias
2255 2880 2543 2951 poeniteat.
2589 2881 2655 2935 In
2700 2883 2733 2936 4
2782 2899 2933 2937 anno
2963 2888 3079 2937 tres
3139 2882 3605 2955 quadragesimas
3658 2882 3767 2935 ob-

325 2972 383 3027 Si
412 2972 602 3042 aliquo
658 2971 949 3026 incidente
996 2937 1284 3035 arborem,
1326 2968 1428 3040 qui
1475 2970 1605 3026 licet
1659 2972 1763 3028 sub
1829 2972 1949 3042 ejus
1987 2971 2025 3026 C
2066 2937 2272 3023 servet:
2303 2968 2468 3032 Quod
2499 2968 2546 3021 si
2600 2975 2734 3024 ante
2765 2937 3261 3042 baptismum,‘40
3308 2937 3426 3026 dies
3490 2970 3767 3043 poeniteat

250 3076 386 3115 casu
418 3059 781 3130 opprimitur,
808 3058 1024 3113 incisor
1050 3056 1290 3123 arboris,
1324 3062 1389 3111 ut
1428 3058 1718 3115 homicida
1767 3061 1954 3132 poeni-

255 3153 396 3213 teat,
426 3148 471 3201 si
530 3148 650 3218 ejus
678 3148 974 3201 voluntate
1030 3146 1117 3199 vel
1172 3144 1529 3216 negligentia
1583 3149 1798 3205 factum
1845 3154 1950 3203 est.

260 3236 427 3301 Quod
455 3236 503 3290 si
531 3253 646 3291 non
693 3242 849 3305 voto,
882 3250 998 3289 non
1040 3233 1254 3304 injuria
1301 3234 1477 3304 illius,
1530 3253 1647 3291 non
1705 3238 1953 3306 denique

252 3324 496 3379 scientia
534 3324 837 3395 contingit,
896 3323 1017 3391 sed,
1077 3323 1216 3377 dum
1273 3321 1370 3376 ille
1422 3325 1585 3395 operi
1635 3326 1953 3381 necessario

252 3413 508 3467 fortassis
564 3414 939 3480 incumberet,
1003 3412 1109 3466 iste
1160 3411 1484 3481 insperatus
1541 3416 1788 3470 occurrit
1847 3415 1953 3469 sub

252 3504 519 3558 arborem
551 3510 605 3558 et
635 3520 698 3557 ex
738 3501 1050 3573 improviso
1083 3505 1169 3554 est
1218 3515 1542 3570 oppressus,
1606 3502 1816 3557 incisor
1860 3519 1952 3556 ar-

250 3593 410 3647 boris
440 3592 739 3647 homicidas
768 3608 880 3646 non
909 3594 993 3644 est
1013 3587 1449 3659 comparandus.

324 3681 434 3749 (Ea:
496 3682 721 3749 epistola
800 3681 1023 3735 Paulini
1113 3677 1497 3732 Foroliviensis
1563 3681 1805 3749 episcopi
1878 3677 1955 3732 ad

247 3768 647 3838 Aistolphum.)
681 3770 758 3822 De
788 3768 888 3822 illo
920 3766 1019 3839 qui
1049 3781 1290 3821 uxorem
1321 3781 1483 3819 suam
1516 3767 1724 3821 occidit
1762 3784 1773 3821 :
1828 3768 1952 3821 Duo

249 3856 491 3911 consilia
524 3856 627 3911 tibi
655 3856 1036 3928 proponimus
1070 3872 1083 3909 :
1135 3858 1248 3909 Aut
1303 3854 1605 3925 ingredere
1654 3860 1951 3911 monaste-

248 3943 427 4009 rium,
463 3948 521 3998 et
548 3944 854 3999 humiliare
889 3944 994 3997 sub
1052 3959 1292 3996 manum
1331 3942 1571 4011 abbatis,
1627 3948 1683 3998 et
1744 3945 1952 3999 multo-

249 4048 385 4086 rum
417 4032 658 4089 fratrum
683 4033 951 4105 precibus
1000 4031 1245 4102 adjutus,
1290 4031 1529 4085 observa
1573 4039 1777 4088 cuncta
1819 4033 1953 4087 sim-

250 4120 389 4192 plici
423 4122 614 4176 animo
643 4139 773 4194 quae
829 4121 935 4176 tibi
993 4120 1062 4174 ab
1125 4120 1330 4175 abbate
1373 4120 1590 4175 fuerint
1644 4121 1946 4193 imperata,

251 4208 303 4262 si
332 4208 586 4280 ignoscat
625 4211 855 4265 inﬁnita
888 4208 989 4263 Dei
1036 4208 1262 4263 bonitas
1292 4209 1538 4278 peccatis
1598 4209 1731 4263 tuis.
1794 4207 1948 4263 lstud
1987 4247 2030 4302 Β

250 4298 576 4365 consilium,
608 4304 673 4353 ut
726 4298 1043 4353 certissime
1082 4296 1247 4365 scias,
1309 4295 1491 4349 levius
1542 4301 1598 4349 et
1663 4296 1949 4352 salubrius

251 4391 342 4440 est
370 4391 431 4439 ut.
462 4388 565 4441 sub
599 4388 833 4442 alterius
879 4386 1138 4440 custodia
1194 4385 1390 4455 lugeas
1436 4390 1685 4454 peccata.
1714 4387 1950 4453 .Secun-

250 4473 390 4529 dum
426 4480 620 4529 autem
647 4476 953 4529 consilium
995 4474 1105 4529 tale
1139 4479 1222 4528 est
1255 4491 1272 4527 :
1330 4476 1502 4527 Arma
1560 4474 1867 4543 deponere,
1898 4479 1953 4527 et

248 4566 456 4617 cuncta
481 4563 778 4617 saecularia
805 4562 1038 4633 negotia
1068 4561 1384 4617 dimittere.
1437 4563 1679 4617 Carnem
1727 4575 1783 4617 et
1813 4579 1952 4616 san-

244 4652 485 4723 guinem
519 4667 819 4722 nunquam
872 4652 1164 4720 comedas,
1216 4653 1452 4722 excepto
1494 4649 1554 4703 in
1605 4651 1696 4705 die
1754 4655 1949 4705 sancto

246 4743 612 4795 Pentecostes
639 4744 695 4792 et
733 4738 793 4793 in
828 4755 941 4794 uno
973 4740 1067 4794 die
1116 4737 1569 4795 Resurrectionis
1621 4738 1849 4793 Domini
1896 4742 1952 4793 et

244 4827 434 4884 Natali
469 4827 719 4881 Domini.
765 4828 993 4883 Cazteris
1023 4828 1383 4900 temporibus
1414 4827 1475 4885 in
1514 4844 1661 4898 pane
1692 4832 1748 4883 et
1778 4844 1948 4898 aqua,

252 4920 312 4971 et
373 4915 669 4971 interdum
725 4932 854 4971 cum
912 4917 1306 4988 leguminibus
1354 4921 1411 4970 et
1458 4916 1706 4970 oleribus
1763 4916 1953 4988 poeni-

243 5010 384 5059 teas.

318 5094 382 5147 In
404 5091 666 5164 jejuniis,
695 5092 758 5147 in
786 5092 1001 5164 vigiliis
1038 5098 1097 5148 et
1152 5094 1213 5147 in
1244 5092 1619 5160 orationibus,
1682 5098 1739 5147 et
1799 5093 1948 5147 elee-

249 5182 502 5253 mosynis
530 5198 835 5253 persevera
868 5182 1029 5236 omni
1060 5187 1342 5253 tempore.
1365 5182 1599 5249 Vinum,
1641 5182 1948 5236 medonem

246 5274 304 5324 et
326 5270 606 5325 mellitam
630 5271 933 5326 cervisiam
986 5287 1287 5343 nunquam
1336 5270 1517 5331 bibas.
1577 5270 1689 5324 nisi
1744 5270 1801 5323 in
1837 5270 1949 5325 illis

245 5359 536 5429 praedictis
593 5360 830 5427 diebus;
886 5375 1124 5415 uxorem
1183 5376 1254 5413 ne
1303 5359 1505 5425 ducas;
1570 5358 1947 5413 concubinam

247 5464 362 5502 non
392 5448 635 5517 habeas;
667 5450 1021 5504 adulterium
1059 5465 1132 5504 ne
1162 5447 1357 5513 facias,
1411 5448 1628 5518 absque
1659 5463 1759 5517 spe
1814 5464 1947 5502 con-

239 5536 391 5607 jugii
422 5543 702 5610 perpetuo
727 5555 985 5593 maneas.
1022 5539 1330 5610 Nunquam
1361 5539 1416 5590 te
1447 5536 1597 5612 laves
1617 5536 1679 5590 in
1707 5536 1943 5603 balneo;

2066 3062 2195 3129 post
2220 3057 2688 3127 quinquennium
2718 3059 3010 3126 :observet.

2139 3148 2244 3216 (Ea:
2279 3146 2916 3218 DecretisigEutychiani
2958 3154 3163 3219 papa.)
3215 3151 3294 3203 De
3324 3148 3416 3202 his
3463 3148 3562 3220 qui
3600 3152 3763 3203 trun-

2065 3238 2196 3287 cant
2224 3234 2506 3302 homines,
2552 3238 2640 3291 vel
2677 3237 3247 3292 comburuntdomus
3282 3238 3377 3292 :Si
3420 3238 3546 3309 quis
3593 3253 3763 3291 men-

2066 3324 2303 3377 brorum
2330 3324 2744 3393 truncationes,
2775 3327 2861 3379 vel
2889 3326 3196 3379 domorum
3247 3325 3515 3380 incendia
3544 3326 3759 3394 fecerit,

2066 3411 2183 3464 sive
2238 3412 2422 3465 facere
2461 3414 2699 3483 jusserit
2743 3419 2844 3468 aut
2888 3414 3119 3468 facienti
3179 3416 3551 3480 consenserit,
3613 3431 3759 3485 quo-

2064 3515 2248 3568 usque
2305 3500 2494 3554 dehis
2548 3502 2859 3572 unicuique
2910 3502 3172 3571 legaliter
3226 3504 3313 3555 vel
3382 3504 3763 3558 amicabiliter

2063 3602 2255 3639 coram
2278 3587 2541 3659 episcopo
2598 3589 2840 3643 civitatis
2887 3589 3129 3659 aliisque
3186 3590 3407 3643 civibus
3453 3607 3569 3644 non
3600 3608 3761 3644 com-

2063 3674 2440 3742 mendaverit,
2485 3676 2555 3730 ab
2602 3676 2837 3730 ecclesia
2866 3693 2924 3729 se
2976 3677 3262 3746 privatum
3313 3683 3634 3747 cognoscat.
3684 3678 3761 3748 [Si

2061 3778 2195 3815 vero
2239 3765 2549 3817 secundam
2578 3768 2633 3817 et
2662 3764 2887 3818 tertiam
2938 3764 3403 3830 conventionem,
3456 3764 3513 3818 in
3547 3764 3761 3834 quibus

2062 3850 2344 3921 arguitur,
2406 3869 2520 3907 non
2578 3852 2988 3919 emendaverit,
3046 3857 3319 3923 tanquam
3374 3853 3636 3907 ethnicus
3704 3858 3761 3907 et

2061 3939 2399 4010 publicanus
2451 3941 2523 3996 ab
2562 3941 2721 3995 omni
2778 3940 3235 3996 Christianorum
3293 3942 3533 4012 coliegio
3589 3958 3759 4012 sepa-

2063 4033 2241 4081 retur.

2134 4119 2243 4184 (Ea:
2270 4118 2475 4171 Decret.
2509 4116 2750 4185 ejusdem
2790 4132 2970 4186 papae,
3012 4133 3133 4185 cap.
3178 4117 3289 4179 26.)
3346 4118 3505 4182 Quod
3560 4118 3756 4189 perju-

2062 4205 2215 4259 rium
2246 4205 2485 4277 reliquis
2505 4206 2843 4261 criminibus
2868 4212 3130 4277 aequetur
3160 4225 3171 4261 :
3202 4206 3633 4261 Prardicandum
3673 4213 3760 4261 est

2062 4300 2127 4348 ut
2157 4293 2358 4348 ﬁdeles
2386 4294 2710 4365 perjurium
2740 4300 2974 4349 caveant
3005 4312 3018 4349 :
3052 4300 3107 4349 et
3137 4296 3206 4349 ab
3234 4296 3343 4350 hoc
3389 4312 3757 4367 summopere

2061 4381 2410 4449 abstineant,
2444 4383 2687 4436 scientes
2716 4383 2825 4437 hoc
2871 4384 3087 4454 grande
3118 4384 3300 4439 scelus
3345 4400 3485 4452 esse,
3518 4384 3576 4437 in
3606 4384 3754 4454 lege,

2061 4475 2116 4525 et
2136 4470 2454 4542 prophetis,
2485 4475 2542 4525 et
2584 4471 2644 4525 in
2671 4472 2976 4543 Evangelia
3003 4472 3378 4543 prohibitum.
3420 4472 3757 4526 Audivimus

2060 4565 2254 4614 autem
2287 4560 2560 4633 quosdam
2587 4560 3001 4632 parvipendere
3036 4562 3145 4615 hoc
3200 4563 3401 4629 scelus,
3458 4566 3515 4615 et
3570 4563 3755 4615 levem

2060 4649 2490 4720 quodammodo
2517 4650 2765 4720 perjuris
2780 4651 3017 4704 modum
3049 4649 3401 4720 pmnitentim
3432 4650 3752 4720 imponere.

2059 4738 2167 4803 Qui
2188 4737 2362 4793 etiam
2393 4738 2565 4791 talem
2595 4738 2663 4791 de
2685 4738 2941 4807 perjurio
2998 4738 3393 4809 paenitentiam
3452 4738 3754 4808 imponere

2060 4827 2353 4893 deberent,
2389 4827 2619 4896 qualem
2650 4830 2706 4878 et
2746 4825 2815 4878 de
2871 4825 3173 4893 adulterio,
3229 4825 3298 4879 de
3345 4825 3752 4891 fornicatione,

2059 4914 2369 4969 homicidio
2401 4917 2601 4983 sponte
2632 4912 2937 4966 commisso
2996 4918 3050 4967 et
3090 4912 3159 4968 de
3212 4914 3435 4968 caeteris
3483 4914 3753 4968 crimina-

2058 5003 2213 5057 libus
2234 5002 2405 5056 vitiis.
2430 5001 2488 5056 Si
2517 5000 2643 5072 quis
2686 5006 3013 5072 perpetrato
3057 5002 3313 5072 perjurio
3354 5006 3452 5056 aut
3500 5002 3755 5073 quolibet

2057 5090 2341 5145 criminali
2369 5094 2618 5160 peccato,
2679 5090 2887 5142 timens
2935 5089 3339 5160 pmnitentiam
3402 5092 3652 5161 longam,
3682 5092 3753 5146 ad

2058 5180 2477 5234 confessionem
2508 5178 2701 5232 venire
2734 5179 3003 5246 noluerit,
3052 5178 3121 5232 ab
3176 5178 3414 5233 ecclesia
3461 5179 3754 5249 repellen-

2058 5269 2164 5324 dus
2195 5272 2298 5335 est,
2338 5268 2453 5321 sive
2495 5284 2527 5320 a
2556 5267 2960 5321 communione
2992 5270 3048 5320 et
3101 5268 3388 5321 consortio
3445 5268 3702 5322 ﬁdelium
3735 5284 3749 5321 :

2057 5363 2121 5413 ut
2146 5357 2339 5413 nullus
2365 5373 2493 5411 cum
2517 5372 2584 5409 eo
2620 5356 2900 5421 comedat,
2932 5372 3119 5425 neque
3146 5355 3326 5423 bibat,
3382 5372 3571 5428 neque
3602 5362 3747 5423 oret,

2057 5463 2245 5517 neque
2276 5446 2336 5500 in
2362 5462 2464 5499 sua
2492 5444 2661 5499 domo
2693 5459 2825 5498 eum
2855 5443 3128 5514 [recipiat

2128 5535 2236 5605 (Ea:
2298 5535 2538 5588 Decretis
2602 5534 2813 5599 Pelagii
2865 5547 3023 5601 papa
3073 5531 3197 5603 XI.)
3257 5533 3334 5587 De
3382 5533 3582 5587 eadem
3636 5546 3747 5585 re:
