4010 6194
274 287 408 340 1083

1077 286 1425 344 APPENDIX
1463 289 1553 343 AD
1592 288 2100 346 BURCHARDUM.
2141 320 2209 331 —
2248 291 2561 346 STATUTA
2599 287 2955 347 CANONUM.

3653 300 3667 348 l
3681 297 3784 347 084

265 413 324 470 Si
355 414 484 485 quis
511 418 693 468 semet
735 413 1134 485 perjuraverit,
1167 419 1224 469 et
1276 415 1418 469 alios
1447 415 1629 468 sciens
1663 415 1723 468 in
1765 415 1958 486 perju-
1998 417 2045 469 A
2077 432 2234 480 meo;
2298 431 2402 469 nec
2470 413 2792 485 perjurahis
2839 429 3051 468 nomen
3121 416 3350 470 Domini
3383 416 3486 471 Dei
3519 418 3605 470 tui
3641 434 3653 470 :
3689 434 3793 487 ego

268 502 422 558 rium
449 503 694 571 duxerit,
729 503 797 557 40
843 503 965 558 dies
1021 503 1081 557 in
1115 519 1260 574 pane
1319 508 1374 558 et
1423 520 1592 574 aqua,
1651 509 1707 558 et
1752 511 1972 577 septem

269 595 577 662 sequentes
607 607 787 646 annos
820 591 1114 663 poeniteat,
1162 595 1218 645 et
1265 607 1563 663 nunquam
1618 592 1742 648 sine
1795 595 1972 665 paeni-

268 679 452 734 tentia
486 680 576 734 sit.
609 682 673 735 Et
711 680 828 748 alii,
864 680 912 732 si
943 679 1155 733 conscii
1194 680 1439 748 fuerant,
1496 681 1764 736 similiter
1795 684 1972 752 poeni-

267 771 447 824 teant.
483 768 578 823 Sin
607 773 799 822 autem
842 767 1080 838 singuli,
1125 772 1186 822 ut
1228 769 1550 838 perjurium
1601 786 1715 824 non
1769 776 1970 842 sponte

272 856 667 922 commissum,
711 856 1048 926 poeniteant.

344 947 451 1012 (Ea:
479 947 716 999 Decretis
752 946 839 999 Pii
866 960 1042 1014 papae,
1101 959 1221 1014 cap.
1253 946 1327 1016 ‘2.)
1386 945 1442 1000 Si
1501 946 1630 1017 quis
1670 964 1704 1001 a
1736 947 1970 1002 domino

272 1050 373 1088 suo
405 1038 628 1086 coactus
658 1049 717 1094 se
753 1033 1031 1104 perjurat,
1088 1033 1320 1106 utrique
1377 1039 1514 1089 sunt
1571 1037 1808 1107 perjuri.
1863 1036 1972 1102 Qui

272 1121 600 1191 compulsus
631 1137 663 1175 a
693 1121 925 1176 domino
960 1123 1218 1194 perjurat
1247 1141 1305 1177 se
1334 1123 1536 1192 sciens,
1572 1125 1806 1197 utrique
1838 1131 1973 1180 sunt

270 1209 514 1281 perjuri,
546 1215 602 1264 et
642 1210 934 1278 dominus,
971 1217 1026 1266 et
1051 1212 1215 1266 miles
1249 1230 1261 1266 :
1313 1213 1605 1281 dominus,
1651 1215 1787 1285 quia
1819 1231 1968 1286 prae-

268 1299 446 1369 cepit;
519 1299 702 1366 miles,
759 1299 894 1370 quia
944 1301 1246 1355 dominum
1305 1303 1435 1373 plus
1501 1319 1673 1373 quam
1715 1304 1969 1357 animam

271 1387 486 1442 dilexit.
515 1387 571 1442 Si
601 1388 747 1442 liber
775 1394 878 1456 est,
913 1390 982 1444 40
1027 1390 1147 1444 dies
1197 1390 1253 1443 in
1307 1407 1454 1461 pane
1500 1396 1556 1445 et
1589 1409 1740 1464 aqua
1787 1392 1966 1463 paeni-

269 1481 405 1544 teat,
439 1483 496 1530 et
522 1481 552 1530 7
584 1484 888 1548 sequentes
918 1494 1114 1532 annos.
1163 1479 1220 1533 Si
1273 1495 1468 1533 servus
1499 1485 1601 1548 est,
1663 1486 1776 1534 tres
1835 1497 1972 1552 qua-

271 1564 624 1636 dragesimae
655 1573 712 1620 et
733 1566 1016 1636 legitimas
1048 1567 1216 1621 ferias
1249 1568 1539 1637 poeniteat.

2087 504 2380 560 Dominus.
2407 504 2615 558 Malum
2648 508 2863 568 tamen,
2921 503 3074 574 quod
3130 503 3415 558 facturum
3477 522 3538 558 se
3608 521 3794 559 sacra-

2081 597 2274 646 mento
2305 592 2630 656 devoverat,
2693 591 2932 646 omnino
2989 607 3108 646 non
3162 592 3367 660 faciat;
3421 594 3564 664 quia
3621 594 3792 648 stulta

2083 686 2213 736 vota
2243 685 2374 735 sunt
2392 680 2738 751 frangenda.

2153 771 2226 838 (S.
2253 769 2537 840 Isidorus.)
2589 769 2746 834 Quod
2780 769 2930 823 Deus
2989 768 3069 822 ita
3115 769 3321 822 habeat
3362 770 3790 838 juramentum,

2079 863 2143 912 ut
2165 858 2282 919 ille,
2315 859 2406 913 cui
2429 859 2662 929 juratur
2692 873 2706 912 :
2735 857 3087 928 Quacunque
3111 856 3250 925 {arte
3307 858 3625 912 verborum
3663 860 3789 928 quis

2074 947 2248 1018 juret,
2289 949 2434 1000 Deus
2484 951 2700 1014 tamen,
2760 946 2861 1017 qui
2927 945 3288 1000 conscientia
3345 947 3512 1000 testis
3564 953 3674 1013 est,
3718 948 3787 1000 ita

2077 1037 2184 1090 hoc
2215 1036 2435 1107 accipit,
2465 1035 2611 1090 sicut
2643 1036 2738 1089 ille
2777 1035 2869 1089 cui
2903 1035 3168 1105 juratur;
3227 1035 3544 1106 dupliciter
3596 1041 3787 1090 autem

2081 1140 2210 1178 reus
2241 1125 2368 1190 erit,
2405 1124 2539 1195 quia
2571 1129 2626 1178 et
2659 1124 2757 1177 Dei
2789 1139 3003 1177 nomen
3043 1123 3104 1176 in
3157 1140 3370 1178 vanum
3430 1125 3702 1191 assumit,
3737 1131 3790 1178 et

2077 1213 2411 1284 proximum
2441 1211 2572 1266 dolo
2606 1212 2772 1281 capit.

2151 1301 2269 1373 (Er
2301 1303 2490 1356 concil.
2539 1302 2856 1369 Aureliam,
2914 1317 3032 1370 cap.
3099 1301 3202 1370 l0.)
3250 1301 3368 1354 Nisi
3431 1317 3542 1370 pro
3607 1317 3783 1370 pace:

2081 1391 2144 1444 Et
2171 1391 2278 1445 hoc
2331 1394 2526 1444 sancta
2581 1389 2832 1461 synodus
2885 1389 3149 1455 decrevit,
3217 1389 3328 1442 nisi
3377 1405 3485 1460 pro
3545 1406 3687 1460 pace
3717 1391 3790 1442 fa-

2077 1480 2296 1546 cienda,
2334 1484 2398 1533 ut
2454 1494 2654 1532 omnes
2695 1477 2892 1532 ﬁdeles
2939 1477 3126 1548 jejuni
3157 1477 3226 1531 ad
3271 1484 3647 1532 sacramenta
3701 1494 3787 1530 ac-

2079 1569 2304 1622 cedant.

342 1652 451 1723 (Ea:
486 1654 728 1707 Decretis
757 1655 957 1709 Soteris
996 1655 1192 1724 papa.)
1243 1656 1320 1708 De
1371 1655 1614 1709 incautis
1665 1655 1966 1726 juramen—
2008 1697 2050 1753 Β
2153 1658 2257 1728 (Ea;
2288 1656 2475 1712 concil.
2507 1656 2830 1724 Aureliam,
2865 1671 2985 1725 cap.
3021 1655 3098 1725 ‘2.)
3131 1653 3476 1708 Juramenta
3538 1654 3650 1709 ﬁlii
3699 1661 3795 1709 aut

273 1741 348 1796 tis
377 1757 497 1795 non
528 1741 895 1796 observandis
932 1757 944 1795 :
973 1742 1031 1797 Si
1061 1742 1278 1814 aliquid
1337 1743 1481 1797 forte
1524 1760 1629 1798 nos
1685 1745 1969 1799 incautius

265 1830 490 1900 jurasse
523 1829 851 1900 contigerit,
891 1831 1043 1902 quod
1076 1831 1457 1902 observatum,
1486 1833 1743 1903 pejorem
1776 1840 1972 1905 vergat

271 1918 332 1972 in
364 1919 576 1972 exitum
615 1935 627 1972 :
656 1918 820 1986 illud,
849 1919 1086 1973 consilio
1117 1919 1434 1974 salubriore
1478 1920 1814 1975 mutandum
1865 1939 1968 1976 no-

275 2006 547 2073 verimus,
609 2024 672 2061 ac
730 2008 912 2078 magis
980 2008 1226 2062 instante
1278 2009 1613 2064 necessitate
1671 2011 1967 2082 perjuran-

273 2095 411 2150 dum
439 2095 606 2149 nobis
638 2112 811 2166 quam
842 2101 1062 2151 servato
1087 2098 1436 2168 juramento,
1469 2099 1530 2152 in
1561 2099 1719 2154 aliud
1749 2099 1968 2156 crimen

270 2183 458 2252 majus
497 2182 934 2238 divertendum.’

343 2270 422 2341 (S.
457 2271 706 2326 Ambros.
739 2275 799 2326 in
824 2273 918 2327 lib.
956 2289 1018 2327 ιιι
1053 2273 1134 2327 De
1172 2273 1346 2346 of/ic.)
1386 2277 1464 2330 De
1515 2275 1714 2329 eodem
1750 2292 1762 2330 :
1808 2277 1967 2348 Saepe

272 2359 533 2430 plerique
560 2361 961 2432 constringunt
990 2379 1048 2415 se
1099 2362 1481 2434 jurisjurandi
1534 2365 1843 2436 religione;
1889 2371 1965 2434 et,

272 2461 404 2501 cum
435 2447 543 2517 ipsi
575 2450 963 2519 cognoverint,
996 2452 1453 2521 promittendum
1503 2470 1621 2508 non
1665 2455 1840 2508 fuisse
1888 2471 1971 2509 sa-

276 2537 553 2589 cramenti
578 2542 770 2591 tamen
823 2541 1310 2609 contemplatione
1364 2542 1573 2596 faciant
1629 2544 1786 2613 quod
1841 2559 1970 2614 spo-

273 2624 630 2694 ponderunt;
663 2625 810 2681 sicut
858 2628 926 2682 de
979 2629 1199 2683 Herode
1230 2646 1403 2700 supra
1463 2631 1814 2702 scripsimus,
1869 2631 1969 2702 qui

275 2712 551 2767 saltatrici
578 2715 884 2785 praemium
913 2716 1162 2787 turpiter
1186 2719 1472 2788 promisit,
1515 2719 1825 2774 crudeliter
1855 2721 1966 2774 sol-

272 2801 393 2855 vit:
427 2805 613 2872 turpe,
648 2803 803 2873 quod
837 2819 1081 2874 regnum
1111 2822 1218 2876 pro
1241 2807 1543 2861 saltatione
1577 2808 1964 2878 promittitur;

273 2890 527 2957 crudele,
563 2892 716 2962 quod
750 2909 906 2947 mors
934 2894 1236 2964 prophetm
1283 2912 1388 2965 pro
1422 2896 1801 2968 jurisjurandi
1839 2897 1967 2950 reli-

2080 1746 2216 1800 ﬁlia:
2276 1744 2566 1799 nesciente
2623 1740 2806 1813 patre,
2864 1749 2920 1796 et
2983 1748 3110 1796 vota
3166 1742 3438 1796 monachi
3498 1743 3792 1798 nesciente

2080 1836 2306 1899 abbate,
2335 1839 2389 1888 et
2413 1834 2743 1904 juramenta
2771 1832 2958 1902 pueri,
2993 1831 3150 1886 irrita
3181 1837 3332 1886 sunt.

2153 1925 2230 1979 De
2264 1923 2438 1976 irritis
2464 1920 2824 1993 'juramentis
2859 1937 2871 1975 :
2930 1921 3000 1974 Ut
3048 1920 3216 1990 pueri
3252 1924 3388 1993 ante
3434 1919 3790 1990 quatuor-de-

2079 2011 2190 2064 cim
2223 2026 2402 2064 annos
2425 2026 2540 2063 non
2567 2013 2844 2080 cogantur
2866 2009 3081 2079 jurare.
3120 2007 3226 2074 Qui
3261 2008 3559 2078 acceperit
3619 2010 3790 2062 sacri-

2080 2095 2274 2149 ficium
2302 2100 2429 2164 post
2475 2095 2666 2148 cibum
2726 2097 2824 2147 aut
2878 2099 3007 2164 post
3063 2094 3317 2164 aliquam
3386 2093 3792 2164 parvissimam

2079 2183 2562 2254 degustationem,
2597 2183 2707 2236 nisi
2739 2198 2844 2252 pro
2875 2181 3075 2235 viatico
3104 2199 3121 2236 :
3153 2182 3324 2252 pueri
3363 2186 3487 2236 tres
3520 2182 3648 2236 dies
3678 2199 3788 2236 ma-

2072 2272 2229 2344 jores
2263 2278 2313 2336 7,
2343 2271 2535 2326 clerici
2573 2273 2663 2335 20,
2696 2271 2818 2325 dies
2858 2270 3190 2340 pmniteant.

2147 2362 2272 2431 (Ea:
2302 2361 2499 2415 decret.
2527 2361 2760 2417 Cornelii
2785 2375 2964 2428 papa,
2991 2361 3166 2428 capite
3195 2361 3272 2424 5.)
3306 2359 3366 2413 Si
3419 2359 3556 2429 quis
3601 2359 3789 2429 {dede-

2079 2448 2150 2503 rit
2179 2451 2261 2502 vel
2295 2449 2577 2519 acceperit
2597 2447 3068 2501 communionem
3098 2447 3165 2500 de
3202 2463 3378 2500 manu
3423 2447 3706 2511 hwretici,
3739 2453 3794 2501 et

2078 2539 2258 2592 nescit
2287 2539 2437 2609 quad
2462 2538 2743 2591 catholica
2779 2537 3024 2590 Ecclesia
3057 2537 3424 2602 contradicit,
3450 2543 3658 2606 postea
3687 2539 3792 2603 fin-

2076 2627 2360 2697 telligens.
2391 2625 2918 2694 annumintegrum
2950 2624 3242 2694 pceniteat.
3275 2623 3334 2679 Si
3363 2631 3565 2680 autem
3598 2625 3704 2679 scit
3735 2632 3789 2679 et

2077 2715 2414 2786 neglexerit,
2449 2719 2505 2768 et
2533 2720 2736 2785 postea
2765 2712 3159 2784 paenitentiam
3213 2713 3418 2783 egerit,
3478 2718 3546 2768 10
3611 2731 3794 2768 annos

2078 2805 2369 2875 pceniteat.
2403 2804 2515 2860 Alii
2538 2804 2803 2873 judicant
2831 2805 2882 2868 7,
2916 2807 2973 2855 et
3004 2801 3316 2854 humanius
3349 2805 3381 2855 5
3415 2818 3626 2855 annos.
3677 2803 3793 2868 (E1!

2083 2895 2292 2948 Decret.
2328 2894 2663 2962 Eutychiani
2691 2907 2868 2960 papae,
2891 2891 3070 2958 capite
3099 2889 3178 2958 2.)
3231 2890 3288 2943 Si
3333 2891 3468 2961 quis
3514 2891 3793 2961 permise-

273 2980 446 3051 gione
495 2980 762 3034 donatur.
819 2981 1042 3045 Quanto
1100 2983 1455 3038 tolerabilius
1503 2989 1654 3038 esset
1705 2987 1816 3039 tale
1845 3003 1972 3056 per-
2007 2981 2046 3036 C
2081 2981 2153 3034 rit
2208 2982 2539 3035 haareticum
2595 2980 2825 3034 missam
2874 2993 3032 3031 suam
3093 2978 3386 3032 celebrare
3436 2979 3499 3032 in
3557 2979 3794 3033 ecclesia

264 3067 487 3138 jurium
520 3075 900 3123 sacramento.
930 3071 998 3122 Et
1029 3074 1158 3140 post
1187 3087 1370 3141 pauca
1402 3093 1414 3127 :
1452 3074 1578 3127 Non
1629 3073 1806 3144 igitur
1843 3091 1972 3128 om-

282 3154 379 3208 nia
409 3155 690 3224 promissa
709 3157 984 3210 solvenda
1007 3162 1157 3212 sunt.

349 3244 460 3313 (Em
492 3246 714 3298 concilio
744 3246 1110 3315 Nivemensi.)
1152 3247 1230 3300 De
1270 3263 1383 3301 non
1433 3249 1723 3302 servandis
1771 3249 1971 3305 incau-

275 3330 348 3384 tis
365 3331 753 3401 juramentis:
806 3331 1081 3387 Difﬁnitio
1129 3333 1379 3401 incauta,
1437 3335 1806 3392 laudabiliter
1858 3339 1970 3392 sol-

274 3419 491 3488 venda;
523 3435 626 3474 nec
657 3425 742 3475 est
784 3422 1202 3492 praevaricatio,
1245 3424 1343 3479 sed
1383 3425 1724 3480 temeritatis
1774 3443 1970 3481 emen-

282 3507 456 3563 datio.

344 3597 457 3666 (Ea:
489 3599 718 3666 Gregor.
741 3615 915 3670 papa,
950 3602 1009 3655 in
1034 3604 1148 3658 suis
1187 3602 1535 3674 Moralibus.)
1591 3603 1748 3667 Quod
1795 3605 1974 3658 satius

274 3686 348 3740 sit
413 3688 711 3757 perjurare
765 3705 941 3760 quam
982 3689 1245 3760 juratum
1297 3691 1455 3746 nefas
1513 3691 1776 3762 implere,
1841 3708 1970 3746 cum

275 3791 436 3830 mens
467 3776 621 3831 inter
657 3777 888 3834 minora
926 3785 982 3833 et
1035 3781 1282 3835 maxima
1339 3785 1572 3851 peccata
1626 3781 1970 3853 constringi-

275 3868 367 3919 tur
397 3881 409 3919 :
447 3865 491 3918 si
527 3866 764 3920 omnino
791 3867 986 3921 nullus
1021 3868 1144 3922 sine
1173 3873 1404 3938 peccato
1453 3869 1733 3924 evadendi
1785 3871 1972 3925 aditus

275 3958 454 4024 patet,
491 3953 715 4009 minora
744 3971 973 4025 semper
1001 3956 1316 4028 eligantur;
1368 3957 1505 4030 quia
1533 3963 1590 4012 et
1618 3958 1714 4028 qui
1776 3976 1970 4013 muro-

279 4059 405 4096 rum
439 4043 680 4113 ambitu,
723 4060 795 4098 ne
839 4044 1042 4115 fugiat,
1089 4046 1390 4111 clauditur,
1432 4047 1514 4100 ibi
1567 4063 1625 4101 se
1667 4047 1724 4101 in
1771 4048 1969 4119 fugam

277 4130 617 4201 praecipitat,
651 4132 750 4185 ubi
777 4132 1005 4186 brevior
1035 4149 1234 4188 murus
1264 4135 1575 4190 invenitur.

2081 3071 2357 3124 catholica
2388 3075 2445 3124 et
2474 3069 2674 3136 nescit,
2726 3067 2793 3122 40
2823 3066 2943 3122 dies
2978 3065 3281 3135 poeniteat;
3335 3067 3404 3134 si,
3467 3085 3578 3138 pro
3648 3084 3794 3120 neve-

2079 3160 2264 3214 rentia
2293 3159 2436 3230 ejus,
2471 3171 2688 3212 annum
2713 3157 3003 3226 integrum
3035 3154 3342 3224 paeniteat:
3403 3157 3449 3210 si
3493 3173 3602 3228 pro
3633 3157 3789 3210 dam-

2080 3249 2311 3301 natione
2339 3247 2600 3301 Ecclesiaa
2649 3244 2942 3300 catholicas
2992 3248 3046 3296 et
3094 3246 3523 3299 consuetudine
3587 3246 3791 3299 Roma-

2080 3352 2310 3390 norum.
2345 3335 2678 3407 projiciatur
2708 3334 2778 3388 ab
2804 3331 3045 3387 Ecclesia
3075 3331 3223 3386 sicut
3267 3334 3603 3397 haereticus,
3654 3333 3786 3396 nisi,

2077 3423 2285 3477 habeat
2309 3422 2724 3494 pcenitentiam.
2759 3421 2816 3476 Si
2858 3420 3155 3474 recesserit
3183 3421 3254 3475 ab
3302 3422 3555 3476 Ecclesia
3595 3421 3790 3474 catho-

2080 3511 2187 3566 lica
2214 3513 2273 3566 in
2305 3511 2812 3582 congregationem
2835 3509 3256 3568 hereticorum.
3291 3515 3348 3563 et
3381 3511 3528 3563 alios
3549 3524 3787 3580 persua-

2079 3601 2238 3664 serit,
2270 3603 2471 3672 p'ostea
2501 3599 2898 3670 paenitentiam
2920 3597 3124 3667 egerit,
3163 3601 3227 3652 l2
3251 3615 3436 3652 annos
3491 3598 3788 3669 pceniteat,

2079 3692 2315 3745 3annos
2367 3695 2526 3744 extra
2576 3689 2896 3758 ecclesiam,
2928 3694 2985 3742 et
3039 3688 3070 3739 6
3142 3687 3294 3741 inter
3351 3687 3677 3751 audientes,
3730 3690 3789 3738 et

2079 3777 2221 3832 duos
2254 3779 2440 3833 adhuc
2469 3783 2628 3832 extra
2652 3779 3138 3834 communionem.
3177 3779 3252 3830 De
3283 3775 3395 3842 his,
3444 3776 3508 3828 in
3573 3789 3788 3828 canone

2079 3867 2304 3935 dicitur,
2356 3872 2418 3922 ut
2473 3866 2695 3921 decimo
2744 3883 2895 3921 anno
2941 3865 3414 3922 communionem
3476 3865 3604 3918 sine
3634 3862 3789 3916 obla-

2077 3955 2230 4010 tione
2271 3955 2569 4025 recipiant.
2621 3953 2677 4010 Si
2730 3956 3059 4026 episeopus,
3122 3960 3220 4009 aut
3271 3953 3448 4007 abbas
3504 3949 3789 4006 monacho

2079 4061 2182 4099 suo
2206 4046 2373 4116 jubet
2412 4051 2468 4099 et
2503 4061 2609 4115 pro
2660 4043 2945 4099 heareticis
3004 4044 3250 4099 mortuis
3307 4041 3517 4096 missas
3579 4041 3781 4102 facere,

2078 4149 2194 4188 non
2228 4133 2358 4188 licet
2414 4139 2472 4186 et
2525 4149 2643 4187 non
2692 4133 2922 4204 expedit
2953 4134 3186 4188 obedire
3217 4132 3316 4185 eis.
3354 4130 3415 4185 Si
3445 4129 3789 4200 presbytero

346 4219 424 4289 (S.
462 4220 761 4291 Isidorus.)
795 4222 873 4275 De
930 4221 1125 4275 eadem
1147 4239 1250 4277 re:
1316 4224 1438 4278 Non
1493 4229 1579 4278 est
1625 4241 1967 4280 conservan-
2012 4259 2052 4313 ι)
2083 4222 2387 4292 contigerit
2408 4222 2509 4276 ubi
2549 4221 2780 4275 missam
2819 4222 3154 4287 cantavcrit,
3205 4224 3263 4274 et
3300 4219 3448 4272 alius
3507 4217 3794 4270 recitave-

278 4307 416 4362 dum
450 4314 896 4376 sacramentum,
935 4327 1050 4381 quo
1080 4312 1297 4366 malum
1336 4311 1562 4368 incaute
1592 4314 1968 4384 promittitur.

278 4396 483 4461 Veluti,
533 4397 580 4450 si
647 4397 954 4467 quisquam
1012 4399 1284 4454 adulterae
1342 4407 1679 4472 perpetuam
1736 4419 1864 4456 cum
1907 4419 1973 4456 ea

276 4483 659 4553 permanendi
684 4485 856 4539 ﬁdem
897 4486 1252 4556 polliceatur.
1300 4489 1668 4544 Tolerabibus
1703 4495 1787 4544 est
1816 4491 1972 4545 enim

277 4588 394 4626 non
464 4571 706 4643 implere
762 4581 1204 4644 sacramentum,
1278 4593 1451 4648 quam
1517 4595 1854 4647 permanere
1911 4579 1972 4634 in

276 4661 461 4731 stupri
491 4659 729 4733 ﬂagitio.

349 4749 508 4816 (Item
538 4749 789 4806 Isidorus
828 4753 889 4805 in
935 4753 1170 4808 Sentenl.
1226 4751 1387 4822 suis.)
1442 4753 1632 4806 Item:
1690 4753 1757 4807 In
1803 4752 1972 4807 malis

277 4836 576 4907 promissis
633 4840 889 4894 rescinde
950 4841 1144 4895 ﬁdem.
1197 4842 1262 4895 In
1317 4841 1467 4912 turpi
1521 4846 1650 4895 voto
1704 4858 1856 4908 cave,
1914 4847 1975 4896 ut

277 4924 594 4995 decretum,
628 4928 784 4998 quod
838 4929 1068 4983 incaute
1110 4929 1331 4996 vovisti,
1397 4946 1511 4984 non
1560 4929 1750 4985 facias.
1788 4929 1972 5002 Impia

279 5017 364 5066 est
394 5015 700 5083 promissio
731 5033 859 5086 quae
891 5018 1101 5071 scelere
1128 5017 1497 5087 adimpletur.

350 5101 458 5172 (Ea:
489 5105 710 5159 concilio
745 5106 1038 5177 Toletano.)
1080 5107 1317 5160 Necesse
1357 5111 1442 5161 est
1469 5113 1534 5160 ut
1579 5107 1727 5161 male
1769 5107 1972 5177 jurans

279 5188 517 5259 dignam
549 5193 946 5263 paenitentiam
979 5199 1131 5265 agat,
1164 5210 1231 5248 eo
1263 5194 1410 5264 quod
1447 5210 1661 5248 nomen
1693 5195 1793 5248 Dei
1835 5211 1971 5249 con-

276 5281 366 5331 tra
417 5286 765 5351 praceptum
844 5283 967 5353 ejus
1019 5284 1079 5336 in
1136 5298 1347 5336 vanum
1392 5283 1668 5353 sumpsit;
1721 5283 1858 5353 quia
1913 5283 1971 5336 in

278 5367 466 5422 Exodo
497 5372 771 5440 scriptum
801 5377 888 5427 est
920 5389 932 5427 :
965 5374 1159 5444 Neque
1189 5371 1345 5426 enim
1389 5372 1675 5426 insontem
1737 5372 1974 5426 habebit

280 5456 558 5512 Dominus
585 5475 716 5513 eum
747 5461 848 5531 qui
909 5462 1282 5532 assumpserit
1340 5477 1551 5514 nomen
1609 5460 1707 5515 Dei
1763 5461 1850 5515 sui
1911 5460 1973 5514 in

274 5562 519 5615 vanum;
553 5554 609 5604 et
638 5548 699 5603 in
747 5549 995 5605 Levitico
1028 5551 1193 5605 :Non
1239 5549 1560 5621 perjurabis
1617 5549 1678 5604 in
1733 5548 1972 5604 nomine

2085 4311 2161 4365 rit
2184 4310 2418 4366 nomina
2448 4316 2834 4377 mortuorum,
2865 4315 2923 4364 et
2949 4310 2994 4364 si
3024 4309 3196 4364 simul
3225 4306 3620 4362 nominaverit
3672 4305 3795 4358 ha:-

2084 4400 2285 4454 reticos
2317 4415 2444 4452 cum
2477 4397 2787 4462 catholicis,
2823 4399 2869 4452 si
2922 4404 3051 4469 post
3118 4397 3353 4452 missam
3413 4393 3791 4457 intellexerit,

2082 4487 2499 4542 hebdomadam
2541 4486 2833 4556 pceniteat.
2867 4487 2925 4541 Si
2979 4490 3356 4556 exsequenter
3404 4483 3633 4548 fecerit,
3685 4497 3794 4534 an-

2084 4592 2224 4630 num
2245 4576 2534 4646 integrum
2566 4574 2858 4644 poeniteat.
2892 4575 2946 4630 Si
2971 4574 3099 4646 quis
3139 4589 3243 4643 pro
3277 4576 3462 4626 morte
3532 4569 3796 4623 haeretici

2083 4665 2319 4719 missam
2351 4663 2718 4730 ordinaverit,
2758 4667 2815 4716 et
2861 4679 2969 4732 pro
3018 4661 3296 4732 religione
3336 4674 3440 4712 sua
3498 4658 3628 4727 ejus
3659 4658 3797 4710 reli-

2083 4753 2248 4823 quias
2277 4752 2356 4807 ibi
2397 4752 2664 4818 tenuerit,
2715 4757 2773 4806 et
2817 4752 2996 4806 nescit
3052 4747 3434 4804 differentiam
3493 4746 3794 4800 catholica:

2082 4842 2238 4907 ﬁdei,
2273 4847 2331 4894 et
2367 4845 2564 4910 postea
2591 4840 2940 4894 intellexerit
2969 4839 3199 4909 penitus
3229 4853 3359 4908 qua
3391 4835 3600 4906 egerit,
3663 4833 3795 4886 reli-

2083 4929 2248 4998 quias
2274 4927 2355 4982 ibi
2385 4927 2557 4982 debet
2587 4927 2720 4998 igne
2771 4941 3046 4994 cremare,
3103 4930 3159 4979 et
3207 4939 3426 4978 annum
3486 4923 3794 4993 paeniteat.

2082 5016 2139 5071 Si
2170 5022 2363 5071 autem
2393 5017 2496 5069 scit
2547 5019 2604 5068 et
2641 5015 2984 5084 neglexerit,
3029 5013 3263 5084 penitus
3309 5016 3664 5074 commotus,
3730 5010 3794 5062 10

2084 5122 2263 5160 annos
2295 5104 2583 5176 pceniteat.
2621 5104 2678 5158 Si
2711 5103 2837 5174 quis
2868 5119 2902 5157 a
2961 5103 3070 5158 ﬁde
3130 5101 3413 5156 catholica
3464 5098 3798 5152 discesserit

2083 5194 2204 5247 sine
2237 5195 2353 5248 ulla
2383 5193 2741 5254 necessitate,
2789 5196 2988 5261 postea
3036 5207 3100 5245 ex
3165 5195 3288 5243 toto
3347 5189 3542 5241 animo
3601 5187 3791 5257 pani-

2082 5282 2323 5336 tentiam
2356 5281 2656 5351 acceperit,
2692 5281 2722 5334 3
2753 5296 2938 5333 annos
2969 5284 3123 5333 extra
3153 5276 3449 5330 ecclesiam
3492 5275 3649 5329 inter
3687 5289 3793 5326 au-

2082 5369 2322 5434 dientes,
2375 5369 2539 5440 juxta
2587 5368 2882 5423 Nicaenum
2933 5365 3322 5430 concilium,7
3384 5379 3568 5417 annos
3601 5363 3667 5417 in
3701 5378 3792 5416 ec-

2083 5459 2266 5513 clesiis
2294 5458 2445 5512 inter
2499 5460 2869 5528 pcenitentes,
2925 5462 2981 5511 et
3029 5458 3063 5510 2
3121 5469 3305 5508 annos
3355 5452 3546 5507 adhuc
3631 5456 3790 5506 extra

2082 5547 2552 5603 communionem
2588 5546 2886 5617 paeniteat.
