4010 6194
242 353 379 405 1085

1164 341 1622 399 ADELBOLDUS
1651 343 1987 400 TRAJECT.
2026 370 2068 378 —
2132 339 2408 395 NOTITIA
2442 338 2837 395 IIISTORICA.

3625 343 3759 395 1086

1679 672 1827 710 ANNO
1868 669 2066 709 DOMINI
2106 669 2313 709 MXXVII.

1086 835 2890 1008 ADELBOLDUS

1355 1118 2049 1184 TRAJECTENSIS
2098 1118 2640 1184 EPISCOPUS.

920 1435 1363 1508 NOTITIA
1440 1428 2035 1506 HISTORI'CA
2114 1433 2221 1505 IN
2305 1433 3080 1506 ADELBOLDUM.

424 1585 609 1657 (Apud
642 1587 705 1640 Β.
741 1587 801 1640 Ρ.
836 1584 1108 1638 Bernard.
1144 1581 1398 1648 Pezium,
1435 1583 1752 1636 Dissertatio
1780 1583 2097 1648 insagogica
2132 1584 2190 1634 in
2223 1586 2348 1636 tom.
2383 1584 2465 1636 ΙΙΙ
2497 1582 2762 1636 Thesauri
2794 1581 2997 1635 Anecd.
3042 1582 3267 1643 uoviss.,
3306 1594 3435 1649 pag.
3470 1579 3584 1649 Ill.)

312 1812 680 1878 Adelboldns,
710 1810 891 1865 nobili
921 1825 1132 1881 genere
1163 1813 1345 1877 ortus,
1404 1808 1644 1863 Henrico
1689 1809 1737 1863 ll
1765 1809 1929 1879 imp.,
1973 1814 2013 1865 A
2044 1810 2197 1878 apud
2232 1810 2553 1866 Vedastinos
2582 1816 2631 1865 et
2662 1809 3032 1872 Amandinos,
3080 1824 3186 1862 non
3227 1809 3399 1864 solum
3449 1811 3758 1876 monachos,

237 1906 628 1971 cognomento
658 1900 881 1967 Sancto,
910 1916 944 1952 a
976 1898 1227 1953 consiliis
1255 1898 1510 1968 primum
1562 1897 1688 1952 fuit.
1726 1898 1939 1951 Deinde

238 1990 493 2045 ludibria
524 1990 765 2044 fortuna:
795 2007 858 2043 ac
891 1989 1092 2043 mundi
1122 1988 1434 2041 vanitatem
1494 1989 1645 2058 apud
1677 1987 1938 2041 animum

235 2079 391 2134 serio
414 2084 707 2149 reputans,
740 2078 1016 2133 abdicatis
1059 2076 1432 2148 dignitatibus
1460 2077 1520 2131 in
1572 2076 1941 2131 Benedictino

234 2167 588 2222 monasterio
623 2167 885 2221 Lobiensi
936 2166 1282 2219 monachum
1341 2165 1646 2235 professus.
1698 2166 1780 2219 lbi
1811 2181 1940 2219 cum

236 2255 575 2326 aliquandiu
615 2255 803 2309 studia
831 2254 1061 2324 pietatis
1111 2258 1167 2307 et
1213 2253 1570 2323 optimarum
1616 2254 1940 2308 litterarum

234 2344 529 2408 coluisset,
564 2344 794 2397 tandem
828 2360 977 2397 anno
1013 2344 1148 2397 1008
1186 2342 1450 2396 Ausfrido
1495 2343 1555 2397 in
1612 2343 1942 2414 episcopatu

239 2432 638 2502 Ultrajectensi
694 2432 981 2499 suffectus,
1015 2446 1141 2484 eam
1167 2430 1523 2500 provinciam
1560 2447 1768 2502 magna
1814 2446 1943 2485 cum

234 2522 405 2576 laude
438 2522 612 2590 gessit
642 2536 821 2591 usque
854 2521 923 2573 ad
961 2534 1179 2572 annum
1225 2520 1380 2583 1027,
1429 2535 1541 2589 quo
1591 2520 1683 2574 die
1708 2524 1775 2574 27
1837 2521 1943 2573 No-

236 2609 490 2663 vembris
520 2610 590 2662 ad
627 2612 822 2679 plures
873 2607 1036 2662 abiit.
1084 2608 1214 2660 Haec
1256 2622 1321 2660 ex
1375 2607 1590 2662 Chron.
1654 2608 1939 2677 Ultraject.

230 2697 470 2753 Joannis
490 2697 558 2751 de
592 2696 738 2751 Beka
760 2712 883 2767 cap,
914 2698 974 2749 17
993 2693 1332 2759 Trithemio,
1368 2696 1692 2763 Possevino,
1715 2696 1942 2751 Oudino

236 2785 479 2855 aliisque
541 2785 598 2838 in
638 2801 821 2856 pauca
867 2782 1273 2848 contraximus,
1329 2798 1444 2835 non
1482 2785 1657 2838 nescii
1716 2784 1945 2855 quantis

235 2873 665 2929 difﬁcultatibus
688 2872 940 2927 narratio
971 2872 1093 2925 haec
1122 2869 1311 2925 omnis
1355 2870 1603 2927 obnoxia
1632 2873 1727 2927 si'..
1781 2874 1943 2927 Certe

235 2963 568 3033 Sigebertus
620 2964 697 3017 De
751 2960 1121 3031 scriptoribus
1183 2959 1406 3025 eccles.,
1456 2976 1580 3031 cap.
1640 2964 1761 3028 138,
1821 2962 1944 3015 haec

236 3056 463 3105 tantum
491 3051 557 3105 de
595 3050 909 3104 Adelboldo
960 3046 1178 3101 habet:
1228 3046 1582 3114 Adelboldus,
1632 3066 1699 3103 ea:
1752 3051 1941 3105 clerico

236 3140 492 3194 Lobiensi
546 3142 826 3209 episcopus
870 3136 1294 3204 Ultrajectensis,
1353 3139 1576 3206 scripsit
1632 3141 1812 3193 Vitam
1855 3154 1938 3192 se-

237 3228 407 3283 cundi
448 3230 667 3282 Henrici
720 3226 1085 3295 imperatoris,
1128 3228 1177 3277 et
1224 3225 1279 3277 in
1334 3228 1566 3294 utraque
1621 3228 1940 3281 litteratura

234 3318 408 3387 plura
450 3320 539 3371 sui
592 3319 935 3371 monumenta
979 3314 1205 3382 reliquit
1248 3317 1498 3381 posteris.
1555 3317 1660 3370 Ubi
1708 3316 1779 3370 ad
1841 3315 1942 3369 illa

240 3406 412 3459 verba
447 3422 460 3459 :
498 3423 565 3460 ea:
593 3407 781 3460 clerico
799 3403 1053 3459 Lobiensi
1073 3402 1180 3455 hoc
1218 3405 1399 3455 exstat
1439 3404 1699 3458 scholion
1730 3402 1942 3459 eruditi

237 3493 479 3547 Auberti
511 3493 682 3548 Miraei
714 3510 726 3547 :
760 3490 1092 3547 Adelboldus
1145 3491 1329 3557 itaque
1385 3496 1510 3545 ante
1563 3495 1943 3562 episcopatum

239 3597 349 3636 non
377 3583 663 3635 monachus
690 3581 784 3636 sed
803 3581 1025 3635 clericus
1044 3578 1321 3634 Lobiensis
1367 3582 1501 3646 fuit.
1525 3582 1727 3637 Notant
1758 3587 1944 3635 autem

242 3672 596 3737 antiquitatis
652 3670 1021 3725 ecclesiasticae
1069 3668 1323 3735 studiosi,
1383 3671 1514 3725 olim
1572 3672 1750 3739 Lobii,
1796 3676 1857 3726 ut
1889 3673 1939 3724 et

2051 1899 2148 1953 sed
2180 1904 2229 1952 et
2258 1900 2475 1953 clericos
2496 1899 2776 1954 resedisse.
2805 1900 3141 1953 Clericorum
3169 1903 3307 1952 certe
3335 1914 3427 1953 seu
3478 1902 3763 1953 canonico-

2049 2004 2173 2043 rum
2200 1990 2542 2043 Lobiensium
2574 1990 2858 2056 collegium
2886 1990 2944 2041 in
3001 1989 3065 2043 S.
3104 1990 3321 2042 Usmari
3351 1990 3565 2057 templo,
3614 1987 3763 2056 quod

2050 2093 2192 2131 nunc
2249 2082 2326 2132 est
2386 2077 2728 2145 Parochiale,
2777 2076 2954 2130 sedem
3011 2090 3167 2129 suam
3226 2076 3417 2131 habuit
3472 2091 3641 2145 usque
3687 2075 3764 2129 ad

2051 2182 2255 2220 annum
2285 2167 2504 2220 Christi
2531 2166 2877 2219 millesimum
2909 2164 3500 2232 quadringentesimum
3537 2179 3757 2231 nonum,

2051 2255 2196 2323 quod
2224 2255 2351 2308 inde
2387 2256 2654 2322 migravit
2691 2254 2997 2321 Binchium,
3041 2253 3185 2321 quod
3213 2258 3291 2307 est
3344 2254 3641 2307 Harmoniae
3670 2267 3763 2321 op-

2045 2346 2243 2415 pidum
2274 2346 2507 2400 secundo
2533 2346 2771 2398 milliari
2795 2361 2827 2398 a
2870 2345 3034 2399 Lobio
3072 2344 3304 2398 distans.
3356 2345 3565 2397 Verum
3600 2342 3761 2414 quid-

2051 2435 2189 2504 quid
2240 2434 2313 2487 sit
2369 2434 2438 2487 de
2489 2433 2781 2487 canonicis
2826 2433 2927 2487 séu
2969 2433 3189 2487 clericis
3238 2432 3631 2497 Lobiensibus,
3686 2431 3759 2485 de

2050 2523 2370 2577 Adelboldo
2404 2528 2601 2576 tamen
2635 2523 2814 2576 multo
2848 2539 2981 2576 vero
3038 2527 3122 2576 est
3165 2521 3432 2588 similius,
3489 2536 3621 2574 eum
3653 2535 3765 2575 mo-

2050 2611 2284 2664 nachum
2342 2608 2659 2662 Lobiensem
2746 2625 2917 2678 quam
2989 2608 3174 2662 solum
3240 2609 3494 2663 clericum
3560 2607 3756 2661 fuisse.

2051 2698 2196 2752 Sane
2262 2698 2323 2750 in
2375 2698 2624 2767 prologo
2688 2698 2947 2767 opusculi
2990 2698 3069 2750 De
3116 2696 3480 2751 crassitudine
3535 2696 3762 2765 sphera

2052 2786 2454 2850 scholasticam,
2486 2785 2686 2856 utique
2720 2786 2895 2855 Lobii,
2942 2802 2999 2840 se
3029 2786 3201 2840 fuisse
3237 2786 3359 2855 ipso
3407 2785 3635 2839 fatetur.
3690 2788 3761 2839 At

2055 2875 2183 2946 quis
2226 2876 2459 2943 ignorat
2488 2874 2684 2928 studia
2715 2876 3034 2929 litterarum
3094 2875 3245 2945 apud
3291 2874 3603 2928 monachos
3653 2874 3757 2928 Lo-

2054 2966 2277 3018 bienses
2343 2962 2448 3016 sub
2498 2962 2681 3017 finem
2729 2965 2926 3019 saeculi
2982 2963 3268 3019 undecimi
3318 2963 3608 3034 praecipue
3661 2963 3761 3017 ﬂo-

1982 3086 2022 3139 Β
2054 3053 2255 3118 ruisse,
2287 3051 2547 3123 nihilque
2602 3053 2965 3124 frequentius
3018 3054 3272 3107 evenisse
3316 3069 3490 3123 quam
3539 3057 3599 3106 ut
3638 3052 3758 3107 cle-

2053 3141 2158 3195 rici
2190 3140 2408 3193 scholas
2440 3142 2877 3209 monachorum,
2936 3143 3257 3214 praesertim
3317 3142 3458 3195 adeo
3508 3141 3757 3195 celebres

2049 3236 2105 3283 et
2156 3228 2532 3300 propinquas,
2590 3231 2707 3284 imo
2776 3247 2958 3301 prope
3015 3231 3366 3301 conjunctae,
3420 3244 3758 3284 communes

2050 3316 2371 3369 haberent?
2425 3316 2605 3385 Igitur
2659 3317 3005 3371 Adelboldns
3057 3317 3370 3371 monachus
3420 3322 3475 3371 et
3506 3316 3757 3371 Labien-

2051 3403 2125 3456 sis
2157 3404 2489 3459 monasterii
2521 3404 2911 3473 scholasticus,
2946 3410 3062 3459 tam
3097 3406 3511 3460 monachorum
3562 3421 3755 3477 quam,

2052 3492 2099 3543 si
2130 3491 2231 3561 qui
2256 3490 2510 3557 fuerunt,
2536 3493 2894 3557 clericorum,
2924 3494 3248 3547 communis
3280 3494 3577 3564 magister,
3607 3493 3751 3548 utin

2054 3580 2181 3634 aliis
2213 3579 2489 3633 coenobiis
2530 3580 2738 3635 nostris
2768 3597 3025 3651 persaepe
3060 3597 3166 3635 usu
3192 3581 3368 3646 venit,
3400 3582 3527 3635 fuit.

980 3946 1423 4025 NOTITIA
1481 3950 2078 4028 HISTORICA
2136 3947 2263 4020 ET
2319 3946 3010 4020 LITTERARIA.

247 4101 428 4171 (Apud
451 4104 627 4169 Pertz,
662 4104 1008 4160 Monumenta
1047 4107 1354 4164 Germania
1377 4109 1662 4177 historica,
1696 4110 1903 4181 Script.
1941 4111 2082 4162 tom.
2119 4104 2205 4169 IV,
2242 4118 2373 4175 pag.
2407 4107 2534 4171 679,
2566 4103 2627 4158 in
2654 4102 2911 4175 praemiis
2964 4102 3035 4157 ad
3092 4102 3277 4156 Vitam
3327 4102 3380 4157 S.
3446 4101 3671 4156 Henrici
3702 4102 3752 4157 II

1392 4188 1781 4261 imperatoris,
1814 4189 2020 4245 edente
2050 4187 2111 4241 G.
2150 4184 2327 4239 Waitz
2359 4186 2462 4240 Ph.
2500 4186 2590 4255 Ο.)

319 4412 661 4483 Adelbodus,
760 4417 1181 4487 Ultrajectensis
1274 4423 1600 4493 episcopus,

250 4503 389 4553 teste
422 4501 518 4571 (1),
547 4518 635 4558 res
664 4504 732 4558 ab
785 4504 1029 4562 Henrico
1060 4510 1129 4575 II,
1181 4510 1526 4582 imperatore
1585 4519 1772 4583 gestas
1822 4527 1940 4565 uno

249 4589 534 4644 volumine
601 4594 887 4649 luculento
960 4614 1226 4654 sermone
1300 4602 1760 4671 comprehendit.
1814 4602 1944 4654 Ηωο

246 4691 379 4729 vero
409 4678 647 4734 historia
677 4700 779 4753 per
807 4686 1062 4741 medium
1096 4704 1285 4744 aevum
1345 4690 1651 4761 plerosque
1711 4688 1941 4743 latuisse

244 4763 463 4818 videtur
492 4769 597 4835 (2);
629 4776 684 4824 et
708 4772 807 4842 qui
839 4780 1032 4843 postea
1064 4777 1250 4830 Vitam
1302 4778 1529 4832 Henrici
1586 4795 1620 4831 a
1678 4778 1943 4831 Bamber—

244 4853 403 4923 gensi
431 4856 675 4924 qundam
709 4863 1091 4932 conscriptam
1150 4866 1466 4920 Adelboldo
1496 4866 1848 4931 tribuerunt,
1911 4880 1942 4917 a

245 4955 372 4993 vero
398 4941 565 5012 longe
609 4946 949 5004 aberrarunt
1005 4952 1102 5023 (3).
1165 4953 1330 5007 Aliud
1372 4954 1503 5007 vitae
1553 4955 1942 5024 fragmentum

243 5028 465 5083 Gretser
512 5032 692 5088 edidit
746 5036 824 5107 (4)
878 5054 946 5093 ex
1010 5041 1203 5096 codice
1269 5042 1709 5107 Vindobonensi,
1780 5041 1944 5111 cujus

243 5122 376 5170 nota
448 5120 785 5191 marginalis
858 5126 979 5181 haec
1028 5130 1407 5186 continebat:
1498 5133 1633 5186 Vita
1715 5129 1944 5185 Henrici

314 5241 394 5324 g1)
425 5243 503 5324 Pe
535 5243 650 5324 dif:
684 5251 1016 5324 temporum
1051 5255 1173 5324 [λεί.

310 5310 558 5389 (2)_Quae
589 5310 919 5389 _Sigebertus
952 5320 1021 5373 de
1051 5310 1147 5376 SS.
1202 5324 1333 5376 eccl.
1369 5340 1417 5377 c.
1466 5326 1587 5389 138,
1618 5328 1675 5377 et
1730 5322 1938 5377 Chron.

240 5396 291 5464 a.
330 5383 692 5464 102f£_,_refert
764 5390 1097 5464 e_x__Alperto
1130 5393 1349 5446 hausit:
1382 5383 1743 5463 Sigebertum
1803 5408 1938 5446 vero

241 5457 358 5533 tam
412 5455 707 5535 Albericus
746 5455 973 5535 aliique
1026 5455 1475 5535 chronographi'
1493 5480 1669 5535 quam
1720 5464 1941 5517 Trithe-

239 5529 389 5577 mins
419 5529 598 5579 secuti
631 5533 781 5582 sunt.
813 5529 892 5583 De
920 5530 1216 5583 Annalists
1244 5529 1463 5585 Saxone
1492 5529 1542 5586 vi
1579 5534 1747 5587 infra.

311 5594 389 5665 (3)
446 5596 676 5649 Vossius
733 5599 809 5652 De
871 5599 1006 5653 hist.
1059 5600 1097 5653 l.
1150 5617 1209 5666 ιι,
1277 5602 1366 5668 42,
1414 5617 1473 5671 p.
1532 5604 1657 5672 359,
1722 5603 1941 5677 aliique

1703 4426 1939 4495 Alperto
1976 4422 2015 4476 C
2045 4421 2216 4487 primi
2246 4420 2594 4484 imperatoris
2640 4416 2709 4470 ab
2756 4413 3056 4469 Adelboldo
3102 4415 3353 4482 episcopo
3386 4411 3751 4480 Trajectemi,

2055 4511 2113 4560 ut
2140 4505 2397 4565 creditur,
2444 4506 2772 4573 conscripta.
2823 4504 2945 4567 Qua
2998 4501 3338 4556 auctoritate
3383 4500 3563 4554 fretus
3593 4501 3752 4555 Grat-

2056 4610 2146 4647 ser
2167 4608 2284 4646 non
2332 4592 2454 4644 sine
2500 4591 2857 4645 haesitatione
2900 4591 3174 4662 quadam,
3229 4589 3330 4661 qui
3380 4605 3509 4643 vero
3557 4592 3756 4659 postea

2056 4685 2160 4737 hac
2187 4683 2257 4737 de
2284 4698 2343 4734 re
2376 4681 2649 4751 disputati
2692 4686 2847 4746 sunt,
2899 4686 3174 4749 tanquam
3218 4696 3277 4733 re
3309 4684 3466 4733 extra
3515 4678 3754 4733 dubium

2052 4772 2266 4842 posita,
2311 4770 2463 4823 hunc
2518 4769 2831 4821 Adelboldn
2919 4769 3309 4837 ascripserunt
3382 4766 3459 4836 (5)
3514 4766 3747 4833 librum,

2054 4875 2228 4930 quem
2254 4872 2453 4911 omnes
2485 4856 2724 4910 summis
2770 4856 3039 4909 laudibus
3094 4855 3423 4908 extulerunt
3471 4860 3525 4908 et
3577 4871 3752 4925 quam

2054 4946 2537 5019 pretiosissimum
2613 4944 2971 5015 antiquitatis
3046 4949 3487 4997 monumentum
3536 4944 3750 4997 habue-

2055 5043 2209 5090 runt.

2124 5124 2334 5178 Verum
2383 5122 2700 5183 enimvero,
2751 5137 2809 5175 re
2870 5121 3190 5174 accuratius
3247 5125 3564 5191 perspecta,
3608 5118 3752 5172 inte-

2058 5250 2242 5304 multi.

2128 5320 2205 5387 (4)
2230 5321 2291 5372 ν.
2325 5319 2383 5372 in
2412 5318 2462 5373 S.
2492 5316 2736 5373 Henrico
2758 5318 2827 5370 Il.

2126 5382 2202 5462 (5)
2240 5389 2614 5462 [Θὶὺηίὶζδδῗ.
2659 5389 2720 5443 Β.
2775 5387 2940 5462 Br.
2998 5385 3169 5462 grief.
3204 5401 3271 5462 r_1_._
3315 5382 3753 5462 _20_;__Solleri}1's

2051 5450 2198 5516 Acta,
2247 5462 2339 5516 ss.
2392 5461 2528 5516 Julii
2587 5461 2659 5529 11,
2704 5476 2760 5531 p.
2820 5460 2942 5513 723.
2996 5457 3160 5511 Rivet
3208 5455 3348 5509 Hist.
3403 5454 3573 5509 litter.
3633 5450 3752 5518 VII,

2050 5549 2108 5603 p.
2134 5536 2259 5601 252,
2283 5532 2400 5588 alii.
