  <div class='ocr_page' id='page_1' title='image "/cluster/home/n/w/nwhite01/storage/ocr_20150623/140/hvd.32044054760004/549.png"; bbox 0 0 4014 6200; ppageno 0'>
   <div class='ocr_carea' id='block_1_1' title="bbox 244 285 379 337">
    <p class='ocr_par' dir='ltr' id='par_1_1' title="bbox 244 285 379 337">
     <span class='ocr_line' id='line_1_1' title="bbox 244 285 379 337; baseline -0.007 -1"><span class='ocrx_word' id='word_1_1' title='bbox 244 285 379 337; x_wconf 84' lang='grc'>1087</span> 
     </span>
    </p>
   </div>
   <div class='ocr_carea' id='block_1_2' title="bbox 241 493 1932 566">
    <p class='ocr_par' dir='ltr' id='par_1_2' title="bbox 241 493 1932 566">
     <span class='ocr_line' id='line_1_2' title="bbox 241 493 1932 566; baseline -0.001 -17"><span class='ocrx_word' id='word_1_2' title='bbox 241 494 302 549; x_wconf 91' lang='lat' dir='ltr'>id</span> <span class='ocrx_word' id='word_1_3' title='bbox 349 495 502 565; x_wconf 89' lang='lat' dir='ltr'>quod</span> <span class='ocrx_word' id='word_1_4' title='bbox 563 494 804 566; x_wconf 90' lang='lat' dir='ltr'>primus,</span> <span class='ocrx_word' id='word_1_5' title='bbox 868 494 979 548; x_wconf 88' lang='lat' dir='ltr'>nisi</span> <span class='ocrx_word' id='word_1_6' title='bbox 1043 495 1230 563; x_wconf 87' lang='lat' dir='ltr'>fallor,</span> <span class='ocrx_word' id='word_1_7' title='bbox 1292 494 1516 549; x_wconf 82' lang='lat' dir='ltr'>Stenzel</span> <span class='ocrx_word' id='word_1_8' title='bbox 1559 494 1785 549; x_wconf 86' lang='lat' dir='ltr'>monuit</span> <span class='ocrx_word' id='word_1_9' title='bbox 1835 493 1932 564; x_wconf 90' lang='lat'>(6.)</span> 
     </span>
    </p>
   </div>
   <div class='ocr_carea' id='block_1_3' title="bbox 241 582 1936 654">
    <p class='ocr_par' dir='ltr' id='par_1_3' title="bbox 241 582 1936 654">
     <span class='ocr_line' id='line_1_3' title="bbox 241 582 1936 654; baseline 0 -17"><span class='ocrx_word' id='word_1_10' title='bbox 241 582 557 638; x_wconf 85' lang='lat' dir='ltr'>Thietmari</span> <span class='ocrx_word' id='word_1_11' title='bbox 613 583 1004 638; x_wconf 75' lang='lat' dir='ltr'>narrationem</span> <span class='ocrx_word' id='word_1_12' title='bbox 1067 583 1191 636; x_wconf 84' lang='lat' dir='ltr'>dico</span> <span class='ocrx_word' id='word_1_13' title='bbox 1257 582 1620 654; x_wconf 81' lang='lat' dir='ltr'>descriptam,</span> <span class='ocrx_word' id='word_1_14' title='bbox 1685 599 1800 637; x_wconf 92' lang='lat' dir='ltr'>non</span> <span class='ocrx_word' id='word_1_15' title='bbox 1855 583 1936 637; x_wconf 90' lang='lat' dir='ltr'>ita</span> 
     </span>
    </p>
   </div>
   <div class='ocr_carea' id='block_1_4' title="bbox 240 671 1936 742">
    <p class='ocr_par' dir='ltr' id='par_1_4' title="bbox 240 671 1936 742">
     <span class='ocr_line' id='line_1_4' title="bbox 240 671 1936 742; baseline 0.001 -18"><span class='ocrx_word' id='word_1_16' title='bbox 240 671 496 742; x_wconf 87' lang='lat' dir='ltr'>quidem,</span> <span class='ocrx_word' id='word_1_17' title='bbox 555 677 618 725; x_wconf 92' lang='lat' dir='ltr'>ut</span> <span class='ocrx_word' id='word_1_18' title='bbox 669 671 903 725; x_wconf 85' lang='lat' dir='ltr'>verbum</span> <span class='ocrx_word' id='word_1_19' title='bbox 950 671 1186 724; x_wconf 86' lang='lat' dir='ltr'>verbum</span> <span class='ocrx_word' id='word_1_20' title='bbox 1236 671 1533 741; x_wconf 83' lang='lat' dir='ltr'>exprimat,</span> <span class='ocrx_word' id='word_1_21' title='bbox 1592 671 1691 726; x_wconf 92' lang='lat' dir='ltr'>sed</span> <span class='ocrx_word' id='word_1_22' title='bbox 1739 676 1802 725; x_wconf 88' lang='lat' dir='ltr'>ut</span> <span class='ocrx_word' id='word_1_23' title='bbox 1845 688 1936 726; x_wconf 90' lang='lat' dir='ltr'>res</span> 
     </span>
    </p>
   </div>
   <div class='ocr_carea' id='block_1_5' title="bbox 241 759 1934 828">
    <p class='ocr_par' dir='ltr' id='par_1_5' title="bbox 241 759 1934 828">
     <span class='ocr_line' id='line_1_5' title="bbox 241 759 1934 828; baseline 0 -15"><span class='ocrx_word' id='word_1_24' title='bbox 241 764 468 814; x_wconf 87' lang='lat' dir='ltr'>tantum</span> <span class='ocrx_word' id='word_1_25' title='bbox 500 776 613 813; x_wconf 90' lang='lat' dir='ltr'>non</span> <span class='ocrx_word' id='word_1_26' title='bbox 644 776 844 813; x_wconf 90' lang='lat' dir='ltr'>omnes</span> <span class='ocrx_word' id='word_1_27' title='bbox 876 775 940 813; x_wconf 85' lang='lat' dir='ltr'>ex</span> <span class='ocrx_word' id='word_1_28' title='bbox 971 759 1071 813; x_wconf 94' lang='lat' dir='ltr'>illo</span> <span class='ocrx_word' id='word_1_29' title='bbox 1099 759 1214 814; x_wconf 85' lang='lat' dir='ltr'>sint</span> <span class='ocrx_word' id='word_1_30' title='bbox 1244 759 1480 826; x_wconf 81' lang='lat' dir='ltr'>haustae,</span> <span class='ocrx_word' id='word_1_31' title='bbox 1513 761 1711 814; x_wconf 91' lang='lat' dir='ltr'>eodem</span> <span class='ocrx_word' id='word_1_32' title='bbox 1745 761 1934 828; x_wconf 84' lang='lat' dir='ltr'>modo,</span> 
     </span>
    </p>
   </div>
   <div class='ocr_carea' id='block_1_6' title="bbox 243 847 1934 917">
    <p class='ocr_par' dir='ltr' id='par_1_6' title="bbox 243 847 1934 917">
     <span class='ocr_line' id='line_1_6' title="bbox 243 847 1934 917; baseline 0.001 -16"><span class='ocrx_word' id='word_1_33' title='bbox 243 848 445 902; x_wconf 85' lang='lat' dir='ltr'>ordine</span> <span class='ocrx_word' id='word_1_34' title='bbox 475 853 532 902; x_wconf 91' lang='lat' dir='ltr'>et</span> <span class='ocrx_word' id='word_1_35' title='bbox 558 864 727 902; x_wconf 92' lang='lat' dir='ltr'>sensu</span> <span class='ocrx_word' id='word_1_36' title='bbox 755 848 968 901; x_wconf 70' lang='lat' dir='ltr'>relatae.</span> <span class='ocrx_word' id='word_1_37' title='bbox 1004 847 1279 912; x_wconf 68' lang='lat' dir='ltr'>Quasdam</span> <span class='ocrx_word' id='word_1_38' title='bbox 1310 849 1451 903; x_wconf 70' lang='lat' dir='ltr'>Vitae</span> <span class='ocrx_word' id='word_1_39' title='bbox 1481 855 1678 902; x_wconf 84' lang='lat' dir='ltr'>auctor</span> <span class='ocrx_word' id='word_1_40' title='bbox 1721 849 1934 917; x_wconf 88' lang='lat' dir='ltr'>omisit,</span> 
     </span>
    </p>
   </div>
   <div class='ocr_carea' id='block_1_7' title="bbox 243 935 1936 1008">
    <p class='ocr_par' dir='ltr' id='par_1_7' title="bbox 243 935 1936 1008">
     <span class='ocr_line' id='line_1_7' title="bbox 243 935 1936 1008; baseline 0.001 -18"><span class='ocrx_word' id='word_1_41' title='bbox 243 937 340 990; x_wconf 86' lang='lat' dir='ltr'>sed</span> <span class='ocrx_word' id='word_1_42' title='bbox 367 953 438 991; x_wconf 91' lang='lat' dir='ltr'>ne</span> <span class='ocrx_word' id='word_1_43' title='bbox 468 952 645 990; x_wconf 91' lang='lat' dir='ltr'>unam</span> <span class='ocrx_word' id='word_1_44' title='bbox 700 935 936 1007; x_wconf 86' lang='lat' dir='ltr'>quidem</span> <span class='ocrx_word' id='word_1_45' title='bbox 983 953 1105 990; x_wconf 93' lang='lat' dir='ltr'>rem</span> <span class='ocrx_word' id='word_1_46' title='bbox 1165 937 1485 1006; x_wconf 84' lang='lat' dir='ltr'>graviorem</span> <span class='ocrx_word' id='word_1_47' title='bbox 1535 937 1605 992; x_wconf 92' lang='lat' dir='ltr'>de</span> <span class='ocrx_word' id='word_1_48' title='bbox 1659 954 1761 990; x_wconf 91' lang='lat' dir='ltr'>suo</span> <span class='ocrx_word' id='word_1_49' title='bbox 1789 937 1936 1008; x_wconf 85' lang='lat' dir='ltr'>adje-</span> 
     </span>
    </p>
   </div>
   <div class='ocr_carea' id='block_1_8' title="bbox 241 1024 1934 1094">
    <p class='ocr_par' dir='ltr' id='par_1_8' title="bbox 241 1024 1934 1094">
     <span class='ocr_line' id='line_1_8' title="bbox 241 1024 1934 1094; baseline 0.001 -16"><span class='ocrx_word' id='word_1_50' title='bbox 241 1025 320 1078; x_wconf 86' lang='lat' dir='ltr'>cit</span> <span class='ocrx_word' id='word_1_51' title='bbox 379 1025 480 1094; x_wconf 87' lang='lat'>(7);</span> <span class='ocrx_word' id='word_1_52' title='bbox 535 1025 732 1078; x_wconf 91' lang='lat' dir='ltr'>multis</span> <span class='ocrx_word' id='word_1_53' title='bbox 790 1024 930 1078; x_wconf 91' lang='lat' dir='ltr'>locis</span> <span class='ocrx_word' id='word_1_54' title='bbox 980 1041 1115 1078; x_wconf 92' lang='lat' dir='ltr'>vero</span> <span class='ocrx_word' id='word_1_55' title='bbox 1173 1025 1488 1079; x_wconf 90' lang='lat' dir='ltr'>Thietmari</span> <span class='ocrx_word' id='word_1_56' title='bbox 1542 1026 1934 1080; x_wconf 86' lang='lat' dir='ltr'>narrationem</span> 
     </span>
    </p>
   </div>
   <div class='ocr_carea' id='block_1_9' title="bbox 241 1112 1933 1183">
    <p class='ocr_par' dir='ltr' id='par_1_9' title="bbox 241 1112 1933 1183">
     <span class='ocr_line' id='line_1_9' title="bbox 241 1112 1933 1183; baseline 0.002 -16"><span class='ocrx_word' id='word_1_57' title='bbox 241 1112 557 1181; x_wconf 79' lang='lat' dir='ltr'>ampliavit,</span> <span class='ocrx_word' id='word_1_58' title='bbox 595 1113 841 1179; x_wconf 89' lang='lat' dir='ltr'>ornavit,</span> <span class='ocrx_word' id='word_1_59' title='bbox 870 1118 926 1167; x_wconf 89' lang='lat' dir='ltr'>et</span> <span class='ocrx_word' id='word_1_60' title='bbox 971 1118 1033 1168; x_wconf 88' lang='lat' dir='ltr'>ut</span> <span class='ocrx_word' id='word_1_61' title='bbox 1079 1113 1187 1168; x_wconf 87' lang='lat' dir='ltr'>sibi</span> <span class='ocrx_word' id='word_1_62' title='bbox 1237 1114 1533 1168; x_wconf 87' lang='lat' dir='ltr'>videbatur</span> <span class='ocrx_word' id='word_1_63' title='bbox 1596 1116 1933 1183; x_wconf 84' lang='lat' dir='ltr'>illustravit;</span> 
     </span>
    </p>
   </div>
   <div class='ocr_carea' id='block_1_10' title="bbox 239 1202 1938 1259">
    <p class='ocr_par' dir='ltr' id='par_1_10' title="bbox 239 1202 1938 1259">
     <span class='ocr_line' id='line_1_10' title="bbox 239 1202 1938 1259; baseline 0.002 -5"><span class='ocrx_word' id='word_1_64' title='bbox 239 1202 336 1256; x_wconf 90' lang='lat' dir='ltr'>sed</span> <span class='ocrx_word' id='word_1_65' title='bbox 386 1203 492 1256; x_wconf 89' lang='lat' dir='ltr'>hoc</span> <span class='ocrx_word' id='word_1_66' title='bbox 535 1202 724 1256; x_wconf 89' lang='lat' dir='ltr'>studio</span> <span class='ocrx_word' id='word_1_67' title='bbox 776 1202 1001 1256; x_wconf 85' lang='lat' dir='ltr'>illectus</span> <span class='ocrx_word' id='word_1_68' title='bbox 1049 1219 1271 1257; x_wconf 89' lang='lat' dir='ltr'>errores</span> <span class='ocrx_word' id='word_1_69' title='bbox 1323 1220 1440 1258; x_wconf 93' lang='lat' dir='ltr'>non</span> <span class='ocrx_word' id='word_1_70' title='bbox 1483 1205 1632 1258; x_wconf 86' lang='lat' dir='ltr'>leves</span> <span class='ocrx_word' id='word_1_71' title='bbox 1676 1210 1730 1258; x_wconf 91' lang='lat' dir='ltr'>et</span> <span class='ocrx_word' id='word_1_72' title='bbox 1768 1205 1938 1259; x_wconf 89' lang='lat' dir='ltr'>inter-</span> 
     </span>
    </p>
   </div>
   <div class='ocr_carea' id='block_1_11' title="bbox 239 1289 1934 1356">
    <p class='ocr_par' dir='ltr' id='par_1_11' title="bbox 239 1289 1934 1356">
     <span class='ocr_line' id='line_1_11' title="bbox 239 1289 1934 1356; baseline 0.002 -12"><span class='ocrx_word' id='word_1_73' title='bbox 239 1289 376 1344; x_wconf 90' lang='lat' dir='ltr'>dum</span> <span class='ocrx_word' id='word_1_74' title='bbox 404 1289 540 1343; x_wconf 87' lang='lat' dir='ltr'>satis</span> <span class='ocrx_word' id='word_1_75' title='bbox 570 1290 840 1344; x_wconf 86' lang='lat' dir='ltr'>ridiculos</span> <span class='ocrx_word' id='word_1_76' title='bbox 871 1290 1178 1356; x_wconf 88' lang='lat' dir='ltr'>commisit,</span> <span class='ocrx_word' id='word_1_77' title='bbox 1205 1292 1401 1354; x_wconf 85' lang='lat' dir='ltr'>multa,</span> <span class='ocrx_word' id='word_1_78' title='bbox 1454 1291 1566 1345; x_wconf 89' lang='lat' dir='ltr'>nisi</span> <span class='ocrx_word' id='word_1_79' title='bbox 1620 1293 1782 1347; x_wconf 88' lang='lat' dir='ltr'>valde</span> <span class='ocrx_word' id='word_1_80' title='bbox 1830 1293 1934 1347; x_wconf 87' lang='lat' dir='ltr'>fal-</span> 
     </span>
    </p>
   </div>
   <div class='ocr_carea' id='block_1_12' title="bbox 238 1378 1935 1451">
    <p class='ocr_par' dir='ltr' id='par_1_12' title="bbox 238 1378 1935 1451">
     <span class='ocr_line' id='line_1_12' title="bbox 238 1378 1935 1451; baseline 0.002 -20"><span class='ocrx_word' id='word_1_81' title='bbox 238 1378 347 1447; x_wconf 90' lang='lat' dir='ltr'>lor,</span> <span class='ocrx_word' id='word_1_82' title='bbox 399 1383 462 1432; x_wconf 90' lang='lat' dir='ltr'>ut</span> <span class='ocrx_word' id='word_1_83' title='bbox 531 1378 835 1433; x_wconf 88' lang='lat' dir='ltr'>historiam</span> <span class='ocrx_word' id='word_1_84' title='bbox 916 1380 1181 1434; x_wconf 89' lang='lat' dir='ltr'>redderet</span> <span class='ocrx_word' id='word_1_85' title='bbox 1237 1381 1648 1451; x_wconf 86' lang='lat' dir='ltr'>elegantiorem</span> <span class='ocrx_word' id='word_1_86' title='bbox 1707 1387 1763 1436; x_wconf 85' lang='lat' dir='ltr'>et</span> <span class='ocrx_word' id='word_1_87' title='bbox 1814 1386 1935 1435; x_wconf 90' lang='lat' dir='ltr'>arte</span> 
     </span>
    </p>
   </div>
   <div class='ocr_carea' id='block_1_13' title="bbox 239 1467 1934 1538">
    <p class='ocr_par' dir='ltr' id='par_1_13' title="bbox 239 1467 1934 1538">
     <span class='ocr_line' id='line_1_13' title="bbox 239 1467 1934 1538; baseline 0.002 -18"><span class='ocrx_word' id='word_1_88' title='bbox 239 1467 488 1537; x_wconf 91' lang='lat' dir='ltr'>quadam</span> <span class='ocrx_word' id='word_1_89' title='bbox 521 1472 912 1538; x_wconf 88' lang='lat' dir='ltr'>componeret,</span> <span class='ocrx_word' id='word_1_90' title='bbox 945 1485 1012 1522; x_wconf 78' lang='lat' dir='ltr'>ex</span> <span class='ocrx_word' id='word_1_91' title='bbox 1035 1469 1266 1538; x_wconf 86' lang='lat' dir='ltr'>ingenio</span> <span class='ocrx_word' id='word_1_92' title='bbox 1297 1469 1478 1524; x_wconf 87' lang='lat' dir='ltr'>ﬁnxit.</span> <span class='ocrx_word' id='word_1_93' title='bbox 1515 1472 1655 1524; x_wconf 88' lang='lat' dir='ltr'>Nam</span> <span class='ocrx_word' id='word_1_94' title='bbox 1705 1470 1934 1525; x_wconf 87' lang='lat' dir='ltr'>dicendi</span> 
     </span>
    </p>
   </div>
   <div class='ocr_carea' id='block_1_14' title="bbox 239 1556 1934 1626">
    <p class='ocr_par' dir='ltr' id='par_1_14' title="bbox 239 1556 1934 1626">
     <span class='ocr_line' id='line_1_14' title="bbox 239 1556 1934 1626; baseline 0.002 -18"><span class='ocrx_word' id='word_1_95' title='bbox 239 1571 450 1625; x_wconf 81' lang='lat' dir='ltr'>genere</span> <span class='ocrx_word' id='word_1_96' title='bbox 484 1572 618 1609; x_wconf 91' lang='lat' dir='ltr'>usus</span> <span class='ocrx_word' id='word_1_97' title='bbox 648 1561 732 1609; x_wconf 93' lang='lat' dir='ltr'>est</span> <span class='ocrx_word' id='word_1_98' title='bbox 759 1556 913 1610; x_wconf 93' lang='lat' dir='ltr'>culto</span> <span class='ocrx_word' id='word_1_99' title='bbox 948 1561 1119 1626; x_wconf 89' lang='lat' dir='ltr'>atque</span> <span class='ocrx_word' id='word_1_100' title='bbox 1155 1562 1379 1623; x_wconf 89' lang='lat' dir='ltr'>ornato,</span> <span class='ocrx_word' id='word_1_101' title='bbox 1408 1558 1722 1625; x_wconf 87' lang='lat' dir='ltr'>antithetis,</span> <span class='ocrx_word' id='word_1_102' title='bbox 1771 1559 1934 1612; x_wconf 86' lang='lat' dir='ltr'>dictis</span> 
     </span>
    </p>
   </div>
   <div class='ocr_carea' id='block_1_15' title="bbox 239 1644 2010 1738">
    <p class='ocr_par' dir='ltr' id='par_1_15' title="bbox 239 1644 2010 1738">
     <span class='ocr_line' id='line_1_15' title="bbox 239 1644 2010 1738; baseline 0.003 -41"><span class='ocrx_word' id='word_1_103' title='bbox 239 1644 556 1698; x_wconf 88' lang='lat' dir='ltr'>moralibus</span> <span class='ocrx_word' id='word_1_104' title='bbox 589 1649 646 1698; x_wconf 90' lang='lat' dir='ltr'>et</span> <span class='ocrx_word' id='word_1_105' title='bbox 678 1644 1092 1714; x_wconf 89' lang='lat' dir='ltr'>philosophicis</span> <span class='ocrx_word' id='word_1_106' title='bbox 1144 1645 1536 1700; x_wconf 88' lang='lat' dir='ltr'>narrationem</span> <span class='ocrx_word' id='word_1_107' title='bbox 1573 1647 1830 1717; x_wconf 89' lang='lat' dir='ltr'>variavit,</span> <span class='ocrx_word' id='word_1_108' title='bbox 1875 1653 1930 1702; x_wconf 92' lang='lat' dir='ltr'>et</span> <span class='ocrx_word' id='word_1_109' title='bbox 1969 1684 2010 1738; x_wconf 79' lang='grc' dir='ltr'><strong>Β</strong></span> 
     </span>
    </p>
   </div>
   <div class='ocr_carea' id='block_1_16' title="bbox 238 1733 1929 1805">
    <p class='ocr_par' dir='ltr' id='par_1_16' title="bbox 238 1733 1929 1805">
     <span class='ocr_line' id='line_1_16' title="bbox 238 1733 1929 1805; baseline 0.003 -19"><span class='ocrx_word' id='word_1_110' title='bbox 238 1749 368 1787; x_wconf 89' lang='lat' dir='ltr'>cum</span> <span class='ocrx_word' id='word_1_111' title='bbox 398 1749 488 1786; x_wconf 91' lang='lat' dir='ltr'>res</span> <span class='ocrx_word' id='word_1_112' title='bbox 518 1733 856 1803; x_wconf 88' lang='lat' dir='ltr'>negligeret,</span> <span class='ocrx_word' id='word_1_113' title='bbox 890 1735 1211 1789; x_wconf 88' lang='lat' dir='ltr'>orationem</span> <span class='ocrx_word' id='word_1_114' title='bbox 1262 1751 1435 1805; x_wconf 89' lang='lat' dir='ltr'>quam</span> <span class='ocrx_word' id='word_1_115' title='bbox 1490 1737 1734 1790; x_wconf 83' lang='lat' dir='ltr'>maxime</span> <span class='ocrx_word' id='word_1_116' title='bbox 1765 1753 1929 1790; x_wconf 88' lang='lat' dir='ltr'>cura-</span> 
     </span>
    </p>
   </div>
   <div class='ocr_carea' id='block_1_17' title="bbox 239 1820 1934 1893">
    <p class='ocr_par' dir='ltr' id='par_1_17' title="bbox 239 1820 1934 1893">
     <span class='ocr_line' id='line_1_17' title="bbox 239 1820 1934 1893; baseline 0.003 -19"><span class='ocrx_word' id='word_1_117' title='bbox 239 1820 340 1875; x_wconf 90' lang='lat' dir='ltr'>vit.</span> <span class='ocrx_word' id='word_1_118' title='bbox 375 1822 438 1874; x_wconf 88' lang='lat' dir='ltr'>In</span> <span class='ocrx_word' id='word_1_119' title='bbox 470 1821 802 1891; x_wconf 77' lang='lat' dir='ltr'>praefatione</span> <span class='ocrx_word' id='word_1_120' title='bbox 833 1823 1070 1893; x_wconf 89' lang='lat' dir='ltr'>quidem</span> <span class='ocrx_word' id='word_1_121' title='bbox 1117 1823 1423 1877; x_wconf 88' lang='lat' dir='ltr'>utilitatem</span> <span class='ocrx_word' id='word_1_122' title='bbox 1468 1829 1522 1878; x_wconf 93' lang='lat' dir='ltr'>et</span> <span class='ocrx_word' id='word_1_123' title='bbox 1551 1824 1852 1880; x_wconf 83' lang='lat' dir='ltr'>veritatem</span> <span class='ocrx_word' id='word_1_124' title='bbox 1900 1843 1934 1879; x_wconf 92' lang='lat' dir='ltr'>a</span> 
     </span>
    </p>
   </div>
   <div class='ocr_carea' id='block_1_18' title="bbox 239 1911 1933 1982">
    <p class='ocr_par' dir='ltr' id='par_1_18' title="bbox 239 1911 1933 1982">
     <span class='ocr_line' id='line_1_18' title="bbox 239 1911 1933 1982; baseline 0.004 -20"><span class='ocrx_word' id='word_1_125' title='bbox 239 1924 435 1963; x_wconf 90' lang='lat' dir='ltr'>rerum</span> <span class='ocrx_word' id='word_1_126' title='bbox 462 1911 737 1980; x_wconf 87' lang='lat' dir='ltr'>scriptore</span> <span class='ocrx_word' id='word_1_127' title='bbox 777 1927 897 1964; x_wconf 91' lang='lat' dir='ltr'>esse</span> <span class='ocrx_word' id='word_1_128' title='bbox 954 1911 1266 1982; x_wconf 90' lang='lat' dir='ltr'>poscendas</span> <span class='ocrx_word' id='word_1_129' title='bbox 1314 1916 1506 1966; x_wconf 90' lang='lat' dir='ltr'>noster</span> <span class='ocrx_word' id='word_1_130' title='bbox 1548 1913 1736 1969; x_wconf 83' lang='lat' dir='ltr'>dixit:</span> <span class='ocrx_word' id='word_1_131' title='bbox 1780 1913 1933 1968; x_wconf 86' lang='lat' dir='ltr'>utili-</span> 
     </span>
    </p>
   </div>
   <div class='ocr_carea' id='block_1_19' title="bbox 239 1999 1933 2069">
    <p class='ocr_par' dir='ltr' id='par_1_19' title="bbox 239 1999 1933 2069">
     <span class='ocr_line' id='line_1_19' title="bbox 239 1999 1933 2069; baseline 0.004 -18"><span class='ocrx_word' id='word_1_132' title='bbox 239 2001 438 2065; x_wconf 89' lang='lat' dir='ltr'>tatem,</span> <span class='ocrx_word' id='word_1_133' title='bbox 467 2003 531 2052; x_wconf 90' lang='lat' dir='ltr'>ut</span> <span class='ocrx_word' id='word_1_134' title='bbox 559 2000 796 2053; x_wconf 90' lang='lat' dir='ltr'>lectores</span> <span class='ocrx_word' id='word_1_135' title='bbox 845 1999 1016 2053; x_wconf 87' lang='lat' dir='ltr'>rebus</span> <span class='ocrx_word' id='word_1_136' title='bbox 1071 1999 1435 2068; x_wconf 87' lang='lat' dir='ltr'>erudiantur;</span> <span class='ocrx_word' id='word_1_137' title='bbox 1491 2002 1812 2069; x_wconf 89' lang='lat' dir='ltr'>veritatem,</span> <span class='ocrx_word' id='word_1_138' title='bbox 1861 2019 1933 2057; x_wconf 93' lang='lat' dir='ltr'>ne</span> 
     </span>
    </p>
   </div>
   <div class='ocr_carea' id='block_1_20' title="bbox 238 2086 1934 2158">
    <p class='ocr_par' dir='ltr' id='par_1_20' title="bbox 238 2086 1934 2158">
     <span class='ocr_line' id='line_1_20' title="bbox 238 2086 1934 2158; baseline 0.005 -20"><span class='ocrx_word' id='word_1_139' title='bbox 238 2091 440 2139; x_wconf 86' lang='lat' dir='ltr'>auctor</span> <span class='ocrx_word' id='word_1_140' title='bbox 491 2086 780 2141; x_wconf 88' lang='lat' dir='ltr'>adulando</span> <span class='ocrx_word' id='word_1_141' title='bbox 837 2103 970 2141; x_wconf 91' lang='lat' dir='ltr'>vera</span> <span class='ocrx_word' id='word_1_142' title='bbox 1047 2091 1248 2154; x_wconf 88' lang='lat' dir='ltr'>taceat,</span> <span class='ocrx_word' id='word_1_143' title='bbox 1312 2088 1452 2143; x_wconf 90' lang='lat' dir='ltr'>falsa</span> <span class='ocrx_word' id='word_1_144' title='bbox 1509 2090 1778 2158; x_wconf 90' lang='lat' dir='ltr'>proferat.</span> <span class='ocrx_word' id='word_1_145' title='bbox 1826 2092 1934 2146; x_wconf 92' lang='lat' dir='ltr'>Sed</span> 
     </span>
    </p>
   </div>
   <div class='ocr_carea' id='block_1_21' title="bbox 237 2173 1932 2245">
    <p class='ocr_par' dir='ltr' id='par_1_21' title="bbox 237 2173 1932 2245">
     <span class='ocr_line' id='line_1_21' title="bbox 237 2173 1932 2245; baseline 0.005 -18"><span class='ocrx_word' id='word_1_146' title='bbox 237 2173 425 2244; x_wconf 89' lang='lat' dir='ltr'>ipsum</span> <span class='ocrx_word' id='word_1_147' title='bbox 480 2174 663 2245; x_wconf 86' lang='lat' dir='ltr'>magis</span> <span class='ocrx_word' id='word_1_148' title='bbox 719 2175 878 2229; x_wconf 89' lang='lat' dir='ltr'>illam</span> <span class='ocrx_word' id='word_1_149' title='bbox 918 2179 1196 2232; x_wconf 89' lang='lat' dir='ltr'>sectatum</span> <span class='ocrx_word' id='word_1_150' title='bbox 1245 2193 1366 2233; x_wconf 81' lang='lat' dir='ltr'>esse</span> <span class='ocrx_word' id='word_1_151' title='bbox 1404 2178 1567 2232; x_wconf 87' lang='lat' dir='ltr'>facile</span> <span class='ocrx_word' id='word_1_152' title='bbox 1624 2185 1708 2234; x_wconf 91' lang='lat' dir='ltr'>est</span> <span class='ocrx_word' id='word_1_153' title='bbox 1761 2180 1932 2235; x_wconf 90' lang='lat' dir='ltr'>intel-</span> 
     </span>
    </p>
   </div>
   <div class='ocr_carea' id='block_1_22' title="bbox 238 2262 1933 2339">
    <p class='ocr_par' dir='ltr' id='par_1_22' title="bbox 238 2262 1933 2339">
     <span class='ocr_line' id='line_1_22' title="bbox 238 2262 1933 2339; baseline 0.005 -23"><span class='ocrx_word' id='word_1_154' title='bbox 238 2262 390 2316; x_wconf 90' lang='lat' dir='ltr'>lectu</span> <span class='ocrx_word' id='word_1_155' title='bbox 420 2302 433 2316; x_wconf 99' lang='lat'>.</span> <span class='ocrx_word' id='word_1_156' title='bbox 469 2262 800 2317; x_wconf 89' lang='lat' dir='ltr'>Heinricum</span> <span class='ocrx_word' id='word_1_157' title='bbox 833 2262 1047 2335; x_wconf 88' lang='lat' dir='ltr'>ubique</span> <span class='ocrx_word' id='word_1_158' title='bbox 1067 2265 1332 2320; x_wconf 88' lang='lat' dir='ltr'>laudibus</span> <span class='ocrx_word' id='word_1_159' title='bbox 1357 2265 1530 2321; x_wconf 91' lang='lat' dir='ltr'>nimis</span> <span class='ocrx_word' id='word_1_160' title='bbox 1546 2268 1783 2334; x_wconf 83' lang='lat' dir='ltr'>extollit,</span> <span class='ocrx_word' id='word_1_161' title='bbox 1809 2269 1933 2339; x_wconf 88' lang='lat' dir='ltr'>ejus</span> 
     </span>
    </p>
   </div>
   <div class='ocr_carea' id='block_1_23' title="bbox 238 2351 1933 2428">
    <p class='ocr_par' dir='ltr' id='par_1_23' title="bbox 238 2351 1933 2428">
     <span class='ocr_line' id='line_1_23' title="bbox 238 2351 1933 2428; baseline 0.005 -24"><span class='ocrx_word' id='word_1_162' title='bbox 238 2351 579 2406; x_wconf 88' lang='lat' dir='ltr'>electionem</span> <span class='ocrx_word' id='word_1_163' title='bbox 612 2367 728 2406; x_wconf 88' lang='lat' dir='ltr'>non</span> <span class='ocrx_word' id='word_1_164' title='bbox 771 2352 895 2406; x_wconf 90' lang='lat' dir='ltr'>sine</span> <span class='ocrx_word' id='word_1_165' title='bbox 936 2353 1192 2423; x_wconf 89' lang='lat' dir='ltr'>partium</span> <span class='ocrx_word' id='word_1_166' title='bbox 1241 2355 1429 2409; x_wconf 90' lang='lat' dir='ltr'>studio</span> <span class='ocrx_word' id='word_1_167' title='bbox 1469 2361 1683 2424; x_wconf 89' lang='lat' dir='ltr'>narrat,</span> <span class='ocrx_word' id='word_1_168' title='bbox 1735 2364 1933 2428; x_wconf 90' lang='lat' dir='ltr'>postea</span> 
     </span>
    </p>
   </div>
   <div class='ocr_carea' id='block_1_24' title="bbox 239 2439 1932 2515">
    <p class='ocr_par' dir='ltr' id='par_1_24' title="bbox 239 2439 1932 2515">
     <span class='ocr_line' id='line_1_24' title="bbox 239 2439 1932 2515; baseline 0.005 -23"><span class='ocrx_word' id='word_1_169' title='bbox 239 2455 471 2510; x_wconf 90' lang='lat' dir='ltr'>quoque</span> <span class='ocrx_word' id='word_1_170' title='bbox 515 2441 697 2493; x_wconf 89' lang='lat' dir='ltr'>multa</span> <span class='ocrx_word' id='word_1_171' title='bbox 754 2439 813 2494; x_wconf 93' lang='lat' dir='ltr'>in</span> <span class='ocrx_word' id='word_1_172' title='bbox 867 2441 989 2510; x_wconf 88' lang='lat' dir='ltr'>ejus</span> <span class='ocrx_word' id='word_1_173' title='bbox 1032 2447 1272 2497; x_wconf 85' lang='lat' dir='ltr'>exornat</span> <span class='ocrx_word' id='word_1_174' title='bbox 1330 2443 1584 2499; x_wconf 85' lang='lat' dir='ltr'>favorem</span> <span class='ocrx_word' id='word_1_175' title='bbox 1627 2446 1728 2515; x_wconf 88' lang='lat'>(8).</span> <span class='ocrx_word' id='word_1_176' title='bbox 1800 2447 1932 2500; x_wconf 91' lang='lat' dir='ltr'>ldeo</span> 
     </span>
    </p>
   </div>
   <div class='ocr_carea' id='block_1_25' title="bbox 239 2527 1934 2604">
    <p class='ocr_par' dir='ltr' id='par_1_25' title="bbox 239 2527 1934 2604">
     <span class='ocr_line' id='line_1_25' title="bbox 239 2527 1934 2604; baseline 0.004 -23"><span class='ocrx_word' id='word_1_177' title='bbox 239 2527 414 2581; x_wconf 87' lang='lat' dir='ltr'>etiam</span> <span class='ocrx_word' id='word_1_178' title='bbox 448 2543 577 2598; x_wconf 65' lang='lat' dir='ltr'>quas</span> <span class='ocrx_word' id='word_1_179' title='bbox 607 2528 699 2581; x_wconf 93' lang='lat' dir='ltr'>hic</span> <span class='ocrx_word' id='word_1_180' title='bbox 722 2529 840 2583; x_wconf 90' lang='lat' dir='ltr'>illic</span> <span class='ocrx_word' id='word_1_181' title='bbox 894 2535 1172 2601; x_wconf 88' lang='lat' dir='ltr'>tanquam</span> <span class='ocrx_word' id='word_1_182' title='bbox 1217 2532 1286 2586; x_wconf 91' lang='lat' dir='ltr'>de</span> <span class='ocrx_word' id='word_1_183' title='bbox 1331 2549 1455 2599; x_wconf 91' lang='lat' dir='ltr'>suo,</span> <span class='ocrx_word' id='word_1_184' title='bbox 1508 2535 1770 2604; x_wconf 88' lang='lat' dir='ltr'>quamvis</span> <span class='ocrx_word' id='word_1_185' title='bbox 1818 2551 1934 2589; x_wconf 92' lang='lat' dir='ltr'>non</span> 
     </span>
    </p>
   </div>
   <div class='ocr_carea' id='block_1_26' title="bbox 238 2614 1935 2690">
    <p class='ocr_par' dir='ltr' id='par_1_26' title="bbox 238 2614 1935 2690">
     <span class='ocr_line' id='line_1_26' title="bbox 238 2614 1935 2690; baseline 0.006 -23"><span class='ocrx_word' id='word_1_186' title='bbox 238 2614 435 2684; x_wconf 89' lang='lat' dir='ltr'>magni</span> <span class='ocrx_word' id='word_1_187' title='bbox 465 2617 765 2684; x_wconf 83' lang='lat' dir='ltr'>momenti,</span> <span class='ocrx_word' id='word_1_188' title='bbox 811 2617 1016 2688; x_wconf 89' lang='lat' dir='ltr'>adjecit</span> <span class='ocrx_word' id='word_1_189' title='bbox 1067 2618 1163 2690; x_wconf 93' lang='lat'>(9),</span> <span class='ocrx_word' id='word_1_190' title='bbox 1224 2621 1579 2676; x_wconf 88' lang='lat' dir='ltr'>sublestioris</span> <span class='ocrx_word' id='word_1_191' title='bbox 1625 2638 1747 2678; x_wconf 90' lang='lat' dir='ltr'>esse</span> <span class='ocrx_word' id='word_1_192' title='bbox 1797 2623 1935 2678; x_wconf 87' lang='lat' dir='ltr'>ﬁdei</span> 
     </span>
    </p>
   </div>
   <div class='ocr_carea' id='block_1_27' title="bbox 239 2702 704 2759">
    <p class='ocr_par' dir='ltr' id='par_1_27' title="bbox 239 2702 704 2759">
     <span class='ocr_line' id='line_1_27' title="bbox 239 2702 704 2759; baseline 0.002 -1"><span class='ocrx_word' id='word_1_193' title='bbox 239 2702 384 2758; x_wconf 88' lang='lat' dir='ltr'>mihi</span> <span class='ocrx_word' id='word_1_194' title='bbox 415 2703 704 2759; x_wconf 88' lang='lat' dir='ltr'>videntur.</span> 
     </span>
    </p>
   </div>
   <div class='ocr_carea' id='block_1_28' title="bbox 307 2794 1935 2871">
    <p class='ocr_par' dir='ltr' id='par_1_28' title="bbox 307 2794 1935 2871">
     <span class='ocr_line' id='line_1_28' title="bbox 307 2794 1935 2871; baseline 0.005 -23"><span class='ocrx_word' id='word_1_195' title='bbox 307 2794 443 2859; x_wconf 64' lang='lat' dir='ltr'>Quir.</span> <span class='ocrx_word' id='word_1_196' title='bbox 473 2811 604 2849; x_wconf 89' lang='lat' dir='ltr'>cum</span> <span class='ocrx_word' id='word_1_197' title='bbox 651 2795 729 2849; x_wconf 90' lang='lat' dir='ltr'>ita</span> <span class='ocrx_word' id='word_1_198' title='bbox 780 2795 912 2863; x_wconf 92' lang='lat' dir='ltr'>sint,</span> <span class='ocrx_word' id='word_1_199' title='bbox 963 2814 1035 2852; x_wconf 91' lang='lat' dir='ltr'>an</span> <span class='ocrx_word' id='word_1_200' title='bbox 1085 2797 1178 2852; x_wconf 91' lang='lat' dir='ltr'>hic</span> <span class='ocrx_word' id='word_1_201' title='bbox 1227 2799 1376 2854; x_wconf 86' lang='lat' dir='ltr'>liber</span> <span class='ocrx_word' id='word_1_202' title='bbox 1419 2801 1754 2871; x_wconf 84' lang='lat' dir='ltr'>Adelboldo,</span> <span class='ocrx_word' id='word_1_203' title='bbox 1817 2803 1935 2856; x_wconf 90' lang='lat' dir='ltr'>viro</span> 
     </span>
    </p>
   </div>
   <div class='ocr_carea' id='block_1_29' title="bbox 239 2882 1934 2962">
    <p class='ocr_par' dir='ltr' id='par_1_29' title="bbox 239 2882 1934 2962">
     <span class='ocr_line' id='line_1_29' title="bbox 239 2882 1934 2962; baseline 0.006 -27"><span class='ocrx_word' id='word_1_204' title='bbox 239 2882 328 2937; x_wconf 88' lang='lat' dir='ltr'>sui</span> <span class='ocrx_word' id='word_1_205' title='bbox 373 2884 648 2954; x_wconf 90' lang='lat' dir='ltr'>temporis</span> <span class='ocrx_word' id='word_1_206' title='bbox 677 2899 925 2952; x_wconf 90' lang='lat' dir='ltr'>summo,</span> <span class='ocrx_word' id='word_1_207' title='bbox 977 2886 1078 2957; x_wconf 91' lang='lat' dir='ltr'>qui</span> <span class='ocrx_word' id='word_1_208' title='bbox 1122 2887 1195 2942; x_wconf 89' lang='lat' dir='ltr'>ab</span> <span class='ocrx_word' id='word_1_209' title='bbox 1239 2887 1470 2943; x_wconf 88' lang='lat' dir='ltr'>Hen.ico</span> <span class='ocrx_word' id='word_1_210' title='bbox 1509 2889 1571 2943; x_wconf 92' lang='lat' dir='ltr'>in</span> <span class='ocrx_word' id='word_1_211' title='bbox 1610 2891 1780 2944; x_wconf 87' lang='lat' dir='ltr'>rebus</span> <span class='ocrx_word' id='word_1_212' title='bbox 1827 2907 1934 2962; x_wconf 89' lang='lat' dir='ltr'>pu-</span> 
     </span>
    </p>
   </div>
   <div class='ocr_carea' id='block_1_30' title="bbox 237 2962 2012 3048">
    <p class='ocr_par' dir='ltr' id='par_1_30' title="bbox 237 2962 2012 3048">
     <span class='ocr_line' id='line_1_30' title="bbox 237 2962 2012 3048; baseline 0.005 -24"><span class='ocrx_word' id='word_1_213' title='bbox 237 2970 399 3025; x_wconf 89' lang='lat' dir='ltr'>blicis</span> <span class='ocrx_word' id='word_1_214' title='bbox 430 2988 549 3027; x_wconf 87' lang='lat' dir='ltr'>non</span> <span class='ocrx_word' id='word_1_215' title='bbox 581 2987 710 3029; x_wconf 89' lang='lat' dir='ltr'>raro</span> <span class='ocrx_word' id='word_1_216' title='bbox 757 2978 842 3028; x_wconf 92' lang='lat' dir='ltr'>est</span> <span class='ocrx_word' id='word_1_217' title='bbox 877 2974 1172 3030; x_wconf 87' lang='lat' dir='ltr'>adhibitus</span> <span class='ocrx_word' id='word_1_218' title='bbox 1201 2975 1332 3046; x_wconf 92' lang='lat'>(10),</span> <span class='ocrx_word' id='word_1_219' title='bbox 1362 2976 1538 3032; x_wconf 89' lang='lat' dir='ltr'>tribui</span> <span class='ocrx_word' id='word_1_220' title='bbox 1573 2978 1766 3048; x_wconf 90' lang='lat' dir='ltr'>possit,</span> <span class='ocrx_word' id='word_1_221' title='bbox 1818 2993 1936 3032; x_wconf 91' lang='lat' dir='ltr'>non</span> <span class='ocrx_word' id='word_1_222' title='bbox 1974 2962 2012 3016; x_wconf 66' lang='grc' dir='ltr'>(ἶ</span> 
     </span>
    </p>
   </div>
   <div class='ocr_carea' id='block_1_31' title="bbox 237 3059 1937 3138">
    <p class='ocr_par' dir='ltr' id='par_1_31' title="bbox 237 3059 1937 3138">
     <span class='ocr_line' id='line_1_31' title="bbox 237 3059 1937 3138; baseline 0.005 -24"><span class='ocrx_word' id='word_1_223' title='bbox 237 3059 360 3115; x_wconf 92' lang='lat' dir='ltr'>sine</span> <span class='ocrx_word' id='word_1_224' title='bbox 407 3077 580 3116; x_wconf 90' lang='lat' dir='ltr'>causa</span> <span class='ocrx_word' id='word_1_225' title='bbox 640 3062 892 3118; x_wconf 90' lang='lat' dir='ltr'>dubitari</span> <span class='ocrx_word' id='word_1_226' title='bbox 943 3079 1114 3134; x_wconf 90' lang='lat' dir='ltr'>posse</span> <span class='ocrx_word' id='word_1_227' title='bbox 1177 3064 1424 3119; x_wconf 87' lang='lat' dir='ltr'>videtur.</span> <span class='ocrx_word' id='word_1_228' title='bbox 1493 3066 1726 3121; x_wconf 88' lang='lat' dir='ltr'>Accedit</span> <span class='ocrx_word' id='word_1_229' title='bbox 1781 3068 1937 3138; x_wconf 91' lang='lat' dir='ltr'>quod</span> 
     </span>
    </p>
   </div>
   <div class='ocr_carea' id='block_1_32' title="bbox 312 3216 1932 3291">
    <p class='ocr_par' dir='ltr' id='par_1_32' title="bbox 312 3216 1932 3291">
     <span class='ocr_line' id='line_1_32' title="bbox 312 3216 1932 3291; baseline 0.005 -21"><span class='ocrx_word' id='word_1_230' title='bbox 312 3216 392 3291; x_wconf 83' lang='lat'>(6)</span> <span class='ocrx_word' id='word_1_231' title='bbox 425 3216 580 3291; x_wconf 39' lang='lat' dir='ltr'>Quae.</span> <span class='ocrx_word' id='word_1_232' title='bbox 602 3216 664 3269; x_wconf 92' lang='lat' dir='ltr'>in</span> <span class='ocrx_word' id='word_1_233' title='bbox 713 3217 1060 3291; x_wconf 77' lang='lat' dir='ltr'>contrariam</span> <span class='ocrx_word' id='word_1_234' title='bbox 1096 3221 1440 3291; x_wconf 79' lang='lat' dir='ltr'>sententiam</span> <span class='ocrx_word' id='word_1_235' title='bbox 1470 3222 1726 3276; x_wconf 91' lang='lat' dir='ltr'>Gontzen</span> <span class='ocrx_word' id='word_1_236' title='bbox 1777 3223 1932 3291; x_wconf 54' lang='lat' dir='ltr'>(Ges.</span> 
     </span>
    </p>
   </div>
   <div class='ocr_carea' id='block_1_33' title="bbox 238 3285 1937 3357">
    <p class='ocr_par' dir='ltr' id='par_1_33' title="bbox 238 3285 1937 3357">
     <span class='ocr_line' id='line_1_33' title="bbox 238 3285 1937 3357; baseline 0.005 -18"><span class='ocrx_word' id='word_1_237' title='bbox 238 3285 671 3357; x_wconf 74' lang='lat' dir='ltr'>chichtscreiber,</span> <span class='ocrx_word' id='word_1_238' title='bbox 707 3304 762 3357; x_wconf 95' lang='lat' dir='ltr'>p.</span> <span class='ocrx_word' id='word_1_239' title='bbox 801 3287 944 3356; x_wconf 71' lang='grc'>145),</span> <span class='ocrx_word' id='word_1_240' title='bbox 969 3289 1160 3342; x_wconf 90' lang='lat' dir='ltr'>attulit</span> <span class='ocrx_word' id='word_1_241' title='bbox 1207 3291 1423 3344; x_wconf 90' lang='lat' dir='ltr'>nullius</span> <span class='ocrx_word' id='word_1_242' title='bbox 1480 3308 1600 3346; x_wconf 89' lang='lat' dir='ltr'>esse</span> <span class='ocrx_word' id='word_1_243' title='bbox 1659 3285 1937 3348; x_wconf 86' lang='lat' dir='ltr'>momenti</span> 
     </span>
    </p>
   </div>
   <div class='ocr_carea' id='block_1_34' title="bbox 232 3355 692 3426">
    <p class='ocr_par' dir='ltr' id='par_1_34' title="bbox 232 3355 692 3426">
     <span class='ocr_line' id='line_1_34' title="bbox 232 3355 692 3426; baseline 0 -18"><span class='ocrx_word' id='word_1_244' title='bbox 232 3355 353 3426; x_wconf 90' lang='lat' dir='ltr'>jam</span> <span class='ocrx_word' id='word_1_245' title='bbox 378 3355 527 3426; x_wconf 89' lang='lat' dir='ltr'>alibi</span> <span class='ocrx_word' id='word_1_246' title='bbox 557 3356 692 3409; x_wconf 81' lang='lat' dir='ltr'>dixi.</span> 
     </span>
    </p>
   </div>
   <div class='ocr_carea' id='block_1_35' title="bbox 308 3425 1936 3503">
    <p class='ocr_par' dir='ltr' id='par_1_35' title="bbox 308 3425 1936 3503">
     <span class='ocr_line' id='line_1_35' title="bbox 308 3425 1936 3503; baseline 0.006 -24"><span class='ocrx_word' id='word_1_247' title='bbox 308 3425 391 3503; x_wconf 85' lang='lat'>(7)</span> <span class='ocrx_word' id='word_1_248' title='bbox 422 3426 500 3480; x_wconf 86' lang='lat' dir='ltr'>Ea</span> <span class='ocrx_word' id='word_1_249' title='bbox 531 3432 758 3481; x_wconf 84' lang='lat' dir='ltr'>tantum</span> <span class='ocrx_word' id='word_1_250' title='bbox 784 3445 913 3500; x_wconf 54' lang='lat' dir='ltr'>quae</span> <span class='ocrx_word' id='word_1_251' title='bbox 943 3429 1014 3484; x_wconf 90' lang='lat' dir='ltr'>de</span> <span class='ocrx_word' id='word_1_252' title='bbox 1047 3430 1267 3487; x_wconf 88' lang='lat' dir='ltr'>Ottonis</span> <span class='ocrx_word' id='word_1_253' title='bbox 1298 3432 1372 3485; x_wconf 89' lang='lat' dir='ltr'>IlI</span> <span class='ocrx_word' id='word_1_254' title='bbox 1402 3447 1640 3503; x_wconf 86' lang='lat' dir='ltr'>corpore</span> <span class='ocrx_word' id='word_1_255' title='bbox 1689 3432 1750 3487; x_wconf 96' lang='lat' dir='ltr'>in</span> <span class='ocrx_word' id='word_1_256' title='bbox 1799 3434 1936 3489; x_wconf 89' lang='lat' dir='ltr'>Ger-</span> 
     </span>
    </p>
   </div>
   <div class='ocr_carea' id='block_1_36' title="bbox 237 3502 1936 3573">
    <p class='ocr_par' dir='ltr' id='par_1_36' title="bbox 237 3502 1936 3573">
     <span class='ocr_line' id='line_1_36' title="bbox 237 3502 1936 3573; baseline 0.006 -24"><span class='ocrx_word' id='word_1_257' title='bbox 237 3502 830 3573; x_wconf 66' lang='lat' dir='ltr'>maniamreportato</span> <span class='ocrx_word' id='word_1_258' title='bbox 888 3506 1198 3573; x_wconf 88' lang='lat' dir='ltr'>narrantur</span> <span class='ocrx_word' id='word_1_259' title='bbox 1261 3507 1318 3556; x_wconf 91' lang='lat' dir='ltr'>et</span> <span class='ocrx_word' id='word_1_260' title='bbox 1383 3502 1650 3573; x_wconf 62' lang='lat' dir='ltr'>quaedam</span> <span class='ocrx_word' id='word_1_261' title='bbox 1692 3504 1936 3560; x_wconf 89' lang='lat' dir='ltr'>minoris</span> 
     </span>
    </p>
   </div>
   <div class='ocr_carea' id='block_1_37' title="bbox 238 3568 1715 3645">
    <p class='ocr_par' dir='ltr' id='par_1_37' title="bbox 238 3568 1715 3645">
     <span class='ocr_line' id='line_1_37' title="bbox 238 3568 1715 3645; baseline 0.005 -25"><span class='ocrx_word' id='word_1_262' title='bbox 238 3568 518 3645; x_wconf 67' lang='lat' dir='ltr'>momenti</span> <span class='ocrx_word' id='word_1_263' title='bbox 546 3569 702 3639; x_wconf 91' lang='lat' dir='ltr'>apud</span> <span class='ocrx_word' id='word_1_264' title='bbox 730 3571 1129 3645; x_wconf 82' lang='lat' dir='ltr'>Thietmarum</span> <span class='ocrx_word' id='word_1_265' title='bbox 1158 3572 1369 3628; x_wconf 86' lang='lat' dir='ltr'>frustra</span> <span class='ocrx_word' id='word_1_266' title='bbox 1398 3568 1715 3645; x_wconf 72' lang='lat' dir='ltr'>quaesieris.</span> 
     </span>
    </p>
   </div>
   <div class='ocr_carea' id='block_1_38' title="bbox 307 3639 1930 3716">
    <p class='ocr_par' dir='ltr' id='par_1_38' title="bbox 307 3639 1930 3716">
     <span class='ocr_line' id='line_1_38' title="bbox 307 3639 1930 3716; baseline 0.006 -24"><span class='ocrx_word' id='word_1_267' title='bbox 307 3639 492 3716; x_wconf 78' lang='lat' dir='ltr'>(8).E.</span> <span class='ocrx_word' id='word_1_268' title='bbox 535 3657 647 3716; x_wconf 81' lang='lat' dir='ltr'>gr.,</span> <span class='ocrx_word' id='word_1_269' title='bbox 690 3657 757 3716; x_wconf 89' lang='lat' dir='ltr'>c._</span> <span class='ocrx_word' id='word_1_270' title='bbox 789 3647 846 3716; x_wconf 98' lang='grc'>7,</span> <span class='ocrx_word' id='word_1_271' title='bbox 887 3643 1058 3716; x_wconf 83' lang='lat' dir='ltr'>verba</span> <span class='ocrx_word' id='word_1_272' title='bbox 1107 3659 1235 3714; x_wconf 81' lang='lat' dir='ltr'>quae</span> <span class='ocrx_word' id='word_1_273' title='bbox 1288 3639 1436 3716; x_wconf 50' lang='lat' dir='ltr'>regi-</span> <span class='ocrx_word' id='word_1_274' title='bbox 1458 3646 1680 3712; x_wconf 88' lang='lat' dir='ltr'>tribuit,</span> <span class='ocrx_word' id='word_1_275' title='bbox 1735 3664 1784 3700; x_wconf 92' lang='lat' dir='ltr'>c.</span> <span class='ocrx_word' id='word_1_276' title='bbox 1847 3650 1930 3716; x_wconf 90' lang='lat'>13,</span> 
     </span>
    </p>
   </div>
   <div class='ocr_carea' id='block_1_39' title="bbox 237 3710 1800 3786">
    <p class='ocr_par' dir='ltr' id='par_1_39' title="bbox 237 3710 1800 3786">
     <span class='ocr_line' id='line_1_39' title="bbox 237 3710 1800 3786; baseline 0.004 -21"><span class='ocrx_word' id='word_1_277' title='bbox 237 3710 652 3786; x_wconf 62' lang='lat' dir='ltr'>deflermanni</span> <span class='ocrx_word' id='word_1_278' title='bbox 675 3712 1028 3786; x_wconf 69' lang='lat' dir='ltr'>subjeetione</span> <span class='ocrx_word' id='word_1_279' title='bbox 1058 3710 1142 3780; x_wconf 47' lang='lat' dir='ltr'>;c&#39;.</span> <span class='ocrx_word' id='word_1_280' title='bbox 1167 3717 1252 3782; x_wconf 88' lang='lat'>38,</span> <span class='ocrx_word' id='word_1_281' title='bbox 1296 3710 1546 3786; x_wconf 59' lang='lat' dir='ltr'>de&#39;regis</span> <span class='ocrx_word' id='word_1_282' title='bbox 1587 3710 1800 3771; x_wconf 89' lang='lat' dir='ltr'>animo.</span> 
     </span>
    </p>
   </div>
   <div class='ocr_carea' id='block_1_40' title="bbox 307 3782 1932 3857">
    <p class='ocr_par' dir='ltr' id='par_1_40' title="bbox 307 3782 1932 3857">
     <span class='ocr_line' id='line_1_40' title="bbox 307 3782 1932 3857; baseline 0.005 -23"><span class='ocrx_word' id='word_1_283' title='bbox 307 3783 386 3857; x_wconf 85' lang='lat'>(_9_)</span> <span class='ocrx_word' id='word_1_284' title='bbox 421 3782 478 3835; x_wconf 90' lang='lat' dir='ltr'>E.</span> <span class='ocrx_word' id='word_1_285' title='bbox 541 3798 652 3857; x_wconf 44' lang='grc' dir='ltr'>ετξ,</span> <span class='ocrx_word' id='word_1_286' title='bbox 703 3799 752 3857; x_wconf 75' lang='lat' dir='ltr'>e_.</span> <span class='ocrx_word' id='word_1_287' title='bbox 784 3784 902 3857; x_wconf 87' lang='lat'>_17,</span> <span class='ocrx_word' id='word_1_288' title='bbox 948 3801 1224 3839; x_wconf 90' lang='lat' dir='ltr'>numerus</span> <span class='ocrx_word' id='word_1_289' title='bbox 1273 3782 1573 3857; x_wconf 76' lang='lat' dir='ltr'>utriusque</span> <span class='ocrx_word' id='word_1_290' title='bbox 1630 3789 1932 3856; x_wconf 80' lang='lat' dir='ltr'>exercitus,</span> 
     </span>
    </p>
   </div>
   <div class='ocr_carea' id='block_1_41' title="bbox 235 3853 1731 3927">
    <p class='ocr_par' dir='ltr' id='par_1_41' title="bbox 235 3853 1731 3927">
     <span class='ocr_line' id='line_1_41' title="bbox 235 3853 1731 3927; baseline 0.004 -21"><span class='ocrx_word' id='word_1_291' title='bbox 235 3868 284 3906; x_wconf 91' lang='lat' dir='ltr'>c.</span> <span class='ocrx_word' id='word_1_292' title='bbox 316 3853 410 3927; x_wconf 64' lang='lat'>34,</span> <span class='ocrx_word' id='word_1_293' title='bbox 442 3868 570 3927; x_wconf 72' lang='lat' dir='ltr'>q_u_a_=</span> <span class='ocrx_word' id='word_1_294' title='bbox 600 3853 669 3908; x_wconf 92' lang='lat' dir='ltr'>de</span> <span class='ocrx_word' id='word_1_295' title='bbox 701 3855 1025 3926; x_wconf 85' lang='lat' dir='ltr'>Helmigero</span> <span class='ocrx_word' id='word_1_296' title='bbox 1055 3857 1352 3927; x_wconf 88' lang='lat' dir='ltr'>capellano</span> <span class='ocrx_word' id='word_1_297' title='bbox 1379 3853 1731 3913; x_wconf 80' lang='lat' dir='ltr'>inseruntur.</span> 
     </span>
    </p>
   </div>
   <div class='ocr_carea' id='block_1_42' title="bbox 306 3923 1929 4003">
    <p class='ocr_par' dir='ltr' id='par_1_42' title="bbox 306 3923 1929 4003">
     <span class='ocr_line' id='line_1_42' title="bbox 306 3923 1929 4003; baseline 0.005 -27"><span class='ocrx_word' id='word_1_298' title='bbox 306 3923 421 4003; x_wconf 82' lang='lat'>(_1_0)</span> <span class='ocrx_word' id='word_1_299' title='bbox 443 3924 822 4003; x_wconf 41' lang='lat' dir='ltr'>.T_hiet_marus</span> <span class='ocrx_word' id='word_1_300' title='bbox 853 3923 930 4003; x_wconf 61' lang='lat' dir='ltr'>vi,</span> <span class='ocrx_word' id='word_1_301' title='bbox 961 3929 1048 3982; x_wconf 88' lang='grc'>50.</span> <span class='ocrx_word' id='word_1_302' title='bbox 1099 3923 1367 4003; x_wconf 56' lang='lat' dir='ltr'>A&#39;lpertus</span> <span class='ocrx_word' id='word_1_303' title='bbox 1423 3946 1483 3995; x_wconf 82' lang='grc' dir='ltr'>ιι,</span> <span class='ocrx_word' id='word_1_304' title='bbox 1524 3933 1575 3998; x_wconf 89' lang='grc'>3,</span> <span class='ocrx_word' id='word_1_305' title='bbox 1613 3933 1698 4003; x_wconf 79' lang='grc'>10,</span> <span class='ocrx_word' id='word_1_306' title='bbox 1731 3933 1816 4003; x_wconf 80' lang='lat'>13,</span> <span class='ocrx_word' id='word_1_307' title='bbox 1840 3933 1929 3984; x_wconf 90' lang='grc'>21.</span> 
     </span>
    </p>
   </div>
   <div class='ocr_carea' id='block_1_43' title="bbox 238 3995 1932 4071">
    <p class='ocr_par' dir='ltr' id='par_1_43' title="bbox 238 3995 1932 4071">
     <span class='ocr_line' id='line_1_43' title="bbox 238 3995 1932 4071; baseline 0.004 -25"><span class='ocrx_word' id='word_1_308' title='bbox 238 3995 513 4071; x_wconf 76' lang='lat' dir='ltr'>Baldarici</span> <span class='ocrx_word' id='word_1_309' title='bbox 577 3995 832 4071; x_wconf 74' lang='lat' dir='ltr'>_Ch_ron._</span> <span class='ocrx_word' id='word_1_310' title='bbox 893 3998 1048 4052; x_wconf 89' lang='lat' dir='ltr'>Cam.</span> <span class='ocrx_word' id='word_1_311' title='bbox 1133 3995 1213 4071; x_wconf 67' lang='lat' dir='ltr'>tu,</span> <span class='ocrx_word' id='word_1_312' title='bbox 1285 4000 1368 4066; x_wconf 81' lang='grc'>14,</span> <span class='ocrx_word' id='word_1_313' title='bbox 1452 3995 1570 4054; x_wconf 45' lang='grc'>17(</span> <span class='ocrx_word' id='word_1_314' title='bbox 1606 3995 1932 4071; x_wconf 83' lang='lat' dir='ltr'>Sigebertus</span> 
     </span>
    </p>
   </div>
   <div class='ocr_carea' id='block_1_44' title="bbox 237 4065 1928 4140">
    <p class='ocr_par' dir='ltr' id='par_1_44' title="bbox 237 4065 1928 4140">
     <span class='ocr_line' id='line_1_44' title="bbox 237 4065 1928 4140; baseline 0.005 -22"><span class='ocrx_word' id='word_1_315' title='bbox 237 4080 288 4118; x_wconf 91' lang='lat' dir='ltr'>a.</span> <span class='ocrx_word' id='word_1_316' title='bbox 347 4065 500 4140; x_wconf 49' lang='lat'>1905.</span> <span class='ocrx_word' id='word_1_317' title='bbox 530 4066 1214 4140; x_wconf 12' lang='lat' dir='ltr'>hdelholdumrHenrici</span> <span class='ocrx_word' id='word_1_318' title='bbox 1274 4065 1698 4126; x_wconf 54' lang='lat' dir='ltr'>cancellarium&#39;</span> <span class='ocrx_word' id='word_1_319' title='bbox 1733 4072 1928 4140; x_wconf 89' lang='lat' dir='ltr'>fuisse,</span> 
     </span>
    </p>
   </div>
   <div class='ocr_carea' id='block_1_45' title="bbox 238 4135 1928 4212">
    <p class='ocr_par' dir='ltr' id='par_1_45' title="bbox 238 4135 1928 4212">
     <span class='ocr_line' id='line_1_45' title="bbox 238 4135 1928 4212; baseline 0.007 -25"><span class='ocrx_word' id='word_1_320' title='bbox 238 4136 392 4212; x_wconf 91' lang='lat' dir='ltr'>quod</span> <span class='ocrx_word' id='word_1_321' title='bbox 449 4135 819 4212; x_wconf 14' lang='lat' dir='ltr'>&quot;I‘rithemius‘</span> <span class='ocrx_word' id='word_1_322' title='bbox 866 4138 1031 4212; x_wconf 13' lang='lat' dir='ltr'>dicit,</span> <span class='ocrx_word' id='word_1_323' title='bbox 1066 4141 1298 4209; x_wconf 85' lang='lat' dir='ltr'>(Chron.</span> <span class='ocrx_word' id='word_1_324' title='bbox 1378 4143 1508 4196; x_wconf 82' lang='lat' dir='ltr'>Hirs</span> <span class='ocrx_word' id='word_1_325' title='bbox 1558 4159 1594 4209; x_wconf 79' lang='grc' dir='ltr'>ι,</span> <span class='ocrx_word' id='word_1_326' title='bbox 1657 4159 1715 4212; x_wconf 94' lang='lat' dir='ltr'>p.</span> <span class='ocrx_word' id='word_1_327' title='bbox 1786 4135 1928 4211; x_wconf 76' lang='lat'>150),</span> 
     </span>
    </p>
   </div>
   <div class='ocr_carea' id='block_1_46' title="bbox 235 4206 2009 4297">
    <p class='ocr_par' dir='ltr' id='par_1_46' title="bbox 235 4206 2009 4297">
     <span class='ocr_line' id='line_1_46' title="bbox 235 4206 2009 4297; baseline 0.006 -38"><span class='ocrx_word' id='word_1_328' title='bbox 235 4206 1185 4297; x_wconf 32' lang='lat' dir='ltr'>apertﬂe‘falisum‘est&#39;dieltaChron.</span> <span class='ocrx_word' id='word_1_329' title='bbox 1211 4212 1409 4282; x_wconf 89' lang='lat' dir='ltr'>Ultraj.</span> <span class='ocrx_word' id='word_1_330' title='bbox 1445 4213 1552 4297; x_wconf 46' lang='lat' dir='ltr'>(ed‘.</span> <span class='ocrx_word' id='word_1_331' title='bbox 1581 4206 1750 4297; x_wconf 30' lang='lat' dir='ltr'>’Ultr;</span> <span class='ocrx_word' id='word_1_332' title='bbox 1761 4217 1786 4297; x_wconf 41' lang='lat'>.1</span> <span class='ocrx_word' id='word_1_333' title='bbox 1801 4206 1922 4280; x_wconf 64' lang='lat'>6-13,</span> <span class='ocrx_word' id='word_1_334' title='bbox 1966 4243 2009 4297; x_wconf 70' lang='grc' dir='ltr'><strong>Β</strong></span> 
     </span>
    </p>
   </div>
   <div class='ocr_carea' id='block_1_47' title="bbox 235 4277 1922 4353">
    <p class='ocr_par' dir='ltr' id='par_1_47' title="bbox 235 4277 1922 4353">
     <span class='ocr_line' id='line_1_47' title="bbox 235 4277 1922 4353; baseline 0.005 -24"><span class='ocrx_word' id='word_1_335' title='bbox 235 4292 293 4346; x_wconf 91' lang='lat' dir='ltr'>p.</span> <span class='ocrx_word' id='word_1_336' title='bbox 351 4280 440 4344; x_wconf 88' lang='lat'>37)</span> <span class='ocrx_word' id='word_1_337' title='bbox 510 4277 699 4353; x_wconf 70' lang='lat' dir='ltr'>ipsum</span> <span class='ocrx_word' id='word_1_338' title='bbox 756 4280 983 4353; x_wconf 23' lang='lat' dir='ltr'>[lienrici</span> <span class='ocrx_word' id='word_1_339' title='bbox 1041 4282 1180 4336; x_wconf 92' lang='lat' dir='ltr'>dicit</span> <span class='ocrx_word' id='word_1_340' title='bbox 1236 4277 1661 4353; x_wconf 77' lang='lat' dir='ltr'>proconsulem,</span> <span class='ocrx_word' id='word_1_341' title='bbox 1713 4277 1922 4340; x_wconf 49' lang='lat' dir='ltr'>Chron;</span> 
     </span>
    </p>
   </div>
   <div class='ocr_carea' id='block_1_48' title="bbox 236 4349 1930 4427">
    <p class='ocr_par' dir='ltr' id='par_1_48' title="bbox 236 4349 1930 4427">
     <span class='ocr_line' id='line_1_48' title="bbox 236 4349 1930 4427; baseline 0.007 -28"><span class='ocrx_word' id='word_1_342' title='bbox 236 4362 510 4427; x_wconf 76' lang='lat' dir='ltr'>magnum</span> <span class='ocrx_word' id='word_1_343' title='bbox 545 4349 704 4427; x_wconf 77' lang='lat' dir='ltr'>Belg.</span> <span class='ocrx_word' id='word_1_344' title='bbox 756 4351 984 4427; x_wconf 79' lang='lat' dir='ltr'>(Pistor.</span> <span class='ocrx_word' id='word_1_345' title='bbox 1038 4353 1133 4420; x_wconf 91' lang='grc' dir='ltr'>ΙΙΙ,</span> <span class='ocrx_word' id='word_1_346' title='bbox 1167 4349 1390 4424; x_wconf 74' lang='grc' dir='ltr'>ρ.’105)</span> <span class='ocrx_word' id='word_1_347' title='bbox 1418 4349 1694 4410; x_wconf 83' lang='lat' dir='ltr'>eximium</span> <span class='ocrx_word' id='word_1_348' title='bbox 1738 4356 1930 4426; x_wconf 91' lang='lat' dir='ltr'>impe-</span> 
     </span>
    </p>
   </div>
   <div class='ocr_carea' id='block_1_49' title="bbox 234 4420 892 4474">
    <p class='ocr_par' dir='ltr' id='par_1_49' title="bbox 234 4420 892 4474">
     <span class='ocr_line' id='line_1_49' title="bbox 234 4420 892 4474; baseline 0.003 -2"><span class='ocrx_word' id='word_1_349' title='bbox 234 4420 445 4472; x_wconf 88' lang='lat' dir='ltr'>ratoris</span> <span class='ocrx_word' id='word_1_350' title='bbox 475 4420 892 4474; x_wconf 88' lang='lat' dir='ltr'>conciliarium.</span> 
     </span>
    </p>
   </div>
   <div class='ocr_carea' id='block_1_50' title="bbox 308 4488 1925 4569">
    <p class='ocr_par' dir='ltr' id='par_1_50' title="bbox 308 4488 1925 4569">
     <span class='ocr_line' id='line_1_50' title="bbox 308 4488 1925 4569; baseline 0.006 -28"><span class='ocrx_word' id='word_1_351' title='bbox 308 4488 422 4569; x_wconf 56' lang='grc'>(1</span> <span class='ocrx_word' id='word_1_352' title='bbox 453 4489 775 4569; x_wconf 62' lang='lat' dir='ltr'>Gestaepp.</span> <span class='ocrx_word' id='word_1_353' title='bbox 808 4491 974 4569; x_wconf 80' lang='lat' dir='ltr'>Leod.</span> <span class='ocrx_word' id='word_1_354' title='bbox 1004 4493 1194 4569; x_wconf 41' lang='lat'>111.26,</span> <span class='ocrx_word' id='word_1_355' title='bbox 1228 4510 1355 4569; x_wconf 86' lang='lat' dir='ltr'>app.</span> <span class='ocrx_word' id='word_1_356' title='bbox 1387 4497 1636 4550; x_wconf 79' lang='lat' dir='ltr'>Martene</span> <span class='ocrx_word' id='word_1_357' title='bbox 1665 4497 1783 4551; x_wconf 91' lang='lat' dir='ltr'>Col.</span> <span class='ocrx_word' id='word_1_358' title='bbox 1809 4568 1812 4569; x_wconf 16' lang='grc' dir='ltr'><em>ν</em></span> <span class='ocrx_word' id='word_1_359' title='bbox 1835 4497 1925 4564; x_wconf 92' lang='lat' dir='ltr'>IV,</span> 
     </span>
    </p>
   </div>
   <div class='ocr_carea' id='block_1_51' title="bbox 234 4559 1930 4635">
    <p class='ocr_par' dir='ltr' id='par_1_51' title="bbox 234 4559 1930 4635">
     <span class='ocr_line' id='line_1_51' title="bbox 234 4559 1930 4635; baseline 0.007 -24"><span class='ocrx_word' id='word_1_360' title='bbox 234 4574 292 4635; x_wconf 85' lang='lat' dir='ltr'>p.</span> <span class='ocrx_word' id='word_1_361' title='bbox 323 4560 453 4635; x_wconf 63' lang='lat'>865.</span> <span class='ocrx_word' id='word_1_362' title='bbox 479 4589 548 4635; x_wconf 54' lang='grc' dir='ltr'>-ῖ</span> <span class='ocrx_word' id='word_1_363' title='bbox 576 4559 903 4635; x_wconf 73' lang='lat' dir='ltr'>Sigebertus</span> <span class='ocrx_word' id='word_1_364' title='bbox 933 4563 1003 4618; x_wconf 95' lang='lat' dir='ltr'>de</span> <span class='ocrx_word' id='word_1_365' title='bbox 1052 4563 1146 4619; x_wconf 91' lang='lat' dir='ltr'>SS.</span> <span class='ocrx_word' id='word_1_366' title='bbox 1182 4559 1346 4626; x_wconf 68' lang='lat' dir='ltr'>eoat,</span> <span class='ocrx_word' id='word_1_367' title='bbox 1378 4582 1426 4622; x_wconf 91' lang='lat' dir='ltr'>c.</span> <span class='ocrx_word' id='word_1_368' title='bbox 1488 4571 1607 4635; x_wconf 88' lang='lat'>138,</span> <span class='ocrx_word' id='word_1_369' title='bbox 1657 4559 1930 4622; x_wconf 49' lang='lat' dir='ltr'>Adelbol-L</span> 
     </span>
    </p>
   </div>
   <div class='ocr_carea' id='block_1_52' title="bbox 237 4630 1278 4691">
    <p class='ocr_par' dir='ltr' id='par_1_52' title="bbox 237 4630 1278 4691">
     <span class='ocr_line' id='line_1_52' title="bbox 237 4630 1278 4691; baseline 0.008 -8"><span class='ocrx_word' id='word_1_370' title='bbox 237 4630 377 4683; x_wconf 91' lang='lat' dir='ltr'>dum</span> <span class='ocrx_word' id='word_1_371' title='bbox 408 4630 680 4686; x_wconf 87' lang='lat' dir='ltr'>clericum</span> <span class='ocrx_word' id='word_1_372' title='bbox 711 4633 1088 4690; x_wconf 89' lang='lat' dir='ltr'>Laubiensem</span> <span class='ocrx_word' id='word_1_373' title='bbox 1119 4635 1278 4691; x_wconf 90' lang='lat' dir='ltr'>dicit.</span> 
     </span>
    </p>
   </div>
   <div class='ocr_carea' id='block_1_53' title="bbox 299 4700 1004 4773">
    <p class='ocr_par' dir='ltr' id='par_1_53' title="bbox 299 4700 1004 4773">
     <span class='ocr_line' id='line_1_53' title="bbox 299 4700 1004 4773; baseline 0.01 -19"><span class='ocrx_word' id='word_1_374' title='bbox 299 4700 410 4772; x_wconf 85' lang='lat'>(12)</span> <span class='ocrx_word' id='word_1_375' title='bbox 440 4701 630 4773; x_wconf 86' lang='lat' dir='ltr'>Sigeb.</span> <span class='ocrx_word' id='word_1_376' title='bbox 659 4704 697 4758; x_wconf 92' lang='lat' dir='ltr'>l.</span> <span class='ocrx_word' id='word_1_377' title='bbox 726 4706 766 4770; x_wconf 90' lang='grc' dir='ltr'>Ι,</span> <span class='ocrx_word' id='word_1_378' title='bbox 804 4721 834 4760; x_wconf 94' lang='lat' dir='ltr'>c</span> <span class='ocrx_word' id='word_1_379' title='bbox 889 4709 1004 4761; x_wconf 87' lang='lat'>137.</span> 
     </span>
    </p>
   </div>
   <div class='ocr_carea' id='block_1_54' title="bbox 305 4775 1186 4848">
    <p class='ocr_par' dir='ltr' id='par_1_54' title="bbox 305 4775 1186 4848">
     <span class='ocr_line' id='line_1_54' title="bbox 305 4775 1186 4848; baseline 0.008 -22"><span class='ocrx_word' id='word_1_380' title='bbox 305 4775 417 4848; x_wconf 77' lang='lat' dir='ltr'>(l3)</span> <span class='ocrx_word' id='word_1_381' title='bbox 453 4777 555 4829; x_wconf 89' lang='lat' dir='ltr'>Pez</span> <span class='ocrx_word' id='word_1_382' title='bbox 588 4776 751 4848; x_wconf 85' lang='lat' dir='ltr'>Thes.</span> <span class='ocrx_word' id='word_1_383' title='bbox 783 4778 877 4844; x_wconf 92' lang='lat' dir='ltr'>IlI,</span> <span class='ocrx_word' id='word_1_384' title='bbox 910 4794 970 4846; x_wconf 80' lang='grc' dir='ltr'>ιι,</span> <span class='ocrx_word' id='word_1_385' title='bbox 1005 4794 1062 4848; x_wconf 92' lang='lat' dir='ltr'>p.</span> <span class='ocrx_word' id='word_1_386' title='bbox 1098 4781 1186 4833; x_wconf 89' lang='lat'>87.</span> 
     </span>
    </p>
   </div>
   <div class='ocr_carea' id='block_1_55' title="bbox 231 4845 1924 4988">
    <p class='ocr_par' dir='ltr' id='par_1_55' title="bbox 231 4845 1924 4988">
     <span class='ocr_line' id='line_1_55' title="bbox 231 4845 1924 4988; baseline 0.001 -86"><span class='ocrx_word' id='word_1_387' title='bbox 231 4916 276 4983; x_wconf 58' lang='grc'>1,</span> <span class='ocrx_word' id='word_1_388' title='bbox 303 4845 726 4988; x_wconf 42' lang='grc' dir='ltr'>ςξέἑξῧῗηοηίε</span> <span class='ocrx_word' id='word_1_389' title='bbox 771 4848 937 4920; x_wconf 85' lang='lat' dir='ltr'>epist.</span> <span class='ocrx_word' id='word_1_390' title='bbox 988 4845 1059 4904; x_wconf 75' lang='lat' dir='ltr'>ad</span> <span class='ocrx_word' id='word_1_391' title='bbox 1113 4849 1428 4905; x_wconf 87' lang='lat' dir='ltr'>Aribonem</span> <span class='ocrx_word' id='word_1_392' title='bbox 1469 4848 1741 4920; x_wconf 84' lang='lat' dir='ltr'>(Martene</span> <span class='ocrx_word' id='word_1_393' title='bbox 1795 4850 1924 4907; x_wconf 81' lang='lat' dir='ltr'>Coll.</span> 
     </span>
    </p>
   </div>
   <div class='ocr_carea' id='block_1_56' title="bbox 262 4956 548 4983">
    <p class='ocr_par' dir='ltr' id='par_1_56' title="bbox 262 4956 548 4983">
     <span class='ocr_line' id='line_1_56' title="bbox 262 4956 548 4983; baseline 0 0"><span class='ocrx_word' id='word_1_394' title='bbox 262 4956 276 4983; x_wconf 70' lang='grc' dir='ltr'><strong><em>ν</em></strong></span> <span class='ocrx_word' id='word_1_395' title='bbox 311 4956 365 4983; x_wconf 77' lang='grc' dir='ltr'>ι’·</span> <span class='ocrx_word' id='word_1_396' title='bbox 403 4956 548 4983; x_wconf 78' lang='grc' dir='ltr'>υυιι·</span> 
     </span>
    </p>
   </div>
   <div class='ocr_carea' id='block_1_57' title="bbox 333 4988 781 5054">
    <p class='ocr_par' dir='ltr' id='par_1_57' title="bbox 333 4988 781 5054">
     <span class='ocr_line' id='line_1_57' title="bbox 333 4988 781 5054; baseline 0.011 -15"><span class='ocrx_word' id='word_1_397' title='bbox 333 4989 414 5054; x_wconf 93' lang='grc'>15)</span> <span class='ocrx_word' id='word_1_398' title='bbox 444 4993 594 5044; x_wconf 84' lang='lat' dir='ltr'>Ann.</span> <span class='ocrx_word' id='word_1_399' title='bbox 631 4988 781 5044; x_wconf 83' lang='lat' dir='ltr'>Hild.</span> 
     </span>
    </p>
   </div>
   <div class='ocr_carea' id='block_1_58' title="bbox 305 5059 1925 5131">
    <p class='ocr_par' dir='ltr' id='par_1_58' title="bbox 305 5059 1925 5131">
     <span class='ocr_line' id='line_1_58' title="bbox 305 5059 1925 5131; baseline 0.002 -19"><span class='ocrx_word' id='word_1_400' title='bbox 305 5060 418 5127; x_wconf 88' lang='grc'>(16)</span> <span class='ocrx_word' id='word_1_401' title='bbox 452 5060 584 5114; x_wconf 83' lang='lat' dir='ltr'>Haec</span> <span class='ocrx_word' id='word_1_402' title='bbox 628 5060 916 5131; x_wconf 84' lang='lat' dir='ltr'>Alpertus</span> <span class='ocrx_word' id='word_1_403' title='bbox 943 5059 1125 5114; x_wconf 87' lang='lat' dir='ltr'>fusius</span> <span class='ocrx_word' id='word_1_404' title='bbox 1154 5063 1434 5131; x_wconf 87' lang='lat' dir='ltr'>narravit;</span> <span class='ocrx_word' id='word_1_405' title='bbox 1491 5063 1562 5116; x_wconf 88' lang='lat' dir='ltr'>cf.</span> <span class='ocrx_word' id='word_1_406' title='bbox 1616 5062 1925 5117; x_wconf 87' lang='lat' dir='ltr'>Thietmar.</span> 
     </span>
    </p>
   </div>
   <div class='ocr_carea' id='block_1_59' title="bbox 231 5130 1924 5202">
    <p class='ocr_par' dir='ltr' id='par_1_59' title="bbox 231 5130 1924 5202">
     <span class='ocr_line' id='line_1_59' title="bbox 231 5130 1924 5202; baseline 0.005 -22"><span class='ocrx_word' id='word_1_407' title='bbox 231 5133 602 5202; x_wconf 18' lang='lat'>“11,13,715;</span> <span class='ocrx_word' id='word_1_408' title='bbox 644 5130 920 5185; x_wconf 84' lang='lat' dir='ltr'>Balderici</span> <span class='ocrx_word' id='word_1_409' title='bbox 983 5131 1194 5186; x_wconf 89' lang='lat' dir='ltr'>Chron.</span> <span class='ocrx_word' id='word_1_410' title='bbox 1255 5132 1411 5187; x_wconf 91' lang='lat' dir='ltr'>Cam.</span> <span class='ocrx_word' id='word_1_411' title='bbox 1473 5150 1555 5198; x_wconf 77' lang='grc' dir='ltr'><strong>ιιι,</strong></span> <span class='ocrx_word' id='word_1_412' title='bbox 1615 5139 1666 5201; x_wconf 92' lang='grc'>7,</span> <span class='ocrx_word' id='word_1_413' title='bbox 1718 5135 1924 5202; x_wconf 68' lang='lat'>14,15.</span> 
     </span>
    </p>
   </div>
   <div class='ocr_carea' id='block_1_60' title="bbox 305 5200 1928 5279">
    <p class='ocr_par' dir='ltr' id='par_1_60' title="bbox 305 5200 1928 5279">
     <span class='ocr_line' id='line_1_60' title="bbox 305 5200 1928 5279; baseline 0.002 -25"><span class='ocrx_word' id='word_1_414' title='bbox 305 5200 432 5279; x_wconf 41' lang='grc'>(17).</span> <span class='ocrx_word' id='word_1_415' title='bbox 472 5201 1013 5279; x_wconf 81' lang='lat' dir='ltr'>Luculentum_ejus</span> <span class='ocrx_word' id='word_1_416' title='bbox 1063 5202 1148 5279; x_wconf 81' lang='lat' dir='ltr'>rei</span> <span class='ocrx_word' id='word_1_417' title='bbox 1200 5203 1598 5279; x_wconf 75' lang='lat' dir='ltr'>testimonium</span> <span class='ocrx_word' id='word_1_418' title='bbox 1646 5200 1828 5279; x_wconf 83' lang='lat' dir='ltr'>exstat</span> <span class='ocrx_word' id='word_1_419' title='bbox 1867 5205 1928 5258; x_wconf 92' lang='lat' dir='ltr'>in</span> 
     </span>
    </p>
   </div>
   <div class='ocr_carea' id='block_1_61' title="bbox 230 5272 1929 5346">
    <p class='ocr_par' dir='ltr' id='par_1_61' title="bbox 230 5272 1929 5346">
     <span class='ocr_line' id='line_1_61' title="bbox 230 5272 1929 5346; baseline 0.004 -24"><span class='ocrx_word' id='word_1_420' title='bbox 230 5272 787 5346; x_wconf 36' lang='lat' dir='ltr'>epistolaAmonachi</span> <span class='ocrx_word' id='word_1_421' title='bbox 821 5273 1118 5346; x_wconf 15' lang='lat' dir='ltr'>iTielensis</span> <span class='ocrx_word' id='word_1_422' title='bbox 1149 5273 1236 5346; x_wconf 82' lang='lat' dir='ltr'>ad</span> <span class='ocrx_word' id='word_1_423' title='bbox 1297 5274 1678 5329; x_wconf 88' lang='lat' dir='ltr'>Adelboldum</span> <span class='ocrx_word' id='word_1_424' title='bbox 1717 5275 1929 5346; x_wconf 90' lang='lat' dir='ltr'>scripta</span> 
     </span>
    </p>
   </div>
   <div class='ocr_carea' id='block_1_62' title="bbox 234 5340 1928 5418">
    <p class='ocr_par' dir='ltr' id='par_1_62' title="bbox 234 5340 1928 5418">
     <span class='ocr_line' id='line_1_62' title="bbox 234 5340 1928 5418; baseline 0.004 -24"><span class='ocrx_word' id='word_1_425' title='bbox 234 5340 406 5418; x_wconf 79' lang='grc' dir='ltr'>(Ὰοῑα</span> <span class='ocrx_word' id='word_1_426' title='bbox 429 5343 527 5398; x_wconf 92' lang='lat' dir='ltr'>SS.</span> <span class='ocrx_word' id='word_1_427' title='bbox 577 5344 730 5418; x_wconf 70' lang='lat' dir='ltr'>Febr.</span> <span class='ocrx_word' id='word_1_428' title='bbox 785 5345 884 5418; x_wconf 86' lang='grc' dir='ltr'>ΙΙΙ,</span> <span class='ocrx_word' id='word_1_429' title='bbox 935 5361 991 5416; x_wconf 91' lang='lat' dir='ltr'>p.</span> <span class='ocrx_word' id='word_1_430' title='bbox 1038 5344 1164 5418; x_wconf 81' lang='grc'>546)</span> <span class='ocrx_word' id='word_1_431' title='bbox 1200 5360 1272 5418; x_wconf 57' lang='grc' dir='ltr'>τε</span> <span class='ocrx_word' id='word_1_432' title='bbox 1308 5346 1447 5402; x_wconf 88' lang='lat' dir='ltr'>Cum</span> <span class='ocrx_word' id='word_1_433' title='bbox 1481 5345 1728 5418; x_wconf 86' lang='lat' dir='ltr'>scribere</span> <span class='ocrx_word' id='word_1_434' title='bbox 1776 5340 1928 5417; x_wconf 77' lang='lat' dir='ltr'>cogi-</span> 
     </span>
    </p>
   </div>
   <div class='ocr_carea' id='block_1_63' title="bbox 227 5414 1929 5487">
    <p class='ocr_par' dir='ltr' id='par_1_63' title="bbox 227 5414 1929 5487">
     <span class='ocr_line' id='line_1_63' title="bbox 227 5414 1929 5487; baseline 0.004 -22"><span class='ocrx_word' id='word_1_435' title='bbox 227 5417 411 5487; x_wconf 75' lang='lat' dir='ltr'>tarem</span> <span class='ocrx_word' id='word_1_436' title='bbox 439 5414 730 5487; x_wconf 72' lang='lat' dir='ltr'>_qu_a3dam</span> <span class='ocrx_word' id='word_1_437' title='bbox 810 5414 1086 5470; x_wconf 80' lang='lat' dir='ltr'>miracula</span> <span class='ocrx_word' id='word_1_438' title='bbox 1147 5414 1360 5487; x_wconf 84' lang='lat' dir='ltr'>quibus</span> <span class='ocrx_word' id='word_1_439' title='bbox 1419 5417 1693 5471; x_wconf 89' lang='lat' dir='ltr'>Dominus</span> <span class='ocrx_word' id='word_1_440' title='bbox 1733 5414 1929 5472; x_wconf 72' lang='lat' dir='ltr'>noster</span> 
     </span>
    </p>
   </div>
   <div class='ocr_carea' id='block_1_64' title="bbox 230 5483 1926 5566">
    <p class='ocr_par' dir='ltr' id='par_1_64' title="bbox 230 5483 1926 5566">
     <span class='ocr_line' id='line_1_64' title="bbox 230 5483 1926 5566; baseline 0.004 -29"><span class='ocrx_word' id='word_1_441' title='bbox 230 5484 392 5565; x_wconf 70' lang='lat' dir='ltr'>Iesus</span> <span class='ocrx_word' id='word_1_442' title='bbox 427 5483 684 5539; x_wconf 86' lang='lat' dir='ltr'>Christus</span> <span class='ocrx_word' id='word_1_443' title='bbox 712 5487 1054 5566; x_wconf 81' lang='lat' dir='ltr'>per_mer_i_ta</span> <span class='ocrx_word' id='word_1_444' title='bbox 1101 5483 1312 5566; x_wconf 57' lang='lat' dir='ltr'>sanctae</span> <span class='ocrx_word' id='word_1_445' title='bbox 1361 5487 1684 5566; x_wconf 64' lang='lat' dir='ltr'>Walburgaa</span> <span class='ocrx_word' id='word_1_446' title='bbox 1741 5490 1926 5566; x_wconf 68' lang='lat' dir='ltr'>Eccle-</span> 
     </span>
    </p>
   </div>
   <div class='ocr_carea' id='block_1_65' title="bbox 230 5557 1925 5629">
    <p class='ocr_par' dir='ltr' id='par_1_65' title="bbox 230 5557 1925 5629">
     <span class='ocr_line' id='line_1_65' title="bbox 230 5557 1925 5629; baseline 0.004 -21"><span class='ocrx_word' id='word_1_447' title='bbox 230 5557 374 5609; x_wconf 87' lang='lat' dir='ltr'>siam</span> <span class='ocrx_word' id='word_1_448' title='bbox 431 5572 594 5629; x_wconf 88' lang='lat' dir='ltr'>suam</span> <span class='ocrx_word' id='word_1_449' title='bbox 652 5557 1102 5613; x_wconf 84' lang='lat' dir='ltr'>misericorditer</span> <span class='ocrx_word' id='word_1_450' title='bbox 1127 5559 1339 5613; x_wconf 90' lang='lat' dir='ltr'>nostris</span> <span class='ocrx_word' id='word_1_451' title='bbox 1383 5557 1744 5629; x_wconf 74' lang='lat' dir='ltr'>temporibus</span> <span class='ocrx_word' id='word_1_452' title='bbox 1789 5560 1925 5614; x_wconf 88' lang='lat' dir='ltr'>illu-</span> 
     </span>
    </p>
   </div>
   <div class='ocr_carea' id='block_1_66' title="bbox 234 5628 1930 5700">
    <p class='ocr_par' dir='ltr' id='par_1_66' title="bbox 234 5628 1930 5700">
     <span class='ocr_line' id='line_1_66' title="bbox 234 5628 1930 5700; baseline 0.004 -22"><span class='ocrx_word' id='word_1_453' title='bbox 234 5630 413 5680; x_wconf 86' lang='lat' dir='ltr'>strare</span> <span class='ocrx_word' id='word_1_454' title='bbox 472 5628 740 5699; x_wconf 89' lang='lat' dir='ltr'>dignatus</span> <span class='ocrx_word' id='word_1_455' title='bbox 805 5633 911 5691; x_wconf 87' lang='lat' dir='ltr'>est,</span> <span class='ocrx_word' id='word_1_456' title='bbox 978 5633 1058 5694; x_wconf 91' lang='lat' dir='ltr'>tu,</span> <span class='ocrx_word' id='word_1_457' title='bbox 1135 5630 1448 5698; x_wconf 61' lang='lat' dir='ltr'>praesulem</span> <span class='ocrx_word' id='word_1_458' title='bbox 1513 5628 1930 5700; x_wconf 76' lang='lat' dir='ltr'>spectatissime</span> 
     </span>
    </p>
   </div>
   <div class='ocr_carea' id='block_1_67' title="bbox 1246 281 2704 339">
    <p class='ocr_par' dir='ltr' id='par_1_67' title="bbox 1246 281 2704 339">
     <span class='ocr_line' id='line_1_67' title="bbox 1246 281 2704 339; baseline -0.001 -3"><span class='ocrx_word' id='word_1_459' title='bbox 1246 281 1723 337; x_wconf 61' lang='lat' dir='ltr'>’ADELBOLDUS</span> <span class='ocrx_word' id='word_1_460' title='bbox 1759 282 1924 339; x_wconf 80' lang='lat' dir='ltr'>TRAJ</span> <span class='ocrx_word' id='word_1_461' title='bbox 1934 282 2264 339; x_wconf 86' lang='lat' dir='ltr'>ECTENSIS</span> <span class='ocrx_word' id='word_1_462' title='bbox 2307 281 2704 339; x_wconf 80' lang='lat' dir='ltr'>EPISCOPUS.</span> 
     </span>
    </p>
   </div>
   <div class='ocr_carea' id='block_1_68' title="bbox 237 405 2760 477">
    <p class='ocr_par' dir='ltr' id='par_1_68' title="bbox 237 405 2760 477">
     <span class='ocr_line' id='line_1_68' title="bbox 237 405 2760 477; baseline -0.001 -17"><span class='ocrx_word' id='word_1_463' title='bbox 237 422 410 477; x_wconf 88' lang='lat' dir='ltr'>grum</span> <span class='ocrx_word' id='word_1_464' title='bbox 439 406 557 460; x_wconf 92' lang='lat' dir='ltr'>fere</span> <span class='ocrx_word' id='word_1_465' title='bbox 587 421 731 477; x_wconf 83' lang='lat' dir='ltr'>Opus</span> <span class='ocrx_word' id='word_1_466' title='bbox 761 421 829 459; x_wconf 85' lang='lat' dir='ltr'>ex</span> <span class='ocrx_word' id='word_1_467' title='bbox 858 405 1184 460; x_wconf 89' lang='lat' dir='ltr'>Thietmaro</span> <span class='ocrx_word' id='word_1_468' title='bbox 1207 405 1554 475; x_wconf 89' lang='lat' dir='ltr'>descriptum</span> <span class='ocrx_word' id='word_1_469' title='bbox 1583 405 1932 476; x_wconf 84' lang='lat' dir='ltr'>reperimus;</span> <span class='ocrx_word' id='word_1_470' title='bbox 1973 409 2016 460; x_wconf 85' lang='lat' dir='ltr'><strong>A</strong></span> <span class='ocrx_word' id='word_1_471' title='bbox 2046 406 2338 476; x_wconf 90' lang='lat' dir='ltr'>quomodo</span> <span class='ocrx_word' id='word_1_472' title='bbox 2393 405 2760 473; x_wconf 85' lang='lat' dir='ltr'>Adelboldus,</span> 
     </span>
    </p>
   </div>
   <div class='ocr_carea' id='block_1_69' title="bbox 3616 285 3754 336">
    <p class='ocr_par' dir='ltr' id='par_1_69' title="bbox 3616 285 3754 336">
     <span class='ocr_line' id='line_1_69' title="bbox 3616 285 3754 336; baseline 0 0"><span class='ocrx_word' id='word_1_473' title='bbox 3616 285 3754 336; x_wconf 87' lang='grc'>1088</span> 
     </span>
    </p>
   </div>
   <div class='ocr_carea' id='block_1_70' title="bbox 2837 405 3752 478">
    <p class='ocr_par' dir='ltr' id='par_1_70' title="bbox 2837 405 3752 478">
     <span class='ocr_line' id='line_1_70' title="bbox 2837 405 3752 478; baseline 0.002 -20"><span class='ocrx_word' id='word_1_474' title='bbox 2837 405 3002 475; x_wconf 89' lang='lat' dir='ltr'>cujus</span> <span class='ocrx_word' id='word_1_475' title='bbox 3047 421 3192 476; x_wconf 91' lang='lat' dir='ltr'>opus</span> <span class='ocrx_word' id='word_1_476' title='bbox 3243 407 3365 476; x_wconf 85' lang='lat' dir='ltr'>jam</span> <span class='ocrx_word' id='word_1_477' title='bbox 3406 407 3648 478; x_wconf 79' lang='lat' dir='ltr'>Alperto</span> <span class='ocrx_word' id='word_1_478' title='bbox 3701 424 3752 460; x_wconf 90' lang='lat' dir='ltr'>c.</span> 
     </span>
    </p>
   </div>
   <div class='ocr_carea' id='block_1_71' title="bbox 2046 494 3756 560">
    <p class='ocr_par' dir='ltr' id='par_1_71' title="bbox 2046 494 3756 560">
     <span class='ocr_line' id='line_1_71' title="bbox 2046 494 3756 560; baseline 0.001 -12"><span class='ocrx_word' id='word_1_479' title='bbox 2046 511 2102 548; x_wconf 90' lang='lat' dir='ltr'>a.</span> <span class='ocrx_word' id='word_1_480' title='bbox 2163 498 2288 548; x_wconf 84' lang='grc'>1021</span> <span class='ocrx_word' id='word_1_481' title='bbox 2345 500 2550 548; x_wconf 89' lang='lat' dir='ltr'>notum</span> <span class='ocrx_word' id='word_1_482' title='bbox 2605 498 2746 560; x_wconf 91' lang='lat' dir='ltr'>erat,</span> <span class='ocrx_word' id='word_1_483' title='bbox 2797 494 3112 548; x_wconf 86' lang='lat' dir='ltr'>Thietmari</span> <span class='ocrx_word' id='word_1_484' title='bbox 3171 495 3468 550; x_wconf 84' lang='lat' dir='ltr'>historiam</span> <span class='ocrx_word' id='word_1_485' title='bbox 3507 512 3562 549; x_wconf 87' lang='lat' dir='ltr'>a.</span> <span class='ocrx_word' id='word_1_486' title='bbox 3615 496 3756 549; x_wconf 89' lang='grc'>1018</span> 
     </span>
    </p>
   </div>
   <div class='ocr_carea' id='block_1_72' title="bbox 2043 582 3757 653">
    <p class='ocr_par' dir='ltr' id='par_1_72' title="bbox 2043 582 3757 653">
     <span class='ocr_line' id='line_1_72' title="bbox 2043 582 3757 653; baseline -0.001 -17"><span class='ocrx_word' id='word_1_487' title='bbox 2043 582 2362 636; x_wconf 86' lang='lat' dir='ltr'>absolutam</span> <span class='ocrx_word' id='word_1_488' title='bbox 2391 589 2449 636; x_wconf 92' lang='lat' dir='ltr'>et</span> <span class='ocrx_word' id='word_1_489' title='bbox 2477 599 2548 636; x_wconf 93' lang='lat' dir='ltr'>ne</span> <span class='ocrx_word' id='word_1_490' title='bbox 2603 587 2740 636; x_wconf 88' lang='lat' dir='ltr'>tunc</span> <span class='ocrx_word' id='word_1_491' title='bbox 2788 582 3025 653; x_wconf 90' lang='lat' dir='ltr'>quidem</span> <span class='ocrx_word' id='word_1_492' title='bbox 3071 587 3134 637; x_wconf 87' lang='lat' dir='ltr'>ut</span> <span class='ocrx_word' id='word_1_493' title='bbox 3161 583 3387 637; x_wconf 89' lang='lat' dir='ltr'>videtur</span> <span class='ocrx_word' id='word_1_494' title='bbox 3423 583 3495 637; x_wconf 90' lang='lat' dir='ltr'>ad</span> <span class='ocrx_word' id='word_1_495' title='bbox 3527 588 3757 636; x_wconf 81' lang='lat' dir='ltr'>exteros</span> 
     </span>
    </p>
   </div>
   <div class='ocr_carea' id='block_1_73' title="bbox 2041 670 3758 742">
    <p class='ocr_par' dir='ltr' id='par_1_73' title="bbox 2041 670 3758 742">
     <span class='ocr_line' id='line_1_73' title="bbox 2041 670 3758 742; baseline -0.001 -18"><span class='ocrx_word' id='word_1_496' title='bbox 2041 673 2398 740; x_wconf 88' lang='lat' dir='ltr'>translatam,</span> <span class='ocrx_word' id='word_1_497' title='bbox 2430 672 2732 742; x_wconf 90' lang='lat' dir='ltr'>acceperit,</span> <span class='ocrx_word' id='word_1_498' title='bbox 2755 687 2870 724; x_wconf 91' lang='lat' dir='ltr'>non</span> <span class='ocrx_word' id='word_1_499' title='bbox 2899 670 3062 726; x_wconf 86' lang='lat' dir='ltr'>facile</span> <span class='ocrx_word' id='word_1_500' title='bbox 3092 676 3178 725; x_wconf 91' lang='lat' dir='ltr'>est</span> <span class='ocrx_word' id='word_1_501' title='bbox 3211 671 3541 725; x_wconf 83' lang='lat' dir='ltr'>&#39;iutellectu.</span> <span class='ocrx_word' id='word_1_502' title='bbox 3604 672 3758 724; x_wconf 81' lang='lat' dir='ltr'>Nota</span> 
     </span>
    </p>
   </div>
   <div class='ocr_carea' id='block_1_74' title="bbox 2044 761 3744 832">
    <p class='ocr_par' dir='ltr' id='par_1_74' title="bbox 2044 761 3744 832">
     <span class='ocr_line' id='line_1_74' title="bbox 2044 761 3744 832; baseline -0.003 -15"><span class='ocrx_word' id='word_1_503' title='bbox 2044 778 2112 817; x_wconf 78' lang='lat' dir='ltr'>ex</span> <span class='ocrx_word' id='word_1_504' title='bbox 2141 763 2336 816; x_wconf 90' lang='lat' dir='ltr'>codice</span> <span class='ocrx_word' id='word_1_505' title='bbox 2367 777 2540 832; x_wconf 90' lang='lat' dir='ltr'>supra</span> <span class='ocrx_word' id='word_1_506' title='bbox 2569 761 2740 815; x_wconf 90' lang='lat' dir='ltr'>allata</span> <span class='ocrx_word' id='word_1_507' title='bbox 2771 761 3077 815; x_wconf 89' lang='lat' dir='ltr'>recentiori</span> <span class='ocrx_word' id='word_1_508' title='bbox 3130 777 3302 814; x_wconf 88' lang='lat' dir='ltr'>manu</span> <span class='ocrx_word' id='word_1_509' title='bbox 3360 761 3572 832; x_wconf 87' lang='lat' dir='ltr'>scripta</span> <span class='ocrx_word' id='word_1_510' title='bbox 3625 777 3744 813; x_wconf 89' lang='lat' dir='ltr'>non</span> 
     </span>
    </p>
   </div>
   <div class='ocr_carea' id='block_1_75' title="bbox 2043 849 3749 920">
    <p class='ocr_par' dir='ltr' id='par_1_75' title="bbox 2043 849 3749 920">
     <span class='ocr_line' id='line_1_75' title="bbox 2043 849 3749 920; baseline -0.001 -17"><span class='ocrx_word' id='word_1_511' title='bbox 2043 865 2313 920; x_wconf 88' lang='lat' dir='ltr'>magnam</span> <span class='ocrx_word' id='word_1_512' title='bbox 2388 850 2622 904; x_wconf 89' lang='lat' dir='ltr'>habebit</span> <span class='ocrx_word' id='word_1_513' title='bbox 2694 850 3112 916; x_wconf 88' lang='lat' dir='ltr'>auctoritatem,</span> <span class='ocrx_word' id='word_1_514' title='bbox 3195 849 3304 902; x_wconf 91' lang='lat' dir='ltr'>nisi</span> <span class='ocrx_word' id='word_1_515' title='bbox 3364 849 3540 917; x_wconf 90' lang='lat' dir='ltr'>dicas,</span> <span class='ocrx_word' id='word_1_516' title='bbox 3611 865 3749 902; x_wconf 90' lang='lat' dir='ltr'>cum</span> 
     </span>
    </p>
   </div>
   <div class='ocr_carea' id='block_1_76' title="bbox 2041 937 3755 1007">
    <p class='ocr_par' dir='ltr' id='par_1_76' title="bbox 2041 937 3755 1007">
     <span class='ocr_line' id='line_1_76' title="bbox 2041 937 3755 1007; baseline -0.002 -15"><span class='ocrx_word' id='word_1_517' title='bbox 2041 938 2394 992; x_wconf 79' lang='lat' dir='ltr'>Adelboldus</span> <span class='ocrx_word' id='word_1_518' title='bbox 2426 937 2678 992; x_wconf 90' lang='lat' dir='ltr'>Heinrici</span> <span class='ocrx_word' id='word_1_519' title='bbox 2712 937 2894 991; x_wconf 88' lang='lat' dir='ltr'>Vitam</span> <span class='ocrx_word' id='word_1_520' title='bbox 2924 937 3235 1007; x_wconf 90' lang='lat' dir='ltr'>scripserit,</span> <span class='ocrx_word' id='word_1_521' title='bbox 3269 937 3436 1002; x_wconf 88' lang='lat' dir='ltr'>hanc,</span> <span class='ocrx_word' id='word_1_522' title='bbox 3469 953 3602 1007; x_wconf 67' lang='lat' dir='ltr'>quae</span> <span class='ocrx_word' id='word_1_523' title='bbox 3629 939 3755 989; x_wconf 89' lang='lat' dir='ltr'>sola</span> 
     </span>
    </p>
   </div>
   <div class='ocr_carea' id='block_1_77' title="bbox 2042 1024 3752 1098">
    <p class='ocr_par' dir='ltr' id='par_1_77' title="bbox 2042 1024 3752 1098">
     <span class='ocr_line' id='line_1_77' title="bbox 2042 1024 3752 1098; baseline -0.002 -18"><span class='ocrx_word' id='word_1_524' title='bbox 2042 1031 2253 1098; x_wconf 70' lang='lat' dir='ltr'>praeter</span> <span class='ocrx_word' id='word_1_525' title='bbox 2284 1027 2764 1096; x_wconf 88' lang='lat' dir='ltr'>Bambergensem</span> <span class='ocrx_word' id='word_1_526' title='bbox 2796 1026 2954 1079; x_wconf 91' lang='lat' dir='ltr'>illam</span> <span class='ocrx_word' id='word_1_527' title='bbox 2984 1030 3184 1091; x_wconf 85' lang='lat' dir='ltr'>exstat,</span> <span class='ocrx_word' id='word_1_528' title='bbox 3235 1024 3344 1096; x_wconf 89' lang='lat' dir='ltr'>ipsi</span> <span class='ocrx_word' id='word_1_529' title='bbox 3373 1024 3752 1094; x_wconf 89' lang='lat' dir='ltr'>potissimum</span> 
     </span>
    </p>
   </div>
   <div class='ocr_carea' id='block_1_78' title="bbox 2043 1114 3749 1184">
    <p class='ocr_par' dir='ltr' id='par_1_78' title="bbox 2043 1114 3749 1184">
     <span class='ocr_line' id='line_1_78' title="bbox 2043 1114 3749 1184; baseline -0.002 -15"><span class='ocrx_word' id='word_1_530' title='bbox 2043 1130 2164 1169; x_wconf 91' lang='lat' dir='ltr'>esse</span> <span class='ocrx_word' id='word_1_531' title='bbox 2210 1115 2594 1169; x_wconf 88' lang='lat' dir='ltr'>tribuendam.</span> <span class='ocrx_word' id='word_1_532' title='bbox 2643 1114 2766 1180; x_wconf 88' lang='lat' dir='ltr'>Cui,</span> <span class='ocrx_word' id='word_1_533' title='bbox 2799 1114 2848 1167; x_wconf 90' lang='lat' dir='ltr'>si</span> <span class='ocrx_word' id='word_1_534' title='bbox 2900 1119 3104 1168; x_wconf 62' lang='lat' dir='ltr'>caetera</span> <span class='ocrx_word' id='word_1_535' title='bbox 3143 1117 3487 1184; x_wconf 86' lang='lat' dir='ltr'>repugnant,</span> <span class='ocrx_word' id='word_1_536' title='bbox 3542 1114 3749 1167; x_wconf 85' lang='lat' dir='ltr'>saltem</span> 
     </span>
    </p>
   </div>
   <div class='ocr_carea' id='block_1_79' title="bbox 2044 1202 3340 1274">
    <p class='ocr_par' dir='ltr' id='par_1_79' title="bbox 2044 1202 3340 1274">
     <span class='ocr_line' id='line_1_79' title="bbox 2044 1202 3340 1274; baseline -0.001 -17"><span class='ocrx_word' id='word_1_537' title='bbox 2044 1203 2272 1258; x_wconf 92' lang='lat' dir='ltr'>dicendi</span> <span class='ocrx_word' id='word_1_538' title='bbox 2299 1219 2481 1274; x_wconf 87' lang='lat' dir='ltr'>genus</span> <span class='ocrx_word' id='word_1_539' title='bbox 2515 1203 2731 1273; x_wconf 88' lang='lat' dir='ltr'>optime</span> <span class='ocrx_word' id='word_1_540' title='bbox 2759 1204 3066 1257; x_wconf 90' lang='lat' dir='ltr'>convenire</span> <span class='ocrx_word' id='word_1_541' title='bbox 3097 1202 3340 1256; x_wconf 91' lang='lat' dir='ltr'>videtur.</span> 
     </span>
    </p>
   </div>
   <div class='ocr_carea' id='block_1_80' title="bbox 2111 1290 3754 1361">
    <p class='ocr_par' dir='ltr' id='par_1_80' title="bbox 2111 1290 3754 1361">
     <span class='ocr_line' id='line_1_80' title="bbox 2111 1290 3754 1361; baseline -0.001 -16"><span class='ocrx_word' id='word_1_542' title='bbox 2111 1291 2456 1346; x_wconf 87' lang='lat' dir='ltr'>Adelboldus</span> <span class='ocrx_word' id='word_1_543' title='bbox 2506 1292 2660 1346; x_wconf 91' lang='lat' dir='ltr'>enim</span> <span class='ocrx_word' id='word_1_544' title='bbox 2708 1292 2769 1345; x_wconf 91' lang='lat' dir='ltr'>in</span> <span class='ocrx_word' id='word_1_545' title='bbox 2839 1290 3209 1345; x_wconf 89' lang='lat' dir='ltr'>monasterio&#39;</span> <span class='ocrx_word' id='word_1_546' title='bbox 3244 1291 3529 1356; x_wconf 88' lang='lat' dir='ltr'>Lobiensi,</span> <span class='ocrx_word' id='word_1_547' title='bbox 3592 1301 3754 1361; x_wconf 85' lang='lat' dir='ltr'>quod</span> 
     </span>
    </p>
   </div>
   <div class='ocr_carea' id='block_1_81' title="bbox 2041 1379 3752 1450">
    <p class='ocr_par' dir='ltr' id='par_1_81' title="bbox 2041 1379 3752 1450">
     <span class='ocr_line' id='line_1_81' title="bbox 2041 1379 3752 1450; baseline -0.001 -17"><span class='ocrx_word' id='word_1_548' title='bbox 2041 1384 2178 1433; x_wconf 90' lang='lat' dir='ltr'>tunc</span> <span class='ocrx_word' id='word_1_549' title='bbox 2231 1379 2518 1450; x_wconf 67' lang='lat' dir='ltr'>praecipuo</span> <span class='ocrx_word' id='word_1_550' title='bbox 2589 1379 2912 1433; x_wconf 89' lang='lat' dir='ltr'>litterarum</span> <span class='ocrx_word' id='word_1_551' title='bbox 2988 1379 3178 1432; x_wconf 89' lang='lat' dir='ltr'>studio</span> <span class='ocrx_word' id='word_1_552' title='bbox 3238 1379 3585 1448; x_wconf 72' lang='lat' dir='ltr'>lexcellebat,</span> <span class='ocrx_word' id='word_1_553' title='bbox 3642 1380 3752 1433; x_wconf 91' lang='lat' dir='ltr'>sub</span> 
     </span>
    </p>
   </div>
   <div class='ocr_carea' id='block_1_82' title="bbox 2043 1466 3748 1539">
    <p class='ocr_par' dir='ltr' id='par_1_82' title="bbox 2043 1466 3748 1539">
     <span class='ocr_line' id='line_1_82' title="bbox 2043 1466 3748 1539; baseline -0.001 -17"><span class='ocrx_word' id='word_1_554' title='bbox 2043 1469 2290 1538; x_wconf 89' lang='lat' dir='ltr'>Notgero</span> <span class='ocrx_word' id='word_1_555' title='bbox 2321 1468 2588 1538; x_wconf 88' lang='lat' dir='ltr'>episcopo</span> <span class='ocrx_word' id='word_1_556' title='bbox 2623 1467 2924 1523; x_wconf 87' lang='lat' dir='ltr'>Leodiensi</span> <span class='ocrx_word' id='word_1_557' title='bbox 2975 1466 3088 1536; x_wconf 89' lang='lat'>(11)</span> <span class='ocrx_word' id='word_1_558' title='bbox 3125 1472 3296 1539; x_wconf 90' lang='lat' dir='ltr'>atque</span> <span class='ocrx_word' id='word_1_559' title='bbox 3345 1467 3550 1521; x_wconf 88' lang='lat' dir='ltr'>abbate</span> <span class='ocrx_word' id='word_1_560' title='bbox 3602 1468 3748 1520; x_wconf 77' lang='lat' dir='ltr'>cele-</span> 
     </span>
    </p>
   </div>
   <div class='ocr_carea' id='block_1_83' title="bbox 2041 1554 3748 1626">
    <p class='ocr_par' dir='ltr' id='par_1_83' title="bbox 2041 1554 3748 1626">
     <span class='ocr_line' id='line_1_83' title="bbox 2041 1554 3748 1626; baseline -0.001 -17"><span class='ocrx_word' id='word_1_561' title='bbox 2041 1556 2291 1609; x_wconf 91' lang='lat' dir='ltr'>berrimo</span> <span class='ocrx_word' id='word_1_562' title='bbox 2328 1555 2622 1626; x_wconf 84' lang='lat' dir='ltr'>Herigero,</span> <span class='ocrx_word' id='word_1_563' title='bbox 2653 1556 2752 1625; x_wconf 91' lang='lat' dir='ltr'>qui</span> <span class='ocrx_word' id='word_1_564' title='bbox 2778 1575 2798 1603; x_wconf 79' lang='grc' dir='ltr'>ι</span> <span class='ocrx_word' id='word_1_565' title='bbox 2836 1555 2940 1609; x_wconf 83' lang='lat' dir='ltr'>sub</span> <span class='ocrx_word' id='word_1_566' title='bbox 2979 1571 3082 1609; x_wconf 90' lang='lat' dir='ltr'>sua</span> <span class='ocrx_word' id='word_1_567' title='bbox 3110 1560 3169 1609; x_wconf 90' lang='lat' dir='ltr'>et</span> <span class='ocrx_word' id='word_1_568' title='bbox 3196 1554 3470 1609; x_wconf 84' lang='lat' dir='ltr'>Adelbodi</span> <span class='ocrx_word' id='word_1_569' title='bbox 3490 1571 3748 1626; x_wconf 84' lang='lat' dir='ltr'>persona</span> 
     </span>
    </p>
   </div>
   <div class='ocr_carea' id='block_1_84' title="bbox 2042 1644 3753 1716">
    <p class='ocr_par' dir='ltr' id='par_1_84' title="bbox 2042 1644 3753 1716">
     <span class='ocr_line' id='line_1_84' title="bbox 2042 1644 3753 1716; baseline -0.001 -17"><span class='ocrx_word' id='word_1_570' title='bbox 2042 1645 2333 1716; x_wconf 88' lang='lat' dir='ltr'>dialogum</span> <span class='ocrx_word' id='word_1_571' title='bbox 2362 1645 2430 1699; x_wconf 92' lang='lat' dir='ltr'>de</span> <span class='ocrx_word' id='word_1_572' title='bbox 2462 1644 2815 1698; x_wconf 85' lang='lat' dir='ltr'>dissonantia</span> <span class='ocrx_word' id='word_1_573' title='bbox 2845 1644 3096 1698; x_wconf 65' lang='lat' dir='ltr'>ecclesiae</span> <span class='ocrx_word' id='word_1_574' title='bbox 3127 1644 3197 1698; x_wconf 92' lang='lat' dir='ltr'>de</span> <span class='ocrx_word' id='word_1_575' title='bbox 3229 1644 3478 1698; x_wconf 90' lang='lat' dir='ltr'>adventu</span> <span class='ocrx_word' id='word_1_576' title='bbox 3511 1644 3753 1698; x_wconf 89' lang='lat' dir='ltr'>Domini</span> 
     </span>
    </p>
   </div>
   <div class='ocr_carea' id='block_1_85' title="bbox 2044 1731 3750 1803">
    <p class='ocr_par' dir='ltr' id='par_1_85' title="bbox 2044 1731 3750 1803">
     <span class='ocr_line' id='line_1_85' title="bbox 2044 1731 3750 1803; baseline -0.001 -18"><span class='ocrx_word' id='word_1_577' title='bbox 2044 1732 2270 1803; x_wconf 91' lang='lat' dir='ltr'>scripsit</span> <span class='ocrx_word' id='word_1_578' title='bbox 2299 1733 2444 1803; x_wconf 86' lang='grc'>(12),</span> <span class='ocrx_word' id='word_1_579' title='bbox 2495 1751 2522 1784; x_wconf 84' lang='grc'><strong>››</strong></span> <span class='ocrx_word' id='word_1_580' title='bbox 2555 1733 2846 1800; x_wconf 88' lang='lat' dir='ltr'>educatus,</span> <span class='ocrx_word' id='word_1_581' title='bbox 2897 1733 3156 1799; x_wconf 90' lang='lat' dir='ltr'>scientia,</span> <span class='ocrx_word' id='word_1_582' title='bbox 3210 1731 3471 1786; x_wconf 89' lang='lat' dir='ltr'>doctrina</span> <span class='ocrx_word' id='word_1_583' title='bbox 3508 1732 3750 1786; x_wconf 88' lang='lat' dir='ltr'>litteris-</span> 
     </span>
    </p>
   </div>
   <div class='ocr_carea' id='block_1_86' title="bbox 2043 1820 3741 1892">
    <p class='ocr_par' dir='ltr' id='par_1_86' title="bbox 2043 1820 3741 1892">
     <span class='ocr_line' id='line_1_86' title="bbox 2043 1820 3741 1892; baseline -0.001 -16"><span class='ocrx_word' id='word_1_584' title='bbox 2043 1837 2174 1892; x_wconf 89' lang='lat' dir='ltr'>que,</span> <span class='ocrx_word' id='word_1_585' title='bbox 2209 1837 2338 1892; x_wconf 66' lang='lat' dir='ltr'>que:</span> <span class='ocrx_word' id='word_1_586' title='bbox 2366 1826 2503 1875; x_wconf 91' lang='lat' dir='ltr'>tunc</span> <span class='ocrx_word' id='word_1_587' title='bbox 2531 1823 2592 1875; x_wconf 89' lang='lat' dir='ltr'>in</span> <span class='ocrx_word' id='word_1_588' title='bbox 2635 1821 3001 1892; x_wconf 87' lang='lat' dir='ltr'>Lotharingia</span> <span class='ocrx_word' id='word_1_589' title='bbox 3032 1821 3334 1887; x_wconf 79' lang='lat' dir='ltr'>florebant,</span> <span class='ocrx_word' id='word_1_590' title='bbox 3391 1820 3741 1891; x_wconf 84' lang='lat' dir='ltr'>grammati—</span> 
     </span>
    </p>
   </div>
   <div class='ocr_carea' id='block_1_87' title="bbox 2040 1908 3739 1980">
    <p class='ocr_par' dir='ltr' id='par_1_87' title="bbox 2040 1908 3739 1980">
     <span class='ocr_line' id='line_1_87' title="bbox 2040 1908 3739 1980; baseline -0.001 -17"><span class='ocrx_word' id='word_1_591' title='bbox 2040 1910 2140 1975; x_wconf 90' lang='lat' dir='ltr'>cis,</span> <span class='ocrx_word' id='word_1_592' title='bbox 2209 1908 2636 1980; x_wconf 91' lang='lat' dir='ltr'>philosophicis,</span> <span class='ocrx_word' id='word_1_593' title='bbox 2713 1909 3150 1975; x_wconf 86' lang='lat' dir='ltr'>mathematicis,</span> <span class='ocrx_word' id='word_1_594' title='bbox 3219 1908 3381 1962; x_wconf 85' lang='lat' dir='ltr'>valde</span> <span class='ocrx_word' id='word_1_595' title='bbox 3443 1909 3739 1963; x_wconf 82' lang='lat' dir='ltr'>excelluit.</span> 
     </span>
    </p>
   </div>
   <div class='ocr_carea' id='block_1_88' title="bbox 2041 1997 3736 2069">
    <p class='ocr_par' dir='ltr' id='par_1_88' title="bbox 2041 1997 3736 2069">
     <span class='ocr_line' id='line_1_88' title="bbox 2041 1997 3736 2069; baseline -0.001 -16"><span class='ocrx_word' id='word_1_596' title='bbox 2041 1999 2416 2054; x_wconf 90' lang='lat' dir='ltr'>Scholasticas</span> <span class='ocrx_word' id='word_1_597' title='bbox 2447 1999 2689 2053; x_wconf 83' lang='lat' dir='ltr'>Romam</span> <span class='ocrx_word' id='word_1_598' title='bbox 2717 1998 3006 2068; x_wconf 87' lang='lat' dir='ltr'>profectus</span> <span class='ocrx_word' id='word_1_599' title='bbox 3060 2003 3168 2064; x_wconf 92' lang='lat' dir='ltr'>est,</span> <span class='ocrx_word' id='word_1_600' title='bbox 3196 1998 3410 2069; x_wconf 89' lang='lat' dir='ltr'>ibique,</span> <span class='ocrx_word' id='word_1_601' title='bbox 3463 2002 3530 2051; x_wconf 91' lang='lat' dir='ltr'>ut</span> <span class='ocrx_word' id='word_1_602' title='bbox 3574 1997 3736 2052; x_wconf 86' lang='lat' dir='ltr'>vide-</span> 
     </span>
    </p>
   </div>
   <div class='ocr_carea' id='block_1_89' title="bbox 2040 2087 3744 2158">
    <p class='ocr_par' dir='ltr' id='par_1_89' title="bbox 2040 2087 3744 2158">
     <span class='ocr_line' id='line_1_89' title="bbox 2040 2087 3744 2158; baseline -0.001 -16"><span class='ocrx_word' id='word_1_603' title='bbox 2040 2092 2154 2155; x_wconf 90' lang='lat' dir='ltr'>tur,</span> <span class='ocrx_word' id='word_1_604' title='bbox 2197 2088 2466 2143; x_wconf 89' lang='lat' dir='ltr'>Gerberto</span> <span class='ocrx_word' id='word_1_605' title='bbox 2490 2088 2612 2156; x_wconf 89' lang='lat' dir='ltr'>jam</span> <span class='ocrx_word' id='word_1_606' title='bbox 2641 2104 2804 2158; x_wconf 63' lang='lat' dir='ltr'>papae</span> <span class='ocrx_word' id='word_1_607' title='bbox 2836 2087 3013 2142; x_wconf 90' lang='lat' dir='ltr'>electo</span> <span class='ocrx_word' id='word_1_608' title='bbox 3045 2087 3348 2158; x_wconf 88' lang='lat' dir='ltr'>epistolam</span> <span class='ocrx_word' id='word_1_609' title='bbox 3409 2087 3480 2141; x_wconf 90' lang='lat' dir='ltr'>de</span> <span class='ocrx_word' id='word_1_610' title='bbox 3531 2087 3744 2141; x_wconf 87' lang='lat' dir='ltr'>crassi-</span> 
     </span>
    </p>
   </div>
   <div class='ocr_carea' id='block_1_90' title="bbox 2040 2175 3745 2247">
    <p class='ocr_par' dir='ltr' id='par_1_90' title="bbox 2040 2175 3745 2247">
     <span class='ocr_line' id='line_1_90' title="bbox 2040 2175 3745 2247; baseline 0 -17"><span class='ocrx_word' id='word_1_611' title='bbox 2040 2176 2242 2231; x_wconf 91' lang='lat' dir='ltr'>tudine</span> <span class='ocrx_word' id='word_1_612' title='bbox 2267 2177 2504 2246; x_wconf 62' lang='lat' dir='ltr'>sphmrae</span> <span class='ocrx_word' id='word_1_613' title='bbox 2533 2175 2740 2230; x_wconf 86' lang='lat' dir='ltr'>direxit</span> <span class='ocrx_word' id='word_1_614' title='bbox 2771 2175 2907 2246; x_wconf 91' lang='lat'>(13),</span> <span class='ocrx_word' id='word_1_615' title='bbox 2951 2181 3008 2231; x_wconf 91' lang='lat' dir='ltr'>et</span> <span class='ocrx_word' id='word_1_616' title='bbox 3040 2176 3263 2247; x_wconf 90' lang='lat' dir='ltr'>scriptis</span> <span class='ocrx_word' id='word_1_617' title='bbox 3304 2175 3580 2230; x_wconf 89' lang='lat' dir='ltr'>Bernonis</span> <span class='ocrx_word' id='word_1_618' title='bbox 3627 2180 3745 2230; x_wconf 81' lang='lat' dir='ltr'>Au-</span> 
     </span>
    </p>
   </div>
   <div class='ocr_carea' id='block_1_91' title="bbox 2041 2264 3744 2336">
    <p class='ocr_par' dir='ltr' id='par_1_91' title="bbox 2041 2264 3744 2336">
     <span class='ocr_line' id='line_1_91' title="bbox 2041 2264 3744 2336; baseline 0 -18"><span class='ocrx_word' id='word_1_619' title='bbox 2041 2265 2255 2336; x_wconf 90' lang='lat' dir='ltr'>giensis</span> <span class='ocrx_word' id='word_1_620' title='bbox 2285 2264 2574 2330; x_wconf 86' lang='lat' dir='ltr'>excitatus,</span> <span class='ocrx_word' id='word_1_621' title='bbox 2609 2281 2723 2335; x_wconf 92' lang='lat' dir='ltr'>quo</span> <span class='ocrx_word' id='word_1_622' title='bbox 2755 2269 3015 2335; x_wconf 89' lang='lat' dir='ltr'>tempore</span> <span class='ocrx_word' id='word_1_623' title='bbox 3044 2265 3252 2320; x_wconf 91' lang='lat' dir='ltr'>festum</span> <span class='ocrx_word' id='word_1_624' title='bbox 3310 2265 3588 2319; x_wconf 87' lang='lat' dir='ltr'>adventus</span> <span class='ocrx_word' id='word_1_625' title='bbox 3626 2265 3744 2318; x_wconf 64' lang='lat' dir='ltr'>Do-</span> 
     </span>
    </p>
   </div>
   <div class='ocr_carea' id='block_1_92' title="bbox 2044 2353 3745 2424">
    <p class='ocr_par' dir='ltr' id='par_1_92' title="bbox 2044 2353 3745 2424">
     <span class='ocr_line' id='line_1_92' title="bbox 2044 2353 3745 2424; baseline -0.001 -16"><span class='ocrx_word' id='word_1_626' title='bbox 2044 2353 2185 2408; x_wconf 89' lang='lat' dir='ltr'>mini</span> <span class='ocrx_word' id='word_1_627' title='bbox 2239 2353 2645 2408; x_wconf 89' lang='lat' dir='ltr'>celebrandum</span> <span class='ocrx_word' id='word_1_628' title='bbox 2715 2353 2808 2420; x_wconf 90' lang='lat' dir='ltr'>sit,</span> <span class='ocrx_word' id='word_1_629' title='bbox 2854 2353 3154 2424; x_wconf 86' lang='lat' dir='ltr'>inquisivit</span> <span class='ocrx_word' id='word_1_630' title='bbox 3199 2353 3334 2421; x_wconf 80' lang='grc'>(14).</span> <span class='ocrx_word' id='word_1_631' title='bbox 3379 2356 3547 2407; x_wconf 82' lang='lat' dir='ltr'>Anno</span> <span class='ocrx_word' id='word_1_632' title='bbox 3604 2355 3745 2407; x_wconf 87' lang='lat'>1010</span> 
     </span>
    </p>
   </div>
   <div class='ocr_carea' id='block_1_93' title="bbox 2043 2441 3742 2513">
    <p class='ocr_par' dir='ltr' id='par_1_93' title="bbox 2043 2441 3742 2513">
     <span class='ocr_line' id='line_1_93' title="bbox 2043 2441 3742 2513; baseline -0.002 -16"><span class='ocrx_word' id='word_1_633' title='bbox 2043 2442 2344 2513; x_wconf 91' lang='lat' dir='ltr'>episcopus</span> <span class='ocrx_word' id='word_1_634' title='bbox 2375 2443 2800 2512; x_wconf 87' lang='lat' dir='ltr'>Ultrajectensis</span> <span class='ocrx_word' id='word_1_635' title='bbox 2831 2443 3043 2496; x_wconf 88' lang='lat' dir='ltr'>electus</span> <span class='ocrx_word' id='word_1_636' title='bbox 3097 2442 3227 2513; x_wconf 83' lang='lat'>(15),</span> <span class='ocrx_word' id='word_1_637' title='bbox 3260 2442 3431 2496; x_wconf 89' lang='lat' dir='ltr'>rebus</span> <span class='ocrx_word' id='word_1_638' title='bbox 3488 2441 3742 2511; x_wconf 90' lang='lat' dir='ltr'>publicis</span> 
     </span>
    </p>
   </div>
   <div class='ocr_carea' id='block_1_94' title="bbox 2042 2530 3745 2602">
    <p class='ocr_par' dir='ltr' id='par_1_94' title="bbox 2042 2530 3745 2602">
     <span class='ocr_line' id='line_1_94' title="bbox 2042 2530 3745 2602; baseline -0.001 -16"><span class='ocrx_word' id='word_1_639' title='bbox 2042 2531 2327 2598; x_wconf 84' lang='lat' dir='ltr'>incubuit,</span> <span class='ocrx_word' id='word_1_640' title='bbox 2382 2530 2534 2585; x_wconf 88' lang='lat' dir='ltr'>bella</span> <span class='ocrx_word' id='word_1_641' title='bbox 2584 2531 2835 2601; x_wconf 89' lang='lat' dir='ltr'>plurima</span> <span class='ocrx_word' id='word_1_642' title='bbox 2885 2535 2944 2586; x_wconf 90' lang='lat' dir='ltr'>et</span> <span class='ocrx_word' id='word_1_643' title='bbox 2995 2531 3332 2602; x_wconf 87' lang='lat' dir='ltr'>gravissima</span> <span class='ocrx_word' id='word_1_644' title='bbox 3379 2530 3555 2601; x_wconf 86' lang='lat' dir='ltr'>gessit</span> <span class='ocrx_word' id='word_1_645' title='bbox 3605 2531 3745 2600; x_wconf 86' lang='lat'>(16),</span> 
     </span>
    </p>
   </div>
   <div class='ocr_carea' id='block_1_95' title="bbox 2043 2619 3750 2689">
    <p class='ocr_par' dir='ltr' id='par_1_95' title="bbox 2043 2619 3750 2689">
     <span class='ocr_line' id='line_1_95' title="bbox 2043 2619 3750 2689; baseline -0.001 -15"><span class='ocrx_word' id='word_1_646' title='bbox 2043 2619 2306 2674; x_wconf 87' lang='lat' dir='ltr'>ecclesias</span> <span class='ocrx_word' id='word_1_647' title='bbox 2334 2623 2390 2673; x_wconf 92' lang='lat' dir='ltr'>et</span> <span class='ocrx_word' id='word_1_648' title='bbox 2419 2620 2767 2673; x_wconf 88' lang='lat' dir='ltr'>monasteria</span> <span class='ocrx_word' id='word_1_649' title='bbox 2823 2619 3186 2685; x_wconf 86' lang='lat' dir='ltr'>restauravit,</span> <span class='ocrx_word' id='word_1_650' title='bbox 3245 2625 3302 2673; x_wconf 90' lang='lat' dir='ltr'>et</span> <span class='ocrx_word' id='word_1_651' title='bbox 3331 2634 3603 2689; x_wconf 86' lang='lat' dir='ltr'>magnam</span> <span class='ocrx_word' id='word_1_652' title='bbox 3633 2619 3750 2673; x_wconf 90' lang='lat' dir='ltr'>sibi</span> 
     </span>
    </p>
   </div>
   <div class='ocr_carea' id='block_1_96' title="bbox 2043 2707 3747 2779">
    <p class='ocr_par' dir='ltr' id='par_1_96' title="bbox 2043 2707 3747 2779">
     <span class='ocr_line' id='line_1_96' title="bbox 2043 2707 3747 2779; baseline -0.002 -17"><span class='ocrx_word' id='word_1_653' title='bbox 2043 2708 2256 2762; x_wconf 89' lang='lat' dir='ltr'>famam</span> <span class='ocrx_word' id='word_1_654' title='bbox 2289 2723 2392 2779; x_wconf 91' lang='lat' dir='ltr'>per</span> <span class='ocrx_word' id='word_1_655' title='bbox 2443 2713 2634 2762; x_wconf 90' lang='lat' dir='ltr'>totum</span> <span class='ocrx_word' id='word_1_656' title='bbox 2681 2723 2924 2779; x_wconf 89' lang='lat' dir='ltr'>regnum</span> <span class='ocrx_word' id='word_1_657' title='bbox 2970 2707 3290 2762; x_wconf 87' lang='lat' dir='ltr'>conciliavit</span> <span class='ocrx_word' id='word_1_658' title='bbox 3342 2711 3474 2773; x_wconf 87' lang='lat'>(17).</span> <span class='ocrx_word' id='word_1_659' title='bbox 3516 2707 3747 2762; x_wconf 89' lang='lat' dir='ltr'>Ultimis</span> 
     </span>
    </p>
   </div>
   <div class='ocr_carea' id='block_1_97' title="bbox 2043 2795 3745 2866">
    <p class='ocr_par' dir='ltr' id='par_1_97' title="bbox 2043 2795 3745 2866">
     <span class='ocr_line' id='line_1_97' title="bbox 2043 2795 3745 2866; baseline 0.001 -17"><span class='ocrx_word' id='word_1_660' title='bbox 2043 2797 2174 2850; x_wconf 63' lang='lat' dir='ltr'>vita:</span> <span class='ocrx_word' id='word_1_661' title='bbox 2202 2796 2365 2850; x_wconf 90' lang='lat' dir='ltr'>annis</span> <span class='ocrx_word' id='word_1_662' title='bbox 2396 2795 2796 2851; x_wconf 88' lang='lat' dir='ltr'>monachicum</span> <span class='ocrx_word' id='word_1_663' title='bbox 2853 2797 3116 2851; x_wconf 89' lang='lat' dir='ltr'>habitum</span> <span class='ocrx_word' id='word_1_664' title='bbox 3142 2795 3352 2862; x_wconf 90' lang='lat' dir='ltr'>induit,</span> <span class='ocrx_word' id='word_1_665' title='bbox 3386 2801 3443 2850; x_wconf 91' lang='lat' dir='ltr'>et</span> <span class='ocrx_word' id='word_1_666' title='bbox 3497 2811 3602 2866; x_wconf 91' lang='lat' dir='ltr'>per</span> <span class='ocrx_word' id='word_1_667' title='bbox 3637 2796 3745 2850; x_wconf 88' lang='lat' dir='ltr'>ali-</span> 
     </span>
    </p>
   </div>
   <div class='ocr_carea' id='block_1_98' title="bbox 2044 2884 3747 2956">
    <p class='ocr_par' dir='ltr' id='par_1_98' title="bbox 2044 2884 3747 2956">
     <span class='ocr_line' id='line_1_98' title="bbox 2044 2884 3747 2956; baseline 0 -17"><span class='ocrx_word' id='word_1_668' title='bbox 2044 2886 2203 2956; x_wconf 91' lang='lat' dir='ltr'>quod</span> <span class='ocrx_word' id='word_1_669' title='bbox 2239 2890 2468 2956; x_wconf 89' lang='lat' dir='ltr'>tempus</span> <span class='ocrx_word' id='word_1_670' title='bbox 2542 2885 2717 2938; x_wconf 89' lang='lat' dir='ltr'>etiam</span> <span class='ocrx_word' id='word_1_671' title='bbox 2765 2884 3071 2940; x_wconf 86' lang='lat' dir='ltr'>dioeceseos</span> <span class='ocrx_word' id='word_1_672' title='bbox 3129 2884 3626 2939; x_wconf 88' lang='lat' dir='ltr'>administratione</span> <span class='ocrx_word' id='word_1_673' title='bbox 3685 2901 3747 2939; x_wconf 90' lang='lat' dir='ltr'>se</span> 
     </span>
    </p>
   </div>
   <div class='ocr_carea' id='block_1_99' title="bbox 2045 2972 3752 3044">
    <p class='ocr_par' dir='ltr' id='par_1_99' title="bbox 2045 2972 3752 3044">
     <span class='ocr_line' id='line_1_99' title="bbox 2045 2972 3752 3044; baseline -0.001 -16"><span class='ocrx_word' id='word_1_674' title='bbox 2045 2974 2346 3041; x_wconf 88' lang='lat' dir='ltr'>abdicavit,</span> <span class='ocrx_word' id='word_1_675' title='bbox 2405 2989 2579 3044; x_wconf 89' lang='lat' dir='ltr'>quam</span> <span class='ocrx_word' id='word_1_676' title='bbox 2636 2979 2832 3027; x_wconf 88' lang='lat' dir='ltr'>tamen</span> <span class='ocrx_word' id='word_1_677' title='bbox 2907 2977 3106 3044; x_wconf 88' lang='lat' dir='ltr'>postea</span> <span class='ocrx_word' id='word_1_678' title='bbox 3165 2973 3377 3044; x_wconf 90' lang='lat' dir='ltr'>recepit</span> <span class='ocrx_word' id='word_1_679' title='bbox 3422 2974 3521 3042; x_wconf 88' lang='lat'>(8).</span> <span class='ocrx_word' id='word_1_680' title='bbox 3593 2972 3752 3027; x_wconf 87' lang='lat' dir='ltr'>Obiit</span> 
     </span>
    </p>
   </div>
   <div class='ocr_carea' id='block_1_100' title="bbox 2047 3062 3030 3133">
    <p class='ocr_par' dir='ltr' id='par_1_100' title="bbox 2047 3062 3030 3133">
     <span class='ocr_line' id='line_1_100' title="bbox 2047 3062 3030 3133; baseline -0.002 -15"><span class='ocrx_word' id='word_1_681' title='bbox 2047 3080 2098 3118; x_wconf 88' lang='lat' dir='ltr'>a.</span> <span class='ocrx_word' id='word_1_682' title='bbox 2133 3064 2290 3129; x_wconf 88' lang='grc'>1027,</span> <span class='ocrx_word' id='word_1_683' title='bbox 2321 3062 2415 3116; x_wconf 89' lang='lat' dir='ltr'>die</span> <span class='ocrx_word' id='word_1_684' title='bbox 2444 3065 2509 3115; x_wconf 86' lang='grc'>27</span> <span class='ocrx_word' id='word_1_685' title='bbox 2541 3062 2870 3117; x_wconf 89' lang='lat' dir='ltr'>novembris</span> <span class='ocrx_word' id='word_1_686' title='bbox 2901 3062 3030 3133; x_wconf 87' lang='lat'>(19).</span> 
     </span>
    </p>
   </div>
   <div class='ocr_carea' id='block_1_101' title="bbox 2045 3218 3742 3288">
    <p class='ocr_par' dir='ltr' id='par_1_101' title="bbox 2045 3218 3742 3288">
     <span class='ocr_line' id='line_1_101' title="bbox 2045 3218 3742 3288; baseline -0.002 -14"><span class='ocrx_word' id='word_1_687' title='bbox 2045 3219 2376 3285; x_wconf 66' lang='lat' dir='ltr'>Adelbolcte,</span> <span class='ocrx_word' id='word_1_688' title='bbox 2419 3219 2602 3273; x_wconf 88' lang='lat' dir='ltr'>menti</span> <span class='ocrx_word' id='word_1_689' title='bbox 2652 3235 2798 3273; x_wconf 61' lang='lat' dir='ltr'>mea;</span> <span class='ocrx_word' id='word_1_690' title='bbox 2833 3219 3196 3279; x_wconf 88' lang='lat' dir='ltr'>occurrebas,</span> <span class='ocrx_word' id='word_1_691' title='bbox 3228 3218 3437 3288; x_wconf 88' lang='lat' dir='ltr'>dignus</span> <span class='ocrx_word' id='word_1_692' title='bbox 3487 3233 3555 3272; x_wconf 93' lang='lat' dir='ltr'>eo</span> <span class='ocrx_word' id='word_1_693' title='bbox 3604 3233 3742 3271; x_wconf 89' lang='lat' dir='ltr'>mu-</span> 
     </span>
    </p>
   </div>
   <div class='ocr_carea' id='block_1_102' title="bbox 2046 3289 3743 3361">
    <p class='ocr_par' dir='ltr' id='par_1_102' title="bbox 2046 3289 3743 3361">
     <span class='ocr_line' id='line_1_102' title="bbox 2046 3289 3743 3361; baseline -0.001 -18"><span class='ocrx_word' id='word_1_694' title='bbox 2046 3307 2183 3344; x_wconf 91' lang='lat' dir='ltr'>nere</span> <span class='ocrx_word' id='word_1_695' title='bbox 2204 3295 2266 3344; x_wconf 89' lang='lat' dir='ltr'>ut</span> <span class='ocrx_word' id='word_1_696' title='bbox 2293 3295 2394 3344; x_wconf 93' lang='lat' dir='ltr'>tuo</span> <span class='ocrx_word' id='word_1_697' title='bbox 2422 3290 2647 3344; x_wconf 91' lang='lat' dir='ltr'>nomini</span> <span class='ocrx_word' id='word_1_698' title='bbox 2676 3290 2885 3361; x_wconf 89' lang='lat' dir='ltr'>scripta</span> <span class='ocrx_word' id='word_1_699' title='bbox 2915 3305 3214 3353; x_wconf 89' lang='lat' dir='ltr'>sacrarem,</span> <span class='ocrx_word' id='word_1_700' title='bbox 3248 3289 3384 3361; x_wconf 86' lang='lat' dir='ltr'>quia</span> <span class='ocrx_word' id='word_1_701' title='bbox 3409 3359 3416 3361; x_wconf 19' lang='grc' dir='ltr'><strong>Α</strong></span> <span class='ocrx_word' id='word_1_702' title='bbox 3439 3304 3743 3361; x_wconf 84' lang='lat' dir='ltr'>nunquam</span> 
     </span>
    </p>
   </div>
   <div class='ocr_carea' id='block_1_103' title="bbox 2045 3359 3744 3431">
    <p class='ocr_par' dir='ltr' id='par_1_103' title="bbox 2045 3359 3744 3431">
     <span class='ocr_line' id='line_1_103' title="bbox 2045 3359 3744 3431; baseline -0.001 -17"><span class='ocrx_word' id='word_1_703' title='bbox 2045 3361 2360 3431; x_wconf 90' lang='lat' dir='ltr'>quidquam</span> <span class='ocrx_word' id='word_1_704' title='bbox 2391 3365 2508 3414; x_wconf 89' lang='lat' dir='ltr'>tam</span> <span class='ocrx_word' id='word_1_705' title='bbox 2569 3359 2870 3415; x_wconf 77' lang='lat' dir='ltr'>commode</span> <span class='ocrx_word' id='word_1_706' title='bbox 2924 3361 3108 3414; x_wconf 90' lang='lat' dir='ltr'>facere</span> <span class='ocrx_word' id='word_1_707' title='bbox 3167 3366 3268 3414; x_wconf 87' lang='lat' dir='ltr'>aut</span> <span class='ocrx_word' id='word_1_708' title='bbox 3312 3359 3539 3431; x_wconf 10' lang='lat' dir='ltr'>dicirvel</span> <span class='ocrx_word' id='word_1_709' title='bbox 3569 3359 3744 3413; x_wconf 87' lang='lat' dir='ltr'>scribi</span> 
     </span>
    </p>
   </div>
   <div class='ocr_carea' id='block_1_104' title="bbox 2046 3430 3745 3502">
    <p class='ocr_par' dir='ltr' id='par_1_104' title="bbox 2046 3430 3745 3502">
     <span class='ocr_line' id='line_1_104' title="bbox 2046 3430 3745 3502; baseline -0.001 -17"><span class='ocrx_word' id='word_1_710' title='bbox 2046 3430 2251 3502; x_wconf 82' lang='lat' dir='ltr'>potest,</span> <span class='ocrx_word' id='word_1_711' title='bbox 2285 3431 2426 3500; x_wconf 92' lang='lat' dir='ltr'>quin</span> <span class='ocrx_word' id='word_1_712' title='bbox 2459 3432 2559 3499; x_wconf 88' lang='lat' dir='ltr'>[ed.</span> <span class='ocrx_word' id='word_1_713' title='bbox 2621 3433 2867 3502; x_wconf 88' lang='lat' dir='ltr'>quando]</span> <span class='ocrx_word' id='word_1_714' title='bbox 2902 3431 2960 3485; x_wconf 92' lang='lat' dir='ltr'>id</span> <span class='ocrx_word' id='word_1_715' title='bbox 2992 3431 3253 3486; x_wconf 90' lang='lat' dir='ltr'>omnium</span> <span class='ocrx_word' id='word_1_716' title='bbox 3285 3430 3558 3502; x_wconf 85' lang='lat' dir='ltr'>opinione</span> <span class='ocrx_word' id='word_1_717' title='bbox 3597 3446 3745 3500; x_wconf 86' lang='lat' dir='ltr'>pro-</span> 
     </span>
    </p>
   </div>
   <div class='ocr_carea' id='block_1_105' title="bbox 2045 3501 3746 3573">
    <p class='ocr_par' dir='ltr' id='par_1_105' title="bbox 2045 3501 3746 3573">
     <span class='ocr_line' id='line_1_105' title="bbox 2045 3501 3746 3573; baseline 0 -19"><span class='ocrx_word' id='word_1_718' title='bbox 2045 3501 2170 3573; x_wconf 88' lang='lat' dir='ltr'>pria</span> <span class='ocrx_word' id='word_1_719' title='bbox 2219 3503 2428 3555; x_wconf 89' lang='lat' dir='ltr'>virtute</span> <span class='ocrx_word' id='word_1_720' title='bbox 2460 3501 2744 3573; x_wconf 3' lang='lat' dir='ltr'>(superes.</span> <span class='ocrx_word' id='word_1_721' title='bbox 2823 3503 2967 3556; x_wconf 88' lang='lat' dir='ltr'>Nota</span> <span class='ocrx_word' id='word_1_722' title='bbox 3031 3508 3123 3573; x_wconf 89' lang='lat' dir='ltr'>est</span> <span class='ocrx_word' id='word_1_723' title='bbox 3162 3502 3315 3556; x_wconf 89' lang='lat' dir='ltr'>enim</span> <span class='ocrx_word' id='word_1_724' title='bbox 3370 3501 3590 3573; x_wconf 88' lang='lat' dir='ltr'>cunctis</span> <span class='ocrx_word' id='word_1_725' title='bbox 3642 3507 3746 3554; x_wconf 85' lang='lat' dir='ltr'>tua</span> 
     </span>
    </p>
   </div>
   <div class='ocr_carea' id='block_1_106' title="bbox 2044 3571 3742 3643">
    <p class='ocr_par' dir='ltr' id='par_1_106' title="bbox 2044 3571 3742 3643">
     <span class='ocr_line' id='line_1_106' title="bbox 2044 3571 3742 3643; baseline -0.002 -15"><span class='ocrx_word' id='word_1_726' title='bbox 2044 3571 2326 3628; x_wconf 81' lang='lat' dir='ltr'>excellens</span> <span class='ocrx_word' id='word_1_727' title='bbox 2351 3571 2653 3642; x_wconf 85' lang='lat' dir='ltr'>sapientia,</span> <span class='ocrx_word' id='word_1_728' title='bbox 2690 3589 3046 3643; x_wconf 71' lang='lat' dir='ltr'>summaeque</span> <span class='ocrx_word' id='word_1_729' title='bbox 3076 3572 3163 3625; x_wconf 91' lang='lat' dir='ltr'>vir</span> <span class='ocrx_word' id='word_1_730' title='bbox 3216 3572 3545 3643; x_wconf 85' lang='lat' dir='ltr'>virtutiset</span> <span class='ocrx_word' id='word_1_731' title='bbox 3595 3587 3742 3625; x_wconf 87' lang='lat' dir='ltr'>con-</span> 
     </span>
    </p>
   </div>
   <div class='ocr_carea' id='block_1_107' title="bbox 2044 3641 3742 3714">
    <p class='ocr_par' dir='ltr' id='par_1_107' title="bbox 2044 3641 3742 3714">
     <span class='ocr_line' id='line_1_107' title="bbox 2044 3641 3742 3714; baseline -0.002 -16"><span class='ocrx_word' id='word_1_732' title='bbox 2044 3644 2156 3698; x_wconf 90' lang='lat' dir='ltr'>silii</span> <span class='ocrx_word' id='word_1_733' title='bbox 2187 3643 2404 3714; x_wconf 89' lang='lat' dir='ltr'>ubique</span> <span class='ocrx_word' id='word_1_734' title='bbox 2421 3641 2776 3712; x_wconf 75' lang='lat' dir='ltr'>praedicaris.</span> <span class='ocrx_word' id='word_1_735' title='bbox 2813 3641 3082 3698; x_wconf 79' lang='lat' dir='ltr'>Omnium</span> <span class='ocrx_word' id='word_1_736' title='bbox 3116 3659 3347 3713; x_wconf 88' lang='lat' dir='ltr'>quoque</span> <span class='ocrx_word' id='word_1_737' title='bbox 3369 3641 3742 3714; x_wconf 21' lang='lat' dir='ltr'>judicioﬂnon</span> 
     </span>
    </p>
   </div>
   <div class='ocr_carea' id='block_1_108' title="bbox 2045 3712 3743 3782">
    <p class='ocr_par' dir='ltr' id='par_1_108' title="bbox 2045 3712 3743 3782">
     <span class='ocr_line' id='line_1_108' title="bbox 2045 3712 3743 3782; baseline -0.001 -14"><span class='ocrx_word' id='word_1_738' title='bbox 2045 3715 2233 3768; x_wconf 89' lang='lat' dir='ltr'>solum</span> <span class='ocrx_word' id='word_1_739' title='bbox 2303 3712 2479 3781; x_wconf 91' lang='lat' dir='ltr'>domi,</span> <span class='ocrx_word' id='word_1_740' title='bbox 2547 3715 2649 3769; x_wconf 90' lang='lat' dir='ltr'>sed</span> <span class='ocrx_word' id='word_1_741' title='bbox 2718 3715 2892 3768; x_wconf 89' lang='lat' dir='ltr'>etiam</span> <span class='ocrx_word' id='word_1_742' title='bbox 2967 3715 3028 3767; x_wconf 93' lang='lat' dir='ltr'>in</span> <span class='ocrx_word' id='word_1_743' title='bbox 3093 3712 3291 3768; x_wconf 82' lang='lat' dir='ltr'>castris</span> <span class='ocrx_word' id='word_1_744' title='bbox 3341 3712 3743 3782; x_wconf 89' lang='lat' dir='ltr'>imperialibus</span> 
     </span>
    </p>
   </div>
   <div class='ocr_carea' id='block_1_109' title="bbox 2043 3784 3744 3856">
    <p class='ocr_par' dir='ltr' id='par_1_109' title="bbox 2043 3784 3744 3856">
     <span class='ocr_line' id='line_1_109' title="bbox 2043 3784 3744 3856; baseline -0.002 -17"><span class='ocrx_word' id='word_1_745' title='bbox 2043 3784 2503 3856; x_wconf 66' lang='lat' dir='ltr'>praestantissimi</span> <span class='ocrx_word' id='word_1_746' title='bbox 2541 3790 2597 3840; x_wconf 93' lang='lat' dir='ltr'>et</span> <span class='ocrx_word' id='word_1_747' title='bbox 2647 3785 3007 3839; x_wconf 88' lang='lat' dir='ltr'>solertissimi</span> <span class='ocrx_word' id='word_1_748' title='bbox 3055 3784 3308 3856; x_wconf 82' lang='lat' dir='ltr'>hominis</span> <span class='ocrx_word' id='word_1_749' title='bbox 3359 3785 3546 3838; x_wconf 82' lang='lat' dir='ltr'>ofﬁcia</span> <span class='ocrx_word' id='word_1_750' title='bbox 3577 3799 3744 3856; x_wconf 81' lang='lat' dir='ltr'>exer-</span> 
     </span>
    </p>
   </div>
   <div class='ocr_carea' id='block_1_110' title="bbox 2043 3854 3743 3925">
    <p class='ocr_par' dir='ltr' id='par_1_110' title="bbox 2043 3854 3743 3925">
     <span class='ocr_line' id='line_1_110' title="bbox 2043 3854 3743 3925; baseline -0.001 -16"><span class='ocrx_word' id='word_1_751' title='bbox 2043 3854 2169 3910; x_wconf 73' lang='lat' dir='ltr'>cere</span> <span class='ocrx_word' id='word_1_752' title='bbox 2215 3856 2632 3925; x_wconf 90' lang='lat' dir='ltr'>comprobaris.</span> <span class='ocrx_word' id='word_1_753' title='bbox 2689 3856 2746 3910; x_wconf 90' lang='lat' dir='ltr'>Si</span> <span class='ocrx_word' id='word_1_754' title='bbox 2805 3856 2897 3910; x_wconf 91' lang='lat' dir='ltr'>cui</span> <span class='ocrx_word' id='word_1_755' title='bbox 2950 3861 3143 3909; x_wconf 89' lang='lat' dir='ltr'>tamen</span> <span class='ocrx_word' id='word_1_756' title='bbox 3203 3855 3325 3909; x_wconf 69' lang='lat' dir='ltr'>haec</span> <span class='ocrx_word' id='word_1_757' title='bbox 3377 3871 3507 3925; x_wconf 65' lang='lat' dir='ltr'>qum</span> <span class='ocrx_word' id='word_1_758' title='bbox 3571 3854 3643 3907; x_wconf 89' lang='lat' dir='ltr'>de</span> <span class='ocrx_word' id='word_1_759' title='bbox 3688 3860 3743 3908; x_wconf 91' lang='lat' dir='ltr'>te</span> 
     </span>
    </p>
   </div>
   <div class='ocr_carea' id='block_1_111' title="bbox 2043 3925 3743 3995">
    <p class='ocr_par' dir='ltr' id='par_1_111' title="bbox 2043 3925 3743 3995">
     <span class='ocr_line' id='line_1_111' title="bbox 2043 3925 3743 3995; baseline -0.002 -14"><span class='ocrx_word' id='word_1_760' title='bbox 2043 3927 2286 3981; x_wconf 89' lang='lat' dir='ltr'>dicimus</span> <span class='ocrx_word' id='word_1_761' title='bbox 2339 3925 2515 3980; x_wconf 90' lang='lat' dir='ltr'>dubia</span> <span class='ocrx_word' id='word_1_762' title='bbox 2568 3927 2808 3981; x_wconf 86' lang='lat' dir='ltr'>fortasse</span> <span class='ocrx_word' id='word_1_763' title='bbox 2877 3926 3163 3989; x_wconf 89' lang='lat' dir='ltr'>videntur,</span> <span class='ocrx_word' id='word_1_764' title='bbox 3233 3925 3499 3995; x_wconf 88' lang='lat' dir='ltr'>rescipiat</span> <span class='ocrx_word' id='word_1_765' title='bbox 3540 3925 3743 3994; x_wconf 85' lang='lat' dir='ltr'>Traje-</span> 
     </span>
    </p>
   </div>
   <div class='ocr_carea' id='block_1_112' title="bbox 2041 3996 3738 4068">
    <p class='ocr_par' dir='ltr' id='par_1_112' title="bbox 2041 3996 3738 4068">
     <span class='ocr_line' id='line_1_112' title="bbox 2041 3996 3738 4068; baseline -0.002 -17"><span class='ocrx_word' id='word_1_766' title='bbox 2041 4004 2197 4052; x_wconf 91' lang='lat' dir='ltr'>ctum</span> <span class='ocrx_word' id='word_1_767' title='bbox 2253 3996 2491 4050; x_wconf 87' lang='lat' dir='ltr'>diversis</span> <span class='ocrx_word' id='word_1_768' title='bbox 2546 3998 2816 4068; x_wconf 90' lang='lat' dir='ltr'>operibus</span> <span class='ocrx_word' id='word_1_769' title='bbox 2871 4015 2905 4052; x_wconf 91' lang='lat' dir='ltr'>a</span> <span class='ocrx_word' id='word_1_770' title='bbox 2969 4001 3024 4051; x_wconf 90' lang='lat' dir='ltr'>te</span> <span class='ocrx_word' id='word_1_771' title='bbox 3082 4003 3276 4068; x_wconf 90' lang='lat' dir='ltr'>tamen</span> <span class='ocrx_word' id='word_1_772' title='bbox 3333 4002 3389 4049; x_wconf 90' lang='lat' dir='ltr'>et</span> <span class='ocrx_word' id='word_1_773' title='bbox 3446 4001 3738 4068; x_wconf 76' lang='lat' dir='ltr'>ornatam,</span> 
     </span>
    </p>
   </div>
   <div class='ocr_carea' id='block_1_113' title="bbox 2040 4066 3740 4138">
    <p class='ocr_par' dir='ltr' id='par_1_113' title="bbox 2040 4066 3740 4138">
     <span class='ocr_line' id='line_1_113' title="bbox 2040 4066 3740 4138; baseline -0.001 -16"><span class='ocrx_word' id='word_1_774' title='bbox 2040 4069 2369 4138; x_wconf 90' lang='lat' dir='ltr'>ibidemque</span> <span class='ocrx_word' id='word_1_775' title='bbox 2399 4066 2610 4122; x_wconf 85' lang='lat' dir='ltr'>novum</span> <span class='ocrx_word' id='word_1_776' title='bbox 2661 4068 3073 4122; x_wconf 88' lang='lat' dir='ltr'>monasterium</span> <span class='ocrx_word' id='word_1_777' title='bbox 3104 4067 3295 4123; x_wconf 89' lang='lat' dir='ltr'>Sancti</span> <span class='ocrx_word' id='word_1_778' title='bbox 3325 4066 3551 4121; x_wconf 83' lang='lat' dir='ltr'>Martini</span> <span class='ocrx_word' id='word_1_779' title='bbox 3590 4069 3740 4138; x_wconf 88' lang='lat' dir='ltr'>miro</span> 
     </span>
    </p>
   </div>
   <div class='ocr_carea' id='block_1_114' title="bbox 2039 4137 3745 4210">
    <p class='ocr_par' dir='ltr' id='par_1_114' title="bbox 2039 4137 3745 4210">
     <span class='ocr_line' id='line_1_114' title="bbox 2039 4137 3745 4210; baseline -0.002 -16"><span class='ocrx_word' id='word_1_780' title='bbox 2039 4137 2291 4210; x_wconf 78' lang='lat' dir='ltr'>ingenio</span> <span class='ocrx_word' id='word_1_781' title='bbox 2335 4154 2367 4191; x_wconf 93' lang='lat' dir='ltr'>a</span> <span class='ocrx_word' id='word_1_782' title='bbox 2432 4145 2487 4192; x_wconf 90' lang='lat' dir='ltr'>te</span> <span class='ocrx_word' id='word_1_783' title='bbox 2552 4139 2857 4193; x_wconf 85' lang='lat' dir='ltr'>fundatum</span> <span class='ocrx_word' id='word_1_784' title='bbox 2935 4143 3015 4210; x_wconf 13' lang='lat' dir='ltr'>et,</span> <span class='ocrx_word' id='word_1_785' title='bbox 3071 4138 3400 4210; x_wconf 88' lang='lat' dir='ltr'>ordinatum</span> <span class='ocrx_word' id='word_1_786' title='bbox 3476 4143 3533 4191; x_wconf 92' lang='lat' dir='ltr'>et</span> <span class='ocrx_word' id='word_1_787' title='bbox 3593 4137 3745 4210; x_wconf 79' lang='lat' dir='ltr'>mira</span> 
     </span>
    </p>
   </div>
   <div class='ocr_carea' id='block_1_115' title="bbox 2040 4208 3747 4279">
    <p class='ocr_par' dir='ltr' id='par_1_115' title="bbox 2040 4208 3747 4279">
     <span class='ocr_line' id='line_1_115' title="bbox 2040 4208 3747 4279; baseline -0.002 -15"><span class='ocrx_word' id='word_1_788' title='bbox 2040 4208 2334 4279; x_wconf 78' lang='lat' dir='ltr'>celeritate</span> <span class='ocrx_word' id='word_1_789' title='bbox 2354 4210 2551 4277; x_wconf 90' lang='lat' dir='ltr'>paucis</span> <span class='ocrx_word' id='word_1_790' title='bbox 2581 4211 2746 4263; x_wconf 84' lang='lat' dir='ltr'>annis</span> <span class='ocrx_word' id='word_1_791' title='bbox 2778 4225 2923 4279; x_wconf 87' lang='lat' dir='ltr'>pene</span> <span class='ocrx_word' id='word_1_792' title='bbox 2953 4209 3027 4264; x_wconf 90' lang='lat' dir='ltr'>ad</span> <span class='ocrx_word' id='word_1_793' title='bbox 3055 4209 3468 4278; x_wconf 87' lang='lat' dir='ltr'>perfectionem</span> <span class='ocrx_word' id='word_1_794' title='bbox 3517 4208 3747 4278; x_wconf 86' lang='lat' dir='ltr'>perdu-</span> 
     </span>
    </p>
   </div>
   <div class='ocr_carea' id='block_1_116' title="bbox 2039 4278 3748 4346">
    <p class='ocr_par' dir='ltr' id='par_1_116' title="bbox 2039 4278 3748 4346">
     <span class='ocr_line' id='line_1_116' title="bbox 2039 4278 3748 4346; baseline -0.002 -10"><span class='ocrx_word' id='word_1_795' title='bbox 2039 4286 2302 4346; x_wconf 90' lang='lat' dir='ltr'>ctum,ut</span> <span class='ocrx_word' id='word_1_796' title='bbox 2324 4278 2445 4334; x_wconf 59' lang='lat' dir='ltr'>haec</span> <span class='ocrx_word' id='word_1_797' title='bbox 2498 4297 2615 4334; x_wconf 91' lang='lat' dir='ltr'>non</span> <span class='ocrx_word' id='word_1_798' title='bbox 2674 4278 2976 4334; x_wconf 89' lang='lat' dir='ltr'>videantur</span> <span class='ocrx_word' id='word_1_799' title='bbox 3024 4279 3356 4334; x_wconf 67' lang='lat' dir='ltr'>aediﬁcando</span> <span class='ocrx_word' id='word_1_800' title='bbox 3409 4283 3748 4332; x_wconf 89' lang='lat' dir='ltr'>constructa</span> 
     </span>
    </p>
   </div>
   <div class='ocr_carea' id='block_1_117' title="bbox 2039 4349 3744 4421">
    <p class='ocr_par' dir='ltr' id='par_1_117' title="bbox 2039 4349 3744 4421">
     <span class='ocr_line' id='line_1_117' title="bbox 2039 4349 3744 4421; baseline -0.003 -14"><span class='ocrx_word' id='word_1_801' title='bbox 2039 4369 2184 4421; x_wconf 92' lang='lat' dir='ltr'>esse,</span> <span class='ocrx_word' id='word_1_802' title='bbox 2215 4352 2310 4405; x_wconf 89' lang='lat' dir='ltr'>sed</span> <span class='ocrx_word' id='word_1_803' title='bbox 2339 4351 2501 4421; x_wconf 90' lang='lat' dir='ltr'>quasi</span> <span class='ocrx_word' id='word_1_804' title='bbox 2561 4351 2811 4421; x_wconf 89' lang='lat' dir='ltr'>optando</span> <span class='ocrx_word' id='word_1_805' title='bbox 2844 4350 3031 4405; x_wconf 90' lang='lat' dir='ltr'>subito</span> <span class='ocrx_word' id='word_1_806' title='bbox 3055 4351 3137 4405; x_wconf 89' lang='lat' dir='ltr'>ibi</span> <span class='ocrx_word' id='word_1_807' title='bbox 3175 4349 3532 4421; x_wconf 85' lang='lat' dir='ltr'>constitisse;</span> <span class='ocrx_word' id='word_1_808' title='bbox 3568 4350 3744 4403; x_wconf 85' lang='lat' dir='ltr'>sciat-</span> 
     </span>
    </p>
   </div>
   <div class='ocr_carea' id='block_1_118' title="bbox 2039 4420 3744 4492">
    <p class='ocr_par' dir='ltr' id='par_1_118' title="bbox 2039 4420 3744 4492">
     <span class='ocr_line' id='line_1_118' title="bbox 2039 4420 3744 4492; baseline -0.001 -16"><span class='ocrx_word' id='word_1_809' title='bbox 2039 4420 2175 4492; x_wconf 87' lang='lat' dir='ltr'>que</span> <span class='ocrx_word' id='word_1_810' title='bbox 2203 4425 2273 4479; x_wconf 88' lang='lat' dir='ltr'>de</span> <span class='ocrx_word' id='word_1_811' title='bbox 2319 4420 2375 4481; x_wconf 84' lang='lat' dir='ltr'>te</span> <span class='ocrx_word' id='word_1_812' title='bbox 2405 4423 2550 4477; x_wconf 87' lang='lat' dir='ltr'>nihil</span> <span class='ocrx_word' id='word_1_813' title='bbox 2582 4420 2820 4477; x_wconf 85' lang='lat' dir='ltr'>omnino</span> <span class='ocrx_word' id='word_1_814' title='bbox 2852 4421 3250 4492; x_wconf 89' lang='lat' dir='ltr'>assentationis</span> <span class='ocrx_word' id='word_1_815' title='bbox 3274 4420 3518 4491; x_wconf 88' lang='lat' dir='ltr'>proferri</span> <span class='ocrx_word' id='word_1_816' title='bbox 3550 4436 3744 4492; x_wconf 78' lang='lat' dir='ltr'>posse.</span> 
     </span>
    </p>
   </div>
   <div class='ocr_carea' id='block_1_119' title="bbox 2043 4487 3748 4567">
    <p class='ocr_par' dir='ltr' id='par_1_119' title="bbox 2043 4487 3748 4567">
     <span class='ocr_line' id='line_1_119' title="bbox 2043 4487 3748 4567; baseline -0.004 -18"><span class='ocrx_word' id='word_1_817' title='bbox 2043 4487 2218 4563; x_wconf 88' lang='lat' dir='ltr'>Unde,</span> <span class='ocrx_word' id='word_1_818' title='bbox 2248 4496 2294 4549; x_wconf 89' lang='lat' dir='ltr'>si</span> <span class='ocrx_word' id='word_1_819' title='bbox 2327 4493 2464 4567; x_wconf 85' lang='lat' dir='ltr'>quid</span> <span class='ocrx_word' id='word_1_820' title='bbox 2487 4493 2765 4567; x_wconf 83' lang='lat' dir='ltr'>imperite</span> <span class='ocrx_word' id='word_1_821' title='bbox 2795 4492 3051 4567; x_wconf 60' lang='lat' dir='ltr'>dilatavi,</span> <span class='ocrx_word' id='word_1_822' title='bbox 3092 4491 3195 4545; x_wconf 91' lang='lat' dir='ltr'>sub</span> <span class='ocrx_word' id='word_1_823' title='bbox 3226 4487 3385 4567; x_wconf 77' lang='lat' dir='ltr'>tuam</span> <span class='ocrx_word' id='word_1_824' title='bbox 3417 4487 3748 4567; x_wconf 52' lang='lat' dir='ltr'>correctio:</span> 
     </span>
    </p>
   </div>
   <div class='ocr_carea' id='block_1_120' title="bbox 2040 4561 3743 4628">
    <p class='ocr_par' dir='ltr' id='par_1_120' title="bbox 2040 4561 3743 4628">
     <span class='ocr_line' id='line_1_120' title="bbox 2040 4561 3743 4628; baseline -0.003 -8"><span class='ocrx_word' id='word_1_825' title='bbox 2040 4582 2172 4621; x_wconf 90' lang='lat' dir='ltr'>nem</span> <span class='ocrx_word' id='word_1_826' title='bbox 2196 4561 2253 4621; x_wconf 87' lang='lat' dir='ltr'>et</span> <span class='ocrx_word' id='word_1_827' title='bbox 2283 4561 2679 4623; x_wconf 80' lang='lat' dir='ltr'>defensionem</span> <span class='ocrx_word' id='word_1_828' title='bbox 2709 4563 2969 4618; x_wconf 87' lang='lat' dir='ltr'>conferre</span> <span class='ocrx_word' id='word_1_829' title='bbox 3021 4563 3266 4628; x_wconf 87' lang='lat' dir='ltr'>decrevi,</span> <span class='ocrx_word' id='word_1_830' title='bbox 3305 4562 3542 4616; x_wconf 90' lang='lat' dir='ltr'>credens</span> <span class='ocrx_word' id='word_1_831' title='bbox 3593 4561 3743 4615; x_wconf 89' lang='lat' dir='ltr'>illud</span> 
     </span>
    </p>
   </div>
   <div class='ocr_carea' id='block_1_121' title="bbox 2037 4632 3746 4693">
    <p class='ocr_par' dir='ltr' id='par_1_121' title="bbox 2037 4632 3746 4693">
     <span class='ocr_line' id='line_1_121' title="bbox 2037 4632 3746 4693; baseline -0.004 -1"><span class='ocrx_word' id='word_1_832' title='bbox 2037 4642 2136 4692; x_wconf 91' lang='lat' dir='ltr'>tua</span> <span class='ocrx_word' id='word_1_833' title='bbox 2178 4639 2513 4693; x_wconf 89' lang='lat' dir='ltr'>auctoritate</span> <span class='ocrx_word' id='word_1_834' title='bbox 2555 4634 2786 4690; x_wconf 89' lang='lat' dir='ltr'>defendi</span> <span class='ocrx_word' id='word_1_835' title='bbox 2824 4639 2882 4688; x_wconf 90' lang='lat' dir='ltr'>et</span> <span class='ocrx_word' id='word_1_836' title='bbox 2929 4633 3240 4688; x_wconf 86' lang='lat' dir='ltr'>nobilitari.</span> <span class='ocrx_word' id='word_1_837' title='bbox 3289 4633 3395 4688; x_wconf 90' lang='lat' dir='ltr'>Sed</span> <span class='ocrx_word' id='word_1_838' title='bbox 3448 4632 3496 4685; x_wconf 89' lang='lat' dir='ltr'>si</span> <span class='ocrx_word' id='word_1_839' title='bbox 3552 4632 3746 4686; x_wconf 88' lang='lat' dir='ltr'>adhuc</span> 
     </span>
    </p>
   </div>
   <div class='ocr_carea' id='block_1_122' title="bbox 2039 4703 3742 4780">
    <p class='ocr_par' dir='ltr' id='par_1_122' title="bbox 2039 4703 3742 4780">
     <span class='ocr_line' id='line_1_122' title="bbox 2039 4703 3742 4780; baseline -0.004 -18"><span class='ocrx_word' id='word_1_840' title='bbox 2039 4708 2345 4780; x_wconf 83' lang='lat' dir='ltr'>quisquam</span> <span class='ocrx_word' id='word_1_841' title='bbox 2377 4710 2463 4762; x_wconf 90' lang='lat' dir='ltr'>est</span> <span class='ocrx_word' id='word_1_842' title='bbox 2488 4706 2588 4780; x_wconf 82' lang='lat' dir='ltr'>qui</span> <span class='ocrx_word' id='word_1_843' title='bbox 2619 4711 2732 4759; x_wconf 68' lang='lat' dir='ltr'>tute</span> <span class='ocrx_word' id='word_1_844' title='bbox 2758 4704 3127 4780; x_wconf 73' lang='lat' dir='ltr'>amplissimae</span> <span class='ocrx_word' id='word_1_845' title='bbox 3182 4703 3506 4780; x_wconf 64' lang='lat' dir='ltr'>prudentie</span> <span class='ocrx_word' id='word_1_846' title='bbox 3531 4703 3742 4780; x_wconf 85' lang='lat' dir='ltr'>_de_ro—</span> 
     </span>
    </p>
   </div>
   <div class='ocr_carea' id='block_1_123' title="bbox 2038 4773 3740 4848">
    <p class='ocr_par' dir='ltr' id='par_1_123' title="bbox 2038 4773 3740 4848">
     <span class='ocr_line' id='line_1_123' title="bbox 2038 4773 3740 4848; baseline -0.002 -16"><span class='ocrx_word' id='word_1_847' title='bbox 2038 4773 2464 4848; x_wconf 47' lang='lat' dir='ltr'>gare-conetur,</span> <span class='ocrx_word' id='word_1_848' title='bbox 2491 4773 2685 4831; x_wconf 71' lang='lat' dir='ltr'>videat</span> <span class='ocrx_word' id='word_1_849' title='bbox 2714 4773 2887 4830; x_wconf 83' lang='lat' dir='ltr'>etiam</span> <span class='ocrx_word' id='word_1_850' title='bbox 2918 4773 3394 4848; x_wconf 80' lang='lat' dir='ltr'>locumnostrum</span> <span class='ocrx_word' id='word_1_851' title='bbox 3443 4773 3689 4848; x_wconf 87' lang='lat' dir='ltr'>in_Tiele</span> <span class='ocrx_word' id='word_1_852' title='bbox 3725 4791 3740 4828; x_wconf 86' lang='lat'>:</span> 
     </span>
    </p>
   </div>
   <div class='ocr_carea' id='block_1_124' title="bbox 2032 4845 3745 4920">
    <p class='ocr_par' dir='ltr' id='par_1_124' title="bbox 2032 4845 3745 4920">
     <span class='ocr_line' id='line_1_124' title="bbox 2032 4845 3745 4920; baseline -0.004 -16"><span class='ocrx_word' id='word_1_853' title='bbox 2032 4845 2153 4920; x_wconf 55' lang='lat' dir='ltr'>j&#39;am</span> <span class='ocrx_word' id='word_1_854' title='bbox 2185 4845 2396 4905; x_wconf 82' lang='lat' dir='ltr'>divinis</span> <span class='ocrx_word' id='word_1_855' title='bbox 2423 4848 2595 4902; x_wconf 88' lang='lat' dir='ltr'>rebus</span> <span class='ocrx_word' id='word_1_856' title='bbox 2625 4848 2954 4920; x_wconf 82' lang='lat' dir='ltr'>ﬂorentem,</span> <span class='ocrx_word' id='word_1_857' title='bbox 3001 4851 3057 4900; x_wconf 91' lang='lat' dir='ltr'>et</span> <span class='ocrx_word' id='word_1_858' title='bbox 3096 4846 3169 4920; x_wconf 88' lang='lat' dir='ltr'>_de</span> <span class='ocrx_word' id='word_1_859' title='bbox 3219 4861 3333 4920; x_wconf 86' lang='lat' dir='ltr'>quo</span> <span class='ocrx_word' id='word_1_860' title='bbox 3379 4860 3469 4898; x_wconf 91' lang='lat' dir='ltr'>me</span> <span class='ocrx_word' id='word_1_861' title='bbox 3490 4845 3745 4920; x_wconf 67' lang='lat' dir='ltr'>locutu—</span> 
     </span>
    </p>
   </div>
   <div class='ocr_carea' id='block_1_125' title="bbox 2036 4913 3744 4996">
    <p class='ocr_par' dir='ltr' id='par_1_125' title="bbox 2036 4913 3744 4996">
     <span class='ocr_line' id='line_1_125' title="bbox 2036 4913 3744 4996; baseline -0.004 -22"><span class='ocrx_word' id='word_1_862' title='bbox 2036 4913 2167 4996; x_wconf 63' lang='lat' dir='ltr'>rum</span> <span class='ocrx_word' id='word_1_863' title='bbox 2215 4919 2476 4996; x_wconf 86' lang='lat' dir='ltr'>promisi,</span> <span class='ocrx_word' id='word_1_864' title='bbox 2527 4935 2561 4972; x_wconf 89' lang='lat' dir='ltr'>a</span> <span class='ocrx_word' id='word_1_865' title='bbox 2606 4917 2998 4996; x_wconf 77' lang='lat' dir='ltr'>superioribus</span> <span class='ocrx_word' id='word_1_866' title='bbox 3018 4913 3302 4996; x_wconf 77' lang='lat' dir='ltr'>episcopis</span> <span class='ocrx_word' id='word_1_867' title='bbox 3349 4913 3620 4996; x_wconf 85' lang='lat' dir='ltr'>omnibus</span> <span class='ocrx_word' id='word_1_868' title='bbox 3652 4931 3744 4968; x_wconf 78' lang='lat' dir='ltr'>so-</span> 
     </span>
    </p>
   </div>
   <div class='ocr_carea' id='block_1_126' title="bbox 2037 4987 3744 5058">
    <p class='ocr_par' dir='ltr' id='par_1_126' title="bbox 2037 4987 3744 5058">
     <span class='ocr_line' id='line_1_126' title="bbox 2037 4987 3744 5058; baseline -0.004 -13"><span class='ocrx_word' id='word_1_869' title='bbox 2037 4992 2189 5045; x_wconf 90' lang='lat' dir='ltr'>latiis</span> <span class='ocrx_word' id='word_1_870' title='bbox 2215 4987 2582 5058; x_wconf 77' lang='lat' dir='ltr'>destitutum,</span> <span class='ocrx_word' id='word_1_871' title='bbox 2615 4995 2729 5042; x_wconf 88' lang='lat' dir='ltr'>ate</span> <span class='ocrx_word' id='word_1_872' title='bbox 2759 5004 2874 5042; x_wconf 90' lang='lat' dir='ltr'>uno</span> <span class='ocrx_word' id='word_1_873' title='bbox 2923 4987 3019 5058; x_wconf 92' lang='lat' dir='ltr'>pia</span> <span class='ocrx_word' id='word_1_874' title='bbox 3074 4987 3534 5058; x_wconf 85' lang='lat' dir='ltr'>consideratione</span> <span class='ocrx_word' id='word_1_875' title='bbox 3587 5001 3744 5058; x_wconf 80' lang='lat' dir='ltr'>pene</span> 
     </span>
    </p>
   </div>
   <div class='ocr_carea' id='block_1_127' title="bbox 2037 5056 3744 5133">
    <p class='ocr_par' dir='ltr' id='par_1_127' title="bbox 2037 5056 3744 5133">
     <span class='ocr_line' id='line_1_127' title="bbox 2037 5056 3744 5133; baseline -0.004 -17"><span class='ocrx_word' id='word_1_876' title='bbox 2037 5063 2108 5116; x_wconf 92' lang='lat' dir='ltr'>ad</span> <span class='ocrx_word' id='word_1_877' title='bbox 2147 5063 2459 5133; x_wconf 90' lang='lat' dir='ltr'>pristinum</span> <span class='ocrx_word' id='word_1_878' title='bbox 2491 5056 2705 5114; x_wconf 84' lang='lat' dir='ltr'>statum</span> <span class='ocrx_word' id='word_1_879' title='bbox 2734 5056 3345 5133; x_wconf 18' lang='lat' dir='ltr'>restitutum.‘_Przedia</span> <span class='ocrx_word' id='word_1_880' title='bbox 3372 5072 3616 5133; x_wconf 75' lang='lat' dir='ltr'>quoque</span> <span class='ocrx_word' id='word_1_881' title='bbox 3667 5056 3744 5133; x_wconf 76' lang='lat' dir='ltr'>ab</span> 
     </span>
    </p>
   </div>
   <div class='ocr_carea' id='block_1_128' title="bbox 2035 5127 3742 5200">
    <p class='ocr_par' dir='ltr' id='par_1_128' title="bbox 2035 5127 3742 5200">
     <span class='ocr_line' id='line_1_128' title="bbox 2035 5127 3742 5200; baseline -0.004 -14"><span class='ocrx_word' id='word_1_882' title='bbox 2035 5127 2395 5188; x_wconf 77' lang='lat' dir='ltr'>invasoribus</span> <span class='ocrx_word' id='word_1_883' title='bbox 2425 5133 2520 5187; x_wconf 90' lang='lat' dir='ltr'>diu</span> <span class='ocrx_word' id='word_1_884' title='bbox 2570 5135 2809 5196; x_wconf 82' lang='lat' dir='ltr'>retenta,</span> <span class='ocrx_word' id='word_1_885' title='bbox 2870 5145 3000 5200; x_wconf 70' lang='lat' dir='ltr'>qua:</span> <span class='ocrx_word' id='word_1_886' title='bbox 3028 5128 3436 5200; x_wconf 8' lang='lat' dir='ltr'>religiosigviri</span> <span class='ocrx_word' id='word_1_887' title='bbox 3487 5127 3558 5180; x_wconf 90' lang='lat' dir='ltr'>ad</span> <span class='ocrx_word' id='word_1_888' title='bbox 3608 5127 3742 5200; x_wconf 73' lang='lat' dir='ltr'>eul—</span> 
     </span>
    </p>
   </div>
   <div class='ocr_carea' id='block_1_129' title="bbox 2037 5197 3743 5267">
    <p class='ocr_par' dir='ltr' id='par_1_129' title="bbox 2037 5197 3743 5267">
     <span class='ocr_line' id='line_1_129' title="bbox 2037 5197 3743 5267; baseline -0.005 -9"><span class='ocrx_word' id='word_1_889' title='bbox 2037 5209 2161 5258; x_wconf 91' lang='lat' dir='ltr'>tum</span> <span class='ocrx_word' id='word_1_890' title='bbox 2231 5206 2329 5258; x_wconf 91' lang='lat' dir='ltr'>Dei</span> <span class='ocrx_word' id='word_1_891' title='bbox 2394 5204 2512 5258; x_wconf 86' lang='lat' dir='ltr'>illic</span> <span class='ocrx_word' id='word_1_892' title='bbox 2569 5197 2944 5266; x_wconf 63' lang='lat' dir='ltr'>tradiderant,</span> <span class='ocrx_word' id='word_1_893' title='bbox 3010 5198 3333 5253; x_wconf 87' lang='lat' dir='ltr'>restituisti.</span> <span class='ocrx_word' id='word_1_894' title='bbox 3399 5199 3480 5252; x_wconf 54' lang='lat' dir='ltr'>Ex’</span> <span class='ocrx_word' id='word_1_895' title='bbox 3525 5197 3743 5267; x_wconf 89' lang='lat' dir='ltr'>quibus</span> 
     </span>
    </p>
   </div>
   <div class='ocr_carea' id='block_1_130' title="bbox 2038 5269 3743 5342">
    <p class='ocr_par' dir='ltr' id='par_1_130' title="bbox 2038 5269 3743 5342">
     <span class='ocr_line' id='line_1_130' title="bbox 2038 5269 3743 5342; baseline -0.005 -13"><span class='ocrx_word' id='word_1_896' title='bbox 2038 5275 2206 5329; x_wconf 90' lang='lat' dir='ltr'>rebus</span> <span class='ocrx_word' id='word_1_897' title='bbox 2240 5275 2406 5329; x_wconf 88' lang='lat' dir='ltr'>facile</span> <span class='ocrx_word' id='word_1_898' title='bbox 2437 5273 2749 5339; x_wconf 75' lang='lat' dir='ltr'>colligitur,</span> <span class='ocrx_word' id='word_1_899' title='bbox 2805 5271 2941 5342; x_wconf 87' lang='lat' dir='ltr'>quia</span> <span class='ocrx_word' id='word_1_900' title='bbox 2988 5276 3218 5342; x_wconf 84' lang='lat' dir='ltr'>terrena</span> <span class='ocrx_word' id='word_1_901' title='bbox 3266 5269 3572 5323; x_wconf 85' lang='lat' dir='ltr'>commoda</span> <span class='ocrx_word' id='word_1_902' title='bbox 3617 5284 3743 5322; x_wconf 92' lang='lat' dir='ltr'>non</span> 
     </span>
    </p>
   </div>
   <div class='ocr_carea' id='block_1_131' title="bbox 2038 5341 3664 5423">
    <p class='ocr_par' dir='ltr' id='par_1_131' title="bbox 2038 5341 3664 5423">
     <span class='ocr_line' id='line_1_131' title="bbox 2038 5341 3664 5423; baseline -0.003 -24"><span class='ocrx_word' id='word_1_903' title='bbox 2038 5345 2405 5423; x_wconf 65' lang='lat' dir='ltr'>quaeris,_sed</span> <span class='ocrx_word' id='word_1_904' title='bbox 2437 5344 2542 5423; x_wconf 66' lang='lat' dir='ltr'>seti</span> <span class='ocrx_word' id='word_1_905' title='bbox 2576 5345 2688 5398; x_wconf 92' lang='lat' dir='ltr'>Deo</span> <span class='ocrx_word' id='word_1_906' title='bbox 2719 5342 2945 5423; x_wconf 68' lang='lat' dir='ltr'>placere</span> <span class='ocrx_word' id='word_1_907' title='bbox 2974 5341 3286 5423; x_wconf 50' lang='lat' dir='ltr'>studeas“?</span> <span class='ocrx_word' id='word_1_908' title='bbox 3523 5409 3568 5423; x_wconf 57' lang='grc' dir='ltr'>η</span> <span class='ocrx_word' id='word_1_909' title='bbox 3599 5394 3626 5423; x_wconf 36' lang='grc' dir='ltr'><strong>κ</strong></span> <span class='ocrx_word' id='word_1_910' title='bbox 3655 5409 3664 5418; x_wconf 30' lang='grc' dir='ltr'><strong><em>η</em></strong></span> 
     </span>
    </p>
   </div>
   <div class='ocr_carea' id='block_1_132' title="bbox 2109 5409 3738 5488">
    <p class='ocr_par' dir='ltr' id='par_1_132' title="bbox 2109 5409 3738 5488">
     <span class='ocr_line' id='line_1_132' title="bbox 2109 5409 3738 5488; baseline -0.005 -16"><span class='ocrx_word' id='word_1_911' title='bbox 2109 5417 2215 5488; x_wconf 86' lang='grc'>(18)</span> <span class='ocrx_word' id='word_1_912' title='bbox 2261 5409 2406 5471; x_wconf 58' lang='grc' dir='ltr'>’νίὶδ</span> <span class='ocrx_word' id='word_1_913' title='bbox 2473 5409 2764 5484; x_wconf 87' lang='lat' dir='ltr'>Popponis</span> <span class='ocrx_word' id='word_1_914' title='bbox 2803 5412 3019 5468; x_wconf 86' lang='lat' dir='ltr'>Stabul.</span> <span class='ocrx_word' id='word_1_915' title='bbox 3087 5428 3135 5466; x_wconf 92' lang='lat' dir='ltr'>c.</span> <span class='ocrx_word' id='word_1_916' title='bbox 3209 5413 3295 5478; x_wconf 88' lang='lat'>33,</span> <span class='ocrx_word' id='word_1_917' title='bbox 3362 5426 3454 5479; x_wconf 88' lang='lat' dir='ltr'>ap.</span> <span class='ocrx_word' id='word_1_918' title='bbox 3522 5409 3738 5464; x_wconf 78' lang='lat' dir='ltr'>Mabill.</span> 
     </span>
    </p>
   </div>
   <div class='ocr_carea' id='block_1_133' title="bbox 2035 5488 2582 5557">
    <p class='ocr_par' dir='ltr' id='par_1_133' title="bbox 2035 5488 2582 5557">
     <span class='ocr_line' id='line_1_133' title="bbox 2035 5488 2582 5557; baseline -0.007 -15"><span class='ocrx_word' id='word_1_919' title='bbox 2035 5491 2174 5542; x_wconf 86' lang='lat' dir='ltr'>Acta</span> <span class='ocrx_word' id='word_1_920' title='bbox 2192 5488 2279 5555; x_wconf 90' lang='lat' dir='ltr'>Vl,</span> <span class='ocrx_word' id='word_1_921' title='bbox 2310 5503 2346 5550; x_wconf 82' lang='grc' dir='ltr'>ι,</span> <span class='ocrx_word' id='word_1_922' title='bbox 2371 5504 2428 5557; x_wconf 83' lang='grc' dir='ltr'>ρ.</span> <span class='ocrx_word' id='word_1_923' title='bbox 2461 5488 2582 5540; x_wconf 82' lang='grc'>585.</span> 
     </span>
    </p>
   </div>
   <div class='ocr_carea' id='block_1_134' title="bbox 2109 5551 3746 5628">
    <p class='ocr_par' dir='ltr' id='par_1_134' title="bbox 2109 5551 3746 5628">
     <span class='ocr_line' id='line_1_134' title="bbox 2109 5551 3746 5628; baseline -0.006 -15"><span class='ocrx_word' id='word_1_924' title='bbox 2109 5559 2226 5628; x_wconf 88' lang='lat'>(19)</span> <span class='ocrx_word' id='word_1_925' title='bbox 2266 5551 2492 5616; x_wconf 38' lang='lat' dir='ltr'>&#39;Chi‘on.</span> <span class='ocrx_word' id='word_1_926' title='bbox 2559 5554 2998 5627; x_wconf 86' lang='lat' dir='ltr'>Egmundanum</span> <span class='ocrx_word' id='word_1_927' title='bbox 3049 5569 3142 5624; x_wconf 86' lang='lat' dir='ltr'>ap.</span> <span class='ocrx_word' id='word_1_928' title='bbox 3180 5551 3340 5607; x_wconf 83' lang='lat' dir='ltr'>Kluit</span> <span class='ocrx_word' id='word_1_929' title='bbox 3388 5551 3531 5607; x_wconf 78' lang='lat' dir='ltr'>Hist.</span> <span class='ocrx_word' id='word_1_930' title='bbox 3582 5566 3746 5606; x_wconf 77' lang='lat' dir='ltr'>com-</span> 
     </span>
    </p>
   </div>
   <div class='ocr_carea' id='block_1_135' title="bbox 2040 5629 2548 5700">
    <p class='ocr_par' dir='ltr' id='par_1_135' title="bbox 2040 5629 2548 5700">
     <span class='ocr_line' id='line_1_135' title="bbox 2040 5629 2548 5700; baseline -0.008 -15"><span class='ocrx_word' id='word_1_931' title='bbox 2040 5629 2187 5685; x_wconf 83' lang='lat' dir='ltr'>Holl.</span> <span class='ocrx_word' id='word_1_932' title='bbox 2224 5631 2262 5694; x_wconf 80' lang='grc' dir='ltr'>ι,</span> <span class='ocrx_word' id='word_1_933' title='bbox 2299 5646 2338 5693; x_wconf 86' lang='grc' dir='ltr'>ι,</span> <span class='ocrx_word' id='word_1_934' title='bbox 2368 5645 2425 5700; x_wconf 89' lang='lat' dir='ltr'>p.</span> <span class='ocrx_word' id='word_1_935' title='bbox 2459 5629 2548 5683; x_wconf 71' lang='lat'>45.</span> 
     </span>
    </p>
   </div>
  </div>
