  <div class='ocr_page' id='page_1' title='image "/cluster/home/n/w/nwhite01/storage/ocr_20150623/140/hvd.32044054760004/550.png"; bbox 0 0 4010 6194; ppageno 0'>
   <div class='ocr_carea' id='block_1_1' title="bbox 227 303 363 355">
    <p class='ocr_par' dir='ltr' id='par_1_1' title="bbox 227 303 363 355">
     <span class='ocr_line' id='line_1_1' title="bbox 227 303 363 355; baseline 0 0"><span class='ocrx_word' id='word_1_1' title='bbox 227 303 363 355; x_wconf 83' lang='lat'>1089</span> 
     </span>
    </p>
   </div>
   <div class='ocr_carea' id='block_1_2' title="bbox 1630 304 2347 365">
    <p class='ocr_par' dir='ltr' id='par_1_2' title="bbox 1630 304 2347 365">
     <span class='ocr_line' id='line_1_2' title="bbox 1630 304 2347 365; baseline 0.003 -6"><span class='ocrx_word' id='word_1_2' title='bbox 1630 304 1909 361; x_wconf 83' lang='lat' dir='ltr'>NOTITIA</span> <span class='ocrx_word' id='word_1_3' title='bbox 1957 307 2347 365; x_wconf 83' lang='lat' dir='ltr'>HISTORICA.</span> 
     </span>
    </p>
   </div>
   <div class='ocr_carea' id='block_1_3' title="bbox 3608 312 3748 365">
    <p class='ocr_par' dir='ltr' id='par_1_3' title="bbox 3608 312 3748 365">
     <span class='ocr_line' id='line_1_3' title="bbox 3608 312 3748 365; baseline -0.014 0"><span class='ocrx_word' id='word_1_4' title='bbox 3608 312 3748 365; x_wconf 83' lang='lat'>1090</span> 
     </span>
    </p>
   </div>
   <div class='ocr_carea' id='block_1_4' title="bbox 295 425 3740 504">
    <p class='ocr_par' dir='ltr' id='par_1_4' title="bbox 295 425 3740 504">
     <span class='ocr_line' id='line_1_4' title="bbox 295 425 3740 504; baseline 0.003 -24"><span class='ocrx_word' id='word_1_5' title='bbox 295 428 513 480; x_wconf 62' lang='lat' dir='ltr'>Praeter</span> <span class='ocrx_word' id='word_1_6' title='bbox 538 425 722 479; x_wconf 81' lang='lat' dir='ltr'>Vitam</span> <span class='ocrx_word' id='word_1_7' title='bbox 754 425 1005 480; x_wconf 83' lang='lat' dir='ltr'>Heinrici</span> <span class='ocrx_word' id='word_1_8' title='bbox 1046 442 1176 480; x_wconf 91' lang='lat' dir='ltr'>eum</span> <span class='ocrx_word' id='word_1_9' title='bbox 1212 443 1240 477; x_wconf 75' lang='grc' dir='ltr'>α</span> <span class='ocrx_word' id='word_1_10' title='bbox 1288 425 1350 480; x_wconf 92' lang='lat' dir='ltr'>in</span> <span class='ocrx_word' id='word_1_11' title='bbox 1399 429 1645 497; x_wconf 89' lang='lat' dir='ltr'>utraque</span> <span class='ocrx_word' id='word_1_12' title='bbox 1694 428 1919 483; x_wconf 88' lang='lat' dir='ltr'>littera-</span> <span class='ocrx_word' id='word_1_13' title='bbox 1958 432 2002 484; x_wconf 85' lang='lat' dir='ltr'><strong>A</strong></span> <span class='ocrx_word' id='word_1_14' title='bbox 2036 435 2094 484; x_wconf 90' lang='lat' dir='ltr'>et</span> <span class='ocrx_word' id='word_1_15' title='bbox 2125 447 2158 484; x_wconf 89' lang='lat' dir='ltr'>a</span> <span class='ocrx_word' id='word_1_16' title='bbox 2190 431 2360 485; x_wconf 83' lang='lat' dir='ltr'>rebus</span> <span class='ocrx_word' id='word_1_17' title='bbox 2384 430 2631 501; x_wconf 83' lang='lat' dir='ltr'>publicis</span> <span class='ocrx_word' id='word_1_18' title='bbox 2661 433 2857 501; x_wconf 85' lang='lat' dir='ltr'>procul</span> <span class='ocrx_word' id='word_1_19' title='bbox 2892 437 3138 488; x_wconf 89' lang='lat' dir='ltr'>amotus.</span> <span class='ocrx_word' id='word_1_20' title='bbox 3174 434 3368 504; x_wconf 86' lang='lat' dir='ltr'><strong>Neque</strong></span> <span class='ocrx_word' id='word_1_21' title='bbox 3400 434 3740 491; x_wconf 87' lang='lat' dir='ltr'>mirandum</span> 
     </span>
    </p>
   </div>
   <div class='ocr_carea' id='block_1_5' title="bbox 218 514 1929 587">
    <p class='ocr_par' dir='ltr' id='par_1_5' title="bbox 218 514 1929 587">
     <span class='ocr_line' id='line_1_5' title="bbox 218 514 1929 587; baseline 0.001 -19"><span class='ocrx_word' id='word_1_22' title='bbox 218 520 351 568; x_wconf 87' lang='lat' dir='ltr'>tura</span> <span class='ocrx_word' id='word_1_23' title='bbox 383 516 548 584; x_wconf 85' lang='lat' dir='ltr'>plura</span> <span class='ocrx_word' id='word_1_24' title='bbox 592 519 971 568; x_wconf 90' lang='lat' dir='ltr'>monumenta</span> <span class='ocrx_word' id='word_1_25' title='bbox 1020 514 1321 585; x_wconf 84' lang='lat' dir='ltr'>reliquisse</span> <span class='ocrx_word' id='word_1_26' title='bbox 1371 532 1400 564; x_wconf 80' lang='lat'>»</span> <span class='ocrx_word' id='word_1_27' title='bbox 1448 515 1622 569; x_wconf 83' lang='lat' dir='ltr'>tradit</span> <span class='ocrx_word' id='word_1_28' title='bbox 1665 516 1929 587; x_wconf 88' lang='lat' dir='ltr'>Sigeber-</span> 
     </span>
    </p>
   </div>
   <div class='ocr_carea' id='block_1_6' title="bbox 220 602 1929 672">
    <p class='ocr_par' dir='ltr' id='par_1_6' title="bbox 220 602 1929 672">
     <span class='ocr_line' id='line_1_6' title="bbox 220 602 1929 672; baseline 0.002 -16"><span class='ocrx_word' id='word_1_29' title='bbox 220 608 314 656; x_wconf 89' lang='lat' dir='ltr'>tus</span> <span class='ocrx_word' id='word_1_30' title='bbox 347 603 477 672; x_wconf 87' lang='lat'><strong>(20);</strong></span> <span class='ocrx_word' id='word_1_31' title='bbox 511 618 575 654; x_wconf 91' lang='lat' dir='ltr'>ex</span> <span class='ocrx_word' id='word_1_32' title='bbox 608 602 819 670; x_wconf 87' lang='lat' dir='ltr'>quibus</span> <span class='ocrx_word' id='word_1_33' title='bbox 870 608 1105 656; x_wconf 88' lang='lat' dir='ltr'>cantum</span> <span class='ocrx_word' id='word_1_34' title='bbox 1149 603 1541 656; x_wconf 83' lang='lat' dir='ltr'>nocturnalem</span> <span class='ocrx_word' id='word_1_35' title='bbox 1592 604 1653 657; x_wconf 91' lang='lat' dir='ltr'>in</span> <span class='ocrx_word' id='word_1_36' title='bbox 1702 606 1929 659; x_wconf 91' lang='lat' dir='ltr'>laudem</span> 
     </span>
    </p>
   </div>
   <div class='ocr_carea' id='block_1_7' title="bbox 220 689 1932 763">
    <p class='ocr_par' dir='ltr' id='par_1_7' title="bbox 220 689 1932 763">
     <span class='ocr_line' id='line_1_7' title="bbox 220 689 1932 763; baseline 0.001 -17"><span class='ocrx_word' id='word_1_37' title='bbox 220 691 277 746; x_wconf 91' lang='lat' dir='ltr'><strong>S.</strong></span> <span class='ocrx_word' id='word_1_38' title='bbox 314 689 558 756; x_wconf 83' lang='lat' dir='ltr'>Martini,</span> <span class='ocrx_word' id='word_1_39' title='bbox 603 690 693 743; x_wconf 91' lang='lat' dir='ltr'>cui</span> <span class='ocrx_word' id='word_1_40' title='bbox 741 691 1074 762; x_wconf 83' lang='lat' dir='ltr'>principalis</span> <span class='ocrx_word' id='word_1_41' title='bbox 1120 691 1358 745; x_wconf 84' lang='lat' dir='ltr'>ecclesia</span> <span class='ocrx_word' id='word_1_42' title='bbox 1409 692 1776 763; x_wconf 86' lang='lat' dir='ltr'>Ultrajectina</span> <span class='ocrx_word' id='word_1_43' title='bbox 1822 694 1932 747; x_wconf 91' lang='lat' dir='ltr'>fuit</span> 
     </span>
    </p>
   </div>
   <div class='ocr_carea' id='block_1_8' title="bbox 221 779 1931 850">
    <p class='ocr_par' dir='ltr' id='par_1_8' title="bbox 221 779 1931 850">
     <span class='ocr_line' id='line_1_8' title="bbox 221 779 1931 850; baseline 0.002 -16"><span class='ocrx_word' id='word_1_44' title='bbox 221 780 506 847; x_wconf 89' lang='lat' dir='ltr'>dedicata,</span> <span class='ocrx_word' id='word_1_45' title='bbox 537 784 593 832; x_wconf 93' lang='lat' dir='ltr'>et</span> <span class='ocrx_word' id='word_1_46' title='bbox 622 779 836 834; x_wconf 91' lang='lat' dir='ltr'>librum</span> <span class='ocrx_word' id='word_1_47' title='bbox 864 780 934 835; x_wconf 91' lang='lat' dir='ltr'>de</span> <span class='ocrx_word' id='word_1_48' title='bbox 964 781 1260 850; x_wconf 89' lang='lat' dir='ltr'>triumpho</span> <span class='ocrx_word' id='word_1_49' title='bbox 1291 781 1361 835; x_wconf 89' lang='lat' dir='ltr'>ab</span> <span class='ocrx_word' id='word_1_50' title='bbox 1400 781 1602 835; x_wconf 91' lang='lat' dir='ltr'>eodem</span> <span class='ocrx_word' id='word_1_51' title='bbox 1636 788 1830 837; x_wconf 91' lang='lat' dir='ltr'>sancto</span> <span class='ocrx_word' id='word_1_52' title='bbox 1861 784 1931 837; x_wconf 94' lang='lat' dir='ltr'>de</span> 
     </span>
    </p>
   </div>
   <div class='ocr_carea' id='block_1_9' title="bbox 223 868 1929 942">
    <p class='ocr_par' dir='ltr' id='par_1_9' title="bbox 223 868 1929 942">
     <span class='ocr_line' id='line_1_9' title="bbox 223 868 1929 942; baseline 0.002 -19"><span class='ocrx_word' id='word_1_53' title='bbox 223 868 396 923; x_wconf 90' lang='lat' dir='ltr'>Dauis</span> <span class='ocrx_word' id='word_1_54' title='bbox 424 872 718 938; x_wconf 88' lang='lat' dir='ltr'>reportato</span> <span class='ocrx_word' id='word_1_55' title='bbox 750 870 1055 924; x_wconf 90' lang='lat' dir='ltr'>Guibertus</span> <span class='ocrx_word' id='word_1_56' title='bbox 1107 869 1527 924; x_wconf 88' lang='lat' dir='ltr'>Gemblacensis</span> <span class='ocrx_word' id='word_1_57' title='bbox 1570 871 1747 925; x_wconf 84' lang='lat' dir='ltr'>refert</span> <span class='ocrx_word' id='word_1_58' title='bbox 1794 872 1929 942; x_wconf 89' lang='lat'><strong>(21),</strong></span> 
     </span>
    </p>
   </div>
   <div class='ocr_carea' id='block_1_10' title="bbox 222 957 1931 1016">
    <p class='ocr_par' dir='ltr' id='par_1_10' title="bbox 222 957 1931 1016">
     <span class='ocr_line' id='line_1_10' title="bbox 222 957 1931 1016; baseline 0.003 -5"><span class='ocrx_word' id='word_1_59' title='bbox 222 958 398 1012; x_wconf 89' lang='lat' dir='ltr'>libros</span> <span class='ocrx_word' id='word_1_60' title='bbox 427 958 496 1011; x_wconf 94' lang='lat' dir='ltr'>de</span> <span class='ocrx_word' id='word_1_61' title='bbox 528 957 795 1011; x_wconf 85' lang='lat' dir='ltr'>laudibus</span> <span class='ocrx_word' id='word_1_62' title='bbox 827 958 881 1013; x_wconf 90' lang='lat' dir='ltr'>S.</span> <span class='ocrx_word' id='word_1_63' title='bbox 916 960 1099 1012; x_wconf 90' lang='lat' dir='ltr'>crucis</span> <span class='ocrx_word' id='word_1_64' title='bbox 1147 964 1201 1013; x_wconf 89' lang='lat' dir='ltr'>et</span> <span class='ocrx_word' id='word_1_65' title='bbox 1231 960 1300 1013; x_wconf 93' lang='lat' dir='ltr'>de</span> <span class='ocrx_word' id='word_1_66' title='bbox 1332 959 1600 1013; x_wconf 87' lang='lat' dir='ltr'>laudibus</span> <span class='ocrx_word' id='word_1_67' title='bbox 1646 961 1695 1015; x_wconf 90' lang='lat' dir='ltr'>S.</span> <span class='ocrx_word' id='word_1_68' title='bbox 1744 962 1931 1016; x_wconf 71' lang='lat' dir='ltr'>Marias</span> 
     </span>
    </p>
   </div>
   <div class='ocr_carea' id='block_1_11' title="bbox 222 1047 1934 1121">
    <p class='ocr_par' dir='ltr' id='par_1_11' title="bbox 222 1047 1934 1121">
     <span class='ocr_line' id='line_1_11' title="bbox 222 1047 1934 1121; baseline 0.003 -21"><span class='ocrx_word' id='word_1_69' title='bbox 222 1047 571 1101; x_wconf 89' lang='lat' dir='ltr'>Trithemius</span> <span class='ocrx_word' id='word_1_70' title='bbox 610 1051 872 1101; x_wconf 91' lang='lat' dir='ltr'>recenset</span> <span class='ocrx_word' id='word_1_71' title='bbox 922 1047 1063 1116; x_wconf 90' lang='lat'><strong>(22).</strong></span> <span class='ocrx_word' id='word_1_72' title='bbox 1117 1047 1469 1117; x_wconf 89' lang='lat' dir='ltr'>Opusculum</span> <span class='ocrx_word' id='word_1_73' title='bbox 1510 1050 1665 1119; x_wconf 89' lang='lat' dir='ltr'>quod</span> <span class='ocrx_word' id='word_1_74' title='bbox 1710 1050 1934 1121; x_wconf 90' lang='lat' dir='ltr'>scripsit</span> 
     </span>
    </p>
   </div>
   <div class='ocr_carea' id='block_1_12' title="bbox 225 1136 1931 1208">
    <p class='ocr_par' dir='ltr' id='par_1_12' title="bbox 225 1136 1931 1208">
     <span class='ocr_line' id='line_1_12' title="bbox 225 1136 1931 1208; baseline 0.001 -18"><span class='ocrx_word' id='word_1_75' title='bbox 225 1136 694 1191; x_wconf 88' lang='lat' dir='ltr'>mathematicum</span> <span class='ocrx_word' id='word_1_76' title='bbox 735 1136 854 1205; x_wconf 89' lang='lat' dir='ltr'>jam</span> <span class='ocrx_word' id='word_1_77' title='bbox 888 1137 1056 1195; x_wconf 77' lang='lat' dir='ltr'>attuli</span> <span class='ocrx_word' id='word_1_78' title='bbox 1089 1136 1220 1207; x_wconf 89' lang='grc'>(23),</span> <span class='ocrx_word' id='word_1_79' title='bbox 1268 1136 1424 1191; x_wconf 86' lang='lat' dir='ltr'>aliud</span> <span class='ocrx_word' id='word_1_80' title='bbox 1466 1138 1931 1208; x_wconf 88' lang='lat' dir='ltr'>philosophicum</span> 
     </span>
    </p>
   </div>
   <div class='ocr_carea' id='block_1_13' title="bbox 225 1225 1929 1297">
    <p class='ocr_par' dir='ltr' id='par_1_13' title="bbox 225 1225 1929 1297">
     <span class='ocr_line' id='line_1_13' title="bbox 225 1225 1929 1297; baseline 0.002 -19"><span class='ocrx_word' id='word_1_81' title='bbox 225 1225 283 1278; x_wconf 91' lang='lat' dir='ltr'>in</span> <span class='ocrx_word' id='word_1_82' title='bbox 359 1225 701 1279; x_wconf 75' lang='lat' dir='ltr'>bibliotheca</span> <span class='ocrx_word' id='word_1_83' title='bbox 790 1225 1094 1279; x_wconf 89' lang='lat' dir='ltr'>Parisiensi</span> <span class='ocrx_word' id='word_1_84' title='bbox 1186 1226 1469 1280; x_wconf 89' lang='lat' dir='ltr'>ineditum</span> <span class='ocrx_word' id='word_1_85' title='bbox 1545 1232 1729 1281; x_wconf 83' lang='lat' dir='ltr'>exstat</span> <span class='ocrx_word' id='word_1_86' title='bbox 1804 1229 1929 1297; x_wconf 71' lang='grc'>(24).</span> 
     </span>
    </p>
   </div>
   <div class='ocr_carea' id='block_1_14' title="bbox 225 1312 1933 1383">
    <p class='ocr_par' dir='ltr' id='par_1_14' title="bbox 225 1312 1933 1383">
     <span class='ocr_line' id='line_1_14' title="bbox 225 1312 1933 1383; baseline 0.003 -19"><span class='ocrx_word' id='word_1_87' title='bbox 225 1312 411 1366; x_wconf 80' lang='lat' dir='ltr'>Vitam</span> <span class='ocrx_word' id='word_1_88' title='bbox 487 1329 620 1366; x_wconf 89' lang='lat' dir='ltr'>vero</span> <span class='ocrx_word' id='word_1_89' title='bbox 696 1319 904 1367; x_wconf 70' lang='lat' dir='ltr'>sancta:</span> <span class='ocrx_word' id='word_1_90' title='bbox 979 1312 1303 1383; x_wconf 88' lang='lat' dir='ltr'>Walburgis</span> <span class='ocrx_word' id='word_1_91' title='bbox 1396 1314 1717 1369; x_wconf 84' lang='lat' dir='ltr'>breviorem</span> <span class='ocrx_word' id='word_1_92' title='bbox 1810 1316 1933 1369; x_wconf 85' lang='lat' dir='ltr'>sine</span> 
     </span>
    </p>
   </div>
   <div class='ocr_carea' id='block_1_15' title="bbox 224 1401 1936 1473">
    <p class='ocr_par' dir='ltr' id='par_1_15' title="bbox 224 1401 1936 1473">
     <span class='ocr_line' id='line_1_15' title="bbox 224 1401 1936 1473; baseline 0.001 -17"><span class='ocrx_word' id='word_1_93' title='bbox 224 1418 393 1456; x_wconf 91' lang='lat' dir='ltr'>causa</span> <span class='ocrx_word' id='word_1_94' title='bbox 442 1403 553 1472; x_wconf 87' lang='grc'>(25)</span> <span class='ocrx_word' id='word_1_95' title='bbox 596 1401 705 1471; x_wconf 89' lang='lat' dir='ltr'>ipsi</span> <span class='ocrx_word' id='word_1_96' title='bbox 751 1402 953 1456; x_wconf 89' lang='lat' dir='ltr'>tribuit</span> <span class='ocrx_word' id='word_1_97' title='bbox 1010 1402 1169 1457; x_wconf 85' lang='lat' dir='ltr'>Heda</span> <span class='ocrx_word' id='word_1_98' title='bbox 1213 1402 1349 1472; x_wconf 89' lang='lat'><strong>(26),</strong></span> <span class='ocrx_word' id='word_1_99' title='bbox 1401 1404 1502 1473; x_wconf 89' lang='lat' dir='ltr'>qui</span> <span class='ocrx_word' id='word_1_100' title='bbox 1552 1405 1726 1458; x_wconf 90' lang='lat' dir='ltr'>etiam</span> <span class='ocrx_word' id='word_1_101' title='bbox 1776 1405 1936 1458; x_wconf 87' lang='lat' dir='ltr'>obar-</span> 
     </span>
    </p>
   </div>
   <div class='ocr_carea' id='block_1_16' title="bbox 225 1489 1933 1561">
    <p class='ocr_par' dir='ltr' id='par_1_16' title="bbox 225 1489 1933 1561">
     <span class='ocr_line' id='line_1_16' title="bbox 225 1489 1933 1561; baseline 0 -17"><span class='ocrx_word' id='word_1_102' title='bbox 225 1495 367 1555; x_wconf 86' lang='lat' dir='ltr'>tam,</span> <span class='ocrx_word' id='word_1_103' title='bbox 468 1505 583 1559; x_wconf 91' lang='lat' dir='ltr'>qua</span> <span class='ocrx_word' id='word_1_104' title='bbox 655 1489 1000 1543; x_wconf 85' lang='lat' dir='ltr'>Adelboldus</span> <span class='ocrx_word' id='word_1_105' title='bbox 1078 1490 1355 1561; x_wconf 91' lang='lat' dir='ltr'>episcopii</span> <span class='ocrx_word' id='word_1_106' title='bbox 1428 1492 1668 1545; x_wconf 90' lang='lat' dir='ltr'>vasallos</span> <span class='ocrx_word' id='word_1_107' title='bbox 1735 1508 1933 1546; x_wconf 88' lang='lat' dir='ltr'>recen-</span> 
     </span>
    </p>
   </div>
   <div class='ocr_carea' id='block_1_17' title="bbox 227 1577 1932 1648">
    <p class='ocr_par' dir='ltr' id='par_1_17' title="bbox 227 1577 1932 1648">
     <span class='ocr_line' id='line_1_17' title="bbox 227 1577 1932 1648; baseline 0.001 -17"><span class='ocrx_word' id='word_1_108' title='bbox 227 1594 351 1631; x_wconf 91' lang='lat' dir='ltr'>sere</span> <span class='ocrx_word' id='word_1_109' title='bbox 384 1577 614 1644; x_wconf 91' lang='lat' dir='ltr'>dicitur,</span> <span class='ocrx_word' id='word_1_110' title='bbox 667 1578 765 1632; x_wconf 90' lang='lat' dir='ltr'>sed</span> <span class='ocrx_word' id='word_1_111' title='bbox 816 1583 1011 1648; x_wconf 90' lang='lat' dir='ltr'>aperte</span> <span class='ocrx_word' id='word_1_112' title='bbox 1066 1578 1289 1645; x_wconf 87' lang='lat' dir='ltr'>falsam,</span> <span class='ocrx_word' id='word_1_113' title='bbox 1324 1594 1391 1631; x_wconf 89' lang='lat' dir='ltr'>ex</span> <span class='ocrx_word' id='word_1_114' title='bbox 1419 1578 1766 1633; x_wconf 88' lang='lat' dir='ltr'>chartulario</span> <span class='ocrx_word' id='word_1_115' title='bbox 1797 1581 1932 1632; x_wconf 90' lang='lat' dir='ltr'>Tra-</span> 
     </span>
    </p>
   </div>
   <div class='ocr_carea' id='block_1_18' title="bbox 218 1665 833 1737">
    <p class='ocr_par' dir='ltr' id='par_1_18' title="bbox 218 1665 833 1737">
     <span class='ocr_line' id='line_1_18' title="bbox 218 1665 833 1737; baseline 0 -17"><span class='ocrx_word' id='word_1_116' title='bbox 218 1666 468 1737; x_wconf 88' lang='lat' dir='ltr'>jectensi</span> <span class='ocrx_word' id='word_1_117' title='bbox 495 1665 673 1719; x_wconf 87' lang='lat' dir='ltr'>edidit</span> <span class='ocrx_word' id='word_1_118' title='bbox 704 1666 833 1736; x_wconf 83' lang='lat'><strong>(27).</strong></span> 
     </span>
    </p>
   </div>
   <div class='ocr_carea' id='block_1_19' title="bbox 300 1755 1928 1826">
    <p class='ocr_par' dir='ltr' id='par_1_19' title="bbox 300 1755 1928 1826">
     <span class='ocr_line' id='line_1_19' title="bbox 300 1755 1928 1826; baseline 0 -18"><span class='ocrx_word' id='word_1_119' title='bbox 300 1755 358 1809; x_wconf 92' lang='lat' dir='ltr'>Si</span> <span class='ocrx_word' id='word_1_120' title='bbox 383 1770 518 1808; x_wconf 88' lang='lat' dir='ltr'>vero</span> <span class='ocrx_word' id='word_1_121' title='bbox 550 1756 802 1825; x_wconf 87' lang='lat' dir='ltr'>genuina</span> <span class='ocrx_word' id='word_1_122' title='bbox 829 1771 1004 1826; x_wconf 88' lang='lat' dir='ltr'>opera</span> <span class='ocrx_word' id='word_1_123' title='bbox 1034 1771 1168 1810; x_wconf 91' lang='lat' dir='ltr'>cum</span> <span class='ocrx_word' id='word_1_124' title='bbox 1209 1756 1331 1809; x_wconf 84' lang='lat' dir='ltr'>Vita</span> <span class='ocrx_word' id='word_1_125' title='bbox 1379 1771 1551 1825; x_wconf 87' lang='lat' dir='ltr'>quam</span> <span class='ocrx_word' id='word_1_126' title='bbox 1583 1772 1761 1809; x_wconf 86' lang='lat' dir='ltr'>manu</span> <span class='ocrx_word' id='word_1_127' title='bbox 1791 1756 1928 1809; x_wconf 88' lang='lat' dir='ltr'>teri—</span> 
     </span>
    </p>
   </div>
   <div class='ocr_carea' id='block_1_20' title="bbox 228 1844 1935 1915">
    <p class='ocr_par' dir='ltr' id='par_1_20' title="bbox 228 1844 1935 1915">
     <span class='ocr_line' id='line_1_20' title="bbox 228 1844 1935 1915; baseline -0.001 -16"><span class='ocrx_word' id='word_1_128' title='bbox 228 1862 359 1899; x_wconf 89' lang='lat' dir='ltr'>mus</span> <span class='ocrx_word' id='word_1_129' title='bbox 399 1845 651 1900; x_wconf 85' lang='lat' dir='ltr'>Heinrici</span> <span class='ocrx_word' id='word_1_130' title='bbox 693 1861 1121 1915; x_wconf 89' lang='lat' dir='ltr'>comparamus,</span> <span class='ocrx_word' id='word_1_131' title='bbox 1178 1844 1330 1898; x_wconf 89' lang='lat' dir='ltr'>idem</span> <span class='ocrx_word' id='word_1_132' title='bbox 1378 1861 1513 1898; x_wconf 90' lang='lat' dir='ltr'>sane</span> <span class='ocrx_word' id='word_1_133' title='bbox 1560 1844 1786 1898; x_wconf 90' lang='lat' dir='ltr'>dicendi</span> <span class='ocrx_word' id='word_1_134' title='bbox 1838 1861 1935 1914; x_wconf 82' lang='lat' dir='ltr'>ge-</span> 
     </span>
    </p>
   </div>
   <div class='ocr_carea' id='block_1_21' title="bbox 228 1933 1937 2002">
    <p class='ocr_par' dir='ltr' id='par_1_21' title="bbox 228 1933 1937 2002">
     <span class='ocr_line' id='line_1_21' title="bbox 228 1933 1937 2002; baseline -0.001 -15"><span class='ocrx_word' id='word_1_135' title='bbox 228 1950 360 2002; x_wconf 90' lang='lat' dir='ltr'>nus,</span> <span class='ocrx_word' id='word_1_136' title='bbox 427 1935 689 1989; x_wconf 88' lang='lat' dir='ltr'>eamdem</span> <span class='ocrx_word' id='word_1_137' title='bbox 751 1934 1170 1988; x_wconf 90' lang='lat' dir='ltr'>sententiarum</span> <span class='ocrx_word' id='word_1_138' title='bbox 1231 1933 1536 1986; x_wconf 82' lang='lat' dir='ltr'>artificiose</span> <span class='ocrx_word' id='word_1_139' title='bbox 1592 1938 1937 1986; x_wconf 88' lang='lat' dir='ltr'>connecten-</span> 
     </span>
    </p>
   </div>
   <div class='ocr_carea' id='block_1_22' title="bbox 232 2022 1934 2092">
    <p class='ocr_par' dir='ltr' id='par_1_22' title="bbox 232 2022 1934 2092">
     <span class='ocr_line' id='line_1_22' title="bbox 232 2022 1934 2092; baseline -0.001 -17"><span class='ocrx_word' id='word_1_140' title='bbox 232 2024 440 2076; x_wconf 92' lang='lat' dir='ltr'>darum</span> <span class='ocrx_word' id='word_1_141' title='bbox 480 2024 780 2089; x_wconf 90' lang='lat' dir='ltr'>rationem,</span> <span class='ocrx_word' id='word_1_142' title='bbox 830 2023 979 2077; x_wconf 92' lang='lat' dir='ltr'>idem</span> <span class='ocrx_word' id='word_1_143' title='bbox 1032 2038 1267 2092; x_wconf 86' lang='lat' dir='ltr'>prorsus</span> <span class='ocrx_word' id='word_1_144' title='bbox 1311 2022 1559 2075; x_wconf 89' lang='lat' dir='ltr'>auctoris</span> <span class='ocrx_word' id='word_1_145' title='bbox 1616 2022 1934 2091; x_wconf 87' lang='lat' dir='ltr'>ingenium,</span> 
     </span>
    </p>
   </div>
   <div class='ocr_carea' id='block_1_23' title="bbox 229 2110 1935 2180">
    <p class='ocr_par' dir='ltr' id='par_1_23' title="bbox 229 2110 1935 2180">
     <span class='ocr_line' id='line_1_23' title="bbox 229 2110 1935 2180; baseline -0.002 -15"><span class='ocrx_word' id='word_1_146' title='bbox 229 2111 352 2165; x_wconf 89' lang='lat' dir='ltr'>imo</span> <span class='ocrx_word' id='word_1_147' title='bbox 386 2126 498 2164; x_wconf 91' lang='lat' dir='ltr'>non</span> <span class='ocrx_word' id='word_1_148' title='bbox 529 2111 701 2163; x_wconf 88' lang='lat' dir='ltr'>semel</span> <span class='ocrx_word' id='word_1_149' title='bbox 721 2111 921 2164; x_wconf 89' lang='lat' dir='ltr'>eadem</span> <span class='ocrx_word' id='word_1_150' title='bbox 945 2110 1064 2164; x_wconf 91' lang='lat' dir='ltr'>fere</span> <span class='ocrx_word' id='word_1_151' title='bbox 1086 2110 1261 2163; x_wconf 88' lang='lat' dir='ltr'>verba</span> <span class='ocrx_word' id='word_1_152' title='bbox 1285 2110 1782 2180; x_wconf 84' lang='lat' dir='ltr'>deprehendamus</span> <span class='ocrx_word' id='word_1_153' title='bbox 1802 2110 1935 2178; x_wconf 83' lang='lat'><strong>(28),</strong></span> 
     </span>
    </p>
   </div>
   <div class='ocr_carea' id='block_1_24' title="bbox 229 2197 1940 2267">
    <p class='ocr_par' dir='ltr' id='par_1_24' title="bbox 229 2197 1940 2267">
     <span class='ocr_line' id='line_1_24' title="bbox 229 2197 1940 2267; baseline -0.002 -14"><span class='ocrx_word' id='word_1_154' title='bbox 229 2215 466 2253; x_wconf 89' lang='lat' dir='ltr'>necesse</span> <span class='ocrx_word' id='word_1_155' title='bbox 499 2203 583 2252; x_wconf 87' lang='lat' dir='ltr'>est</span> <span class='ocrx_word' id='word_1_156' title='bbox 617 2200 750 2265; x_wconf 84' lang='lat'><strong>(29).</strong></span> <span class='ocrx_word' id='word_1_157' title='bbox 785 2199 943 2262; x_wconf 91' lang='lat' dir='ltr'>Quod</span> <span class='ocrx_word' id='word_1_158' title='bbox 971 2214 1120 2267; x_wconf 90' lang='lat' dir='ltr'>pene</span> <span class='ocrx_word' id='word_1_159' title='bbox 1162 2214 1253 2251; x_wconf 89' lang='lat' dir='ltr'>me</span> <span class='ocrx_word' id='word_1_160' title='bbox 1300 2202 1490 2251; x_wconf 86' lang='lat' dir='ltr'>movet</span> <span class='ocrx_word' id='word_1_161' title='bbox 1527 2204 1590 2251; x_wconf 90' lang='lat' dir='ltr'>ut</span> <span class='ocrx_word' id='word_1_162' title='bbox 1619 2197 1940 2250; x_wconf 88' lang='lat' dir='ltr'>rationibus</span> 
     </span>
    </p>
   </div>
   <div class='ocr_carea' id='block_1_25' title="bbox 232 2286 1938 2358">
    <p class='ocr_par' dir='ltr' id='par_1_25' title="bbox 232 2286 1938 2358">
     <span class='ocr_line' id='line_1_25' title="bbox 232 2286 1938 2358; baseline -0.001 -17"><span class='ocrx_word' id='word_1_163' title='bbox 232 2304 409 2356; x_wconf 89' lang='lat' dir='ltr'>supra</span> <span class='ocrx_word' id='word_1_164' title='bbox 475 2286 710 2358; x_wconf 87' lang='lat' dir='ltr'>prolatis</span> <span class='ocrx_word' id='word_1_165' title='bbox 774 2287 896 2356; x_wconf 90' lang='lat' dir='ltr'>ipse</span> <span class='ocrx_word' id='word_1_166' title='bbox 955 2288 1229 2356; x_wconf 89' lang='lat' dir='ltr'>derogem</span> <span class='ocrx_word' id='word_1_167' title='bbox 1283 2291 1339 2339; x_wconf 90' lang='lat' dir='ltr'>et</span> <span class='ocrx_word' id='word_1_168' title='bbox 1388 2286 1767 2339; x_wconf 84' lang='lat' dir='ltr'>Adelboldum</span> <span class='ocrx_word' id='word_1_169' title='bbox 1810 2286 1938 2339; x_wconf 82' lang='lat' dir='ltr'>vitae</span> 
     </span>
    </p>
   </div>
   <div class='ocr_carea' id='block_1_26' title="bbox 233 2375 1942 2446">
    <p class='ocr_par' dir='ltr' id='par_1_26' title="bbox 233 2375 1942 2446">
     <span class='ocr_line' id='line_1_26' title="bbox 233 2375 1942 2446; baseline -0.002 -16"><span class='ocrx_word' id='word_1_170' title='bbox 233 2392 359 2431; x_wconf 88' lang='lat' dir='ltr'>esse</span> <span class='ocrx_word' id='word_1_171' title='bbox 392 2382 684 2429; x_wconf 85' lang='lat' dir='ltr'>auctorem</span> <span class='ocrx_word' id='word_1_172' title='bbox 713 2376 972 2446; x_wconf 85' lang='lat' dir='ltr'>quamvis</span> <span class='ocrx_word' id='word_1_173' title='bbox 1018 2391 1138 2429; x_wconf 92' lang='lat' dir='ltr'>non</span> <span class='ocrx_word' id='word_1_174' title='bbox 1186 2380 1339 2428; x_wconf 89' lang='lat' dir='ltr'>certo</span> <span class='ocrx_word' id='word_1_175' title='bbox 1386 2375 1801 2437; x_wconf 87' lang='lat' dir='ltr'>contenderim,</span> <span class='ocrx_word' id='word_1_176' title='bbox 1835 2391 1942 2427; x_wconf 92' lang='lat' dir='ltr'>nec</span> 
     </span>
    </p>
   </div>
   <div class='ocr_carea' id='block_1_27' title="bbox 233 2463 1941 2536">
    <p class='ocr_par' dir='ltr' id='par_1_27' title="bbox 233 2463 1941 2536">
     <span class='ocr_line' id='line_1_27' title="bbox 233 2463 1941 2536; baseline -0.003 -16"><span class='ocrx_word' id='word_1_177' title='bbox 233 2471 432 2520; x_wconf 86' lang='lat' dir='ltr'>tamen</span> <span class='ocrx_word' id='word_1_178' title='bbox 461 2465 808 2534; x_wconf 80' lang='lat' dir='ltr'>negaverim.</span> <span class='ocrx_word' id='word_1_179' title='bbox 863 2464 1175 2536; x_wconf 88' lang='lat' dir='ltr'>Episcopus</span> <span class='ocrx_word' id='word_1_180' title='bbox 1220 2463 1593 2532; x_wconf 85' lang='lat' dir='ltr'>Trajectensis</span> <span class='ocrx_word' id='word_1_181' title='bbox 1642 2463 1728 2516; x_wconf 90' lang='lat' dir='ltr'>his</span> <span class='ocrx_word' id='word_1_182' title='bbox 1773 2463 1941 2515; x_wconf 89' lang='lat' dir='ltr'>annis</span> 
     </span>
    </p>
   </div>
   <div class='ocr_carea' id='block_1_28' title="bbox 234 2551 1939 2623">
    <p class='ocr_par' dir='ltr' id='par_1_28' title="bbox 234 2551 1939 2623">
     <span class='ocr_line' id='line_1_28' title="bbox 234 2551 1939 2623; baseline -0.003 -16"><span class='ocrx_word' id='word_1_183' title='bbox 234 2553 542 2608; x_wconf 85' lang='lat' dir='ltr'>Saxoniam</span> <span class='ocrx_word' id='word_1_184' title='bbox 608 2553 810 2623; x_wconf 64' lang='lat' dir='ltr'>saepius</span> <span class='ocrx_word' id='word_1_185' title='bbox 869 2554 1006 2607; x_wconf 88' lang='lat' dir='ltr'>adiit</span> <span class='ocrx_word' id='word_1_186' title='bbox 1073 2553 1177 2623; x_wconf 92' lang='lat'><strong>(30)</strong></span> <span class='ocrx_word' id='word_1_187' title='bbox 1231 2552 1328 2605; x_wconf 90' lang='lat' dir='ltr'>ubi</span> <span class='ocrx_word' id='word_1_188' title='bbox 1379 2551 1689 2605; x_wconf 87' lang='lat' dir='ltr'>Thietmari</span> <span class='ocrx_word' id='word_1_189' title='bbox 1748 2551 1939 2603; x_wconf 88' lang='lat' dir='ltr'>Histo-</span> 
     </span>
    </p>
   </div>
   <div class='ocr_carea' id='block_1_29' title="bbox 232 2640 1942 2713">
    <p class='ocr_par' dir='ltr' id='par_1_29' title="bbox 232 2640 1942 2713">
     <span class='ocr_line' id='line_1_29' title="bbox 232 2640 1942 2713; baseline -0.001 -19"><span class='ocrx_word' id='word_1_190' title='bbox 232 2642 384 2695; x_wconf 88' lang='lat' dir='ltr'>riam</span> <span class='ocrx_word' id='word_1_191' title='bbox 420 2641 529 2695; x_wconf 89' lang='lat' dir='ltr'>sibi</span> <span class='ocrx_word' id='word_1_192' title='bbox 561 2658 924 2713; x_wconf 87' lang='lat' dir='ltr'>comparasse</span> <span class='ocrx_word' id='word_1_193' title='bbox 955 2641 1111 2695; x_wconf 89' lang='lat' dir='ltr'>credi</span> <span class='ocrx_word' id='word_1_194' title='bbox 1157 2645 1363 2711; x_wconf 87' lang='lat' dir='ltr'>potest.</span> <span class='ocrx_word' id='word_1_195' title='bbox 1412 2640 1572 2704; x_wconf 85' lang='lat' dir='ltr'>Quod</span> <span class='ocrx_word' id='word_1_196' title='bbox 1607 2655 1739 2693; x_wconf 85' lang='lat' dir='ltr'>vero</span> <span class='ocrx_word' id='word_1_197' title='bbox 1789 2640 1942 2692; x_wconf 89' lang='lat' dir='ltr'>hunc</span> 
     </span>
    </p>
   </div>
   <div class='ocr_carea' id='block_1_30' title="bbox 232 2726 1939 2798">
    <p class='ocr_par' dir='ltr' id='par_1_30' title="bbox 232 2726 1939 2798">
     <span class='ocr_line' id='line_1_30' title="bbox 232 2726 1939 2798; baseline -0.002 -15"><span class='ocrx_word' id='word_1_198' title='bbox 232 2730 473 2797; x_wconf 87' lang='lat' dir='ltr'>librum,</span> <span class='ocrx_word' id='word_1_199' title='bbox 504 2729 619 2782; x_wconf 86' lang='lat' dir='ltr'>sive</span> <span class='ocrx_word' id='word_1_200' title='bbox 664 2730 732 2782; x_wconf 90' lang='lat' dir='ltr'>ab</span> <span class='ocrx_word' id='word_1_201' title='bbox 764 2729 887 2798; x_wconf 90' lang='lat' dir='ltr'>ipso</span> <span class='ocrx_word' id='word_1_202' title='bbox 918 2729 1247 2783; x_wconf 88' lang='lat' dir='ltr'>Thietmaro</span> <span class='ocrx_word' id='word_1_203' title='bbox 1293 2727 1401 2797; x_wconf 96' lang='lat'><strong>(31)</strong></span> <span class='ocrx_word' id='word_1_204' title='bbox 1452 2727 1567 2781; x_wconf 85' lang='lat' dir='ltr'>sive</span> <span class='ocrx_word' id='word_1_205' title='bbox 1611 2726 1682 2780; x_wconf 83' lang='lat' dir='ltr'>ab</span> <span class='ocrx_word' id='word_1_206' title='bbox 1713 2726 1824 2779; x_wconf 92' lang='lat' dir='ltr'>alio</span> <span class='ocrx_word' id='word_1_207' title='bbox 1853 2743 1939 2779; x_wconf 91' lang='lat' dir='ltr'>se-</span> 
     </span>
    </p>
   </div>
   <div class='ocr_carea' id='block_1_31' title="bbox 236 2816 1941 2883">
    <p class='ocr_par' dir='ltr' id='par_1_31' title="bbox 236 2816 1941 2883">
     <span class='ocr_line' id='line_1_31' title="bbox 236 2816 1941 2883; baseline -0.002 -11"><span class='ocrx_word' id='word_1_208' title='bbox 236 2835 373 2873; x_wconf 89' lang='lat' dir='ltr'>cum</span> <span class='ocrx_word' id='word_1_209' title='bbox 437 2817 944 2883; x_wconf 89' lang='lat' dir='ltr'>communicatum,</span> <span class='ocrx_word' id='word_1_210' title='bbox 1007 2822 1303 2882; x_wconf 79' lang='lat' dir='ltr'>tamquam</span> <span class='ocrx_word' id='word_1_211' title='bbox 1365 2837 1386 2864; x_wconf 75' lang='grc' dir='ltr'><strong>ε</strong></span> <span class='ocrx_word' id='word_1_212' title='bbox 1446 2820 1664 2869; x_wconf 90' lang='lat' dir='ltr'>certum</span> <span class='ocrx_word' id='word_1_213' title='bbox 1729 2816 1941 2868; x_wconf 86' lang='lat' dir='ltr'>relato-</span> 
     </span>
    </p>
   </div>
   <div class='ocr_carea' id='block_1_32' title="bbox 239 2904 1939 2978">
    <p class='ocr_par' dir='ltr' id='par_1_32' title="bbox 239 2904 1939 2978">
     <span class='ocr_line' id='line_1_32' title="bbox 239 2904 1939 2978; baseline -0.004 -16"><span class='ocrx_word' id='word_1_214' title='bbox 239 2924 360 2962; x_wconf 87' lang='lat' dir='ltr'>rem</span> <span class='ocrx_word' id='word_1_215' title='bbox 399 2929 420 2955; x_wconf 70' lang='grc' dir='ltr'>ι</span> <span class='ocrx_word' id='word_1_216' title='bbox 452 2908 562 2978; x_wconf 88' lang='grc'>(32)</span> <span class='ocrx_word' id='word_1_217' title='bbox 610 2912 833 2961; x_wconf 89' lang='lat' dir='ltr'>secutus</span> <span class='ocrx_word' id='word_1_218' title='bbox 878 2907 971 2972; x_wconf 89' lang='lat' dir='ltr'>sit,</span> <span class='ocrx_word' id='word_1_219' title='bbox 1017 2911 1075 2959; x_wconf 91' lang='lat' dir='ltr'>et</span> <span class='ocrx_word' id='word_1_220' title='bbox 1122 2904 1326 2974; x_wconf 87' lang='lat' dir='ltr'>primis</span> <span class='ocrx_word' id='word_1_221' title='bbox 1372 2904 1618 2957; x_wconf 86' lang='lat' dir='ltr'>Heinrici</span> <span class='ocrx_word' id='word_1_222' title='bbox 1664 2904 1939 2974; x_wconf 90' lang='lat' dir='ltr'>tempori-</span> 
     </span>
    </p>
   </div>
   <div class='ocr_carea' id='block_1_33' title="bbox 235 2992 1938 3061">
    <p class='ocr_par' dir='ltr' id='par_1_33' title="bbox 235 2992 1938 3061">
     <span class='ocr_line' id='line_1_33' title="bbox 235 2992 1938 3061; baseline -0.005 -9"><span class='ocrx_word' id='word_1_223' title='bbox 235 2998 345 3052; x_wconf 91' lang='lat' dir='ltr'>bus</span> <span class='ocrx_word' id='word_1_224' title='bbox 378 2997 447 3050; x_wconf 93' lang='lat' dir='ltr'>de</span> <span class='ocrx_word' id='word_1_225' title='bbox 476 3012 578 3049; x_wconf 90' lang='lat' dir='ltr'>suo</span> <span class='ocrx_word' id='word_1_226' title='bbox 609 2995 750 3050; x_wconf 88' lang='lat' dir='ltr'>nihil</span> <span class='ocrx_word' id='word_1_227' title='bbox 784 2996 899 3050; x_wconf 86' lang='lat' dir='ltr'><strong>fere</strong></span> <span class='ocrx_word' id='word_1_228' title='bbox 942 2993 1246 3058; x_wconf 90' lang='lat' dir='ltr'>addiderit,</span> <span class='ocrx_word' id='word_1_229' title='bbox 1297 2993 1429 3046; x_wconf 92' lang='lat' dir='ltr'>inde</span> <span class='ocrx_word' id='word_1_230' title='bbox 1465 2993 1633 3046; x_wconf 87' lang='lat' dir='ltr'>debet</span> <span class='ocrx_word' id='word_1_231' title='bbox 1666 2992 1938 3061; x_wconf 89' lang='lat' dir='ltr'>explicari</span> 
     </span>
    </p>
   </div>
   <div class='ocr_carea' id='block_1_34' title="bbox 235 3080 1939 3157">
    <p class='ocr_par' dir='ltr' id='par_1_34' title="bbox 235 3080 1939 3157">
     <span class='ocr_line' id='line_1_34' title="bbox 235 3080 1939 3157; baseline -0.005 -17"><span class='ocrx_word' id='word_1_232' title='bbox 235 3085 393 3157; x_wconf 90' lang='lat' dir='ltr'>quod</span> <span class='ocrx_word' id='word_1_233' title='bbox 424 3085 537 3139; x_wconf 85' lang='lat' dir='ltr'>illis</span> <span class='ocrx_word' id='word_1_234' title='bbox 582 3084 745 3139; x_wconf 90' lang='lat' dir='ltr'>annis</span> <span class='ocrx_word' id='word_1_235' title='bbox 788 3084 847 3138; x_wconf 91' lang='lat' dir='ltr'>in</span> <span class='ocrx_word' id='word_1_236' title='bbox 894 3082 1249 3138; x_wconf 89' lang='lat' dir='ltr'>monasterio</span> <span class='ocrx_word' id='word_1_237' title='bbox 1298 3081 1438 3135; x_wconf 81' lang='lat' dir='ltr'>vixit</span> <span class='ocrx_word' id='word_1_238' title='bbox 1484 3080 1672 3135; x_wconf 90' lang='lat' dir='ltr'>studio</span> <span class='ocrx_word' id='word_1_239' title='bbox 1714 3080 1939 3135; x_wconf 89' lang='lat' dir='ltr'>deditus</span> 
     </span>
    </p>
   </div>
   <div class='ocr_carea' id='block_1_35' title="bbox 314 3259 1060 3330">
    <p class='ocr_par' dir='ltr' id='par_1_35' title="bbox 314 3259 1060 3330">
     <span class='ocr_line' id='line_1_35' title="bbox 314 3259 1060 3330; baseline -0.008 -16"><span class='ocrx_word' id='word_1_240' title='bbox 314 3260 427 3330; x_wconf 90' lang='grc'>(20)</span> <span class='ocrx_word' id='word_1_241' title='bbox 463 3261 537 3314; x_wconf 93' lang='lat' dir='ltr'><strong>De</strong></span> <span class='ocrx_word' id='word_1_242' title='bbox 571 3259 663 3315; x_wconf 89' lang='lat' dir='ltr'>SS.</span> <span class='ocrx_word' id='word_1_243' title='bbox 696 3259 830 3314; x_wconf 92' lang='lat' dir='ltr'>eccl.</span> <span class='ocrx_word' id='word_1_244' title='bbox 862 3277 905 3313; x_wconf 96' lang='lat' dir='ltr'><strong>c.</strong></span> <span class='ocrx_word' id='word_1_245' title='bbox 940 3261 1060 3314; x_wconf 90' lang='grc'>138.</span> 
     </span>
    </p>
   </div>
   <div class='ocr_carea' id='block_1_36' title="bbox 313 3327 1933 3399">
    <p class='ocr_par' dir='ltr' id='par_1_36' title="bbox 313 3327 1933 3399">
     <span class='ocr_line' id='line_1_36' title="bbox 313 3327 1933 3399; baseline -0.002 -15"><span class='ocrx_word' id='word_1_246' title='bbox 313 3327 421 3399; x_wconf 80' lang='lat'><strong>(21)</strong></span> <span class='ocrx_word' id='word_1_247' title='bbox 456 3333 583 3399; x_wconf 88' lang='lat' dir='ltr'>Ejus</span> <span class='ocrx_word' id='word_1_248' title='bbox 634 3332 806 3385; x_wconf 79' lang='lat' dir='ltr'>verba</span> <span class='ocrx_word' id='word_1_249' title='bbox 853 3331 1016 3385; x_wconf 77' lang='lat' dir='ltr'>affert</span> <span class='ocrx_word' id='word_1_250' title='bbox 1064 3329 1217 3385; x_wconf 89' lang='lat' dir='ltr'>Heda</span> <span class='ocrx_word' id='word_1_251' title='bbox 1265 3328 1407 3382; x_wconf 88' lang='lat' dir='ltr'>Hist.</span> <span class='ocrx_word' id='word_1_252' title='bbox 1460 3327 1660 3396; x_wconf 85' lang='lat' dir='ltr'>Ultraj.</span> <span class='ocrx_word' id='word_1_253' title='bbox 1700 3330 1933 3399; x_wconf 83' lang='lat' dir='ltr'>p.109.</span> 
     </span>
    </p>
   </div>
   <div class='ocr_carea' id='block_1_37' title="bbox 314 3398 1933 3472">
    <p class='ocr_par' dir='ltr' id='par_1_37' title="bbox 314 3398 1933 3472">
     <span class='ocr_line' id='line_1_37' title="bbox 314 3398 1933 3472; baseline -0.001 -18"><span class='ocrx_word' id='word_1_254' title='bbox 314 3398 421 3472; x_wconf 75' lang='grc'>(22)</span> <span class='ocrx_word' id='word_1_255' title='bbox 453 3398 543 3456; x_wconf 89' lang='lat' dir='ltr'><strong>SS.</strong></span> <span class='ocrx_word' id='word_1_256' title='bbox 575 3404 732 3467; x_wconf 90' lang='lat' dir='ltr'>eccl.,</span> <span class='ocrx_word' id='word_1_257' title='bbox 778 3419 824 3455; x_wconf 91' lang='lat' dir='ltr'>c.</span> <span class='ocrx_word' id='word_1_258' title='bbox 879 3405 1009 3467; x_wconf 91' lang='lat'><strong>312;</strong></span> <span class='ocrx_word' id='word_1_259' title='bbox 1063 3402 1137 3455; x_wconf 91' lang='lat' dir='ltr'><strong>De</strong></span> <span class='ocrx_word' id='word_1_260' title='bbox 1188 3400 1339 3453; x_wconf 90' lang='lat' dir='ltr'>viris.</span> <span class='ocrx_word' id='word_1_261' title='bbox 1383 3399 1463 3452; x_wconf 92' lang='lat' dir='ltr'>ill.</span> <span class='ocrx_word' id='word_1_262' title='bbox 1511 3398 1634 3452; x_wconf 90' lang='lat' dir='ltr'>ord.</span> <span class='ocrx_word' id='word_1_263' title='bbox 1690 3398 1745 3452; x_wconf 93' lang='lat' dir='ltr'>S.</span> <span class='ocrx_word' id='word_1_264' title='bbox 1800 3398 1933 3452; x_wconf 89' lang='lat' dir='ltr'>Ben.</span> 
     </span>
    </p>
   </div>
   <div class='ocr_carea' id='block_1_38' title="bbox 239 3473 1573 3548">
    <p class='ocr_par' dir='ltr' id='par_1_38' title="bbox 239 3473 1573 3548">
     <span class='ocr_line' id='line_1_38' title="bbox 239 3473 1573 3548; baseline -0.004 -21"><span class='ocrx_word' id='word_1_265' title='bbox 239 3473 713 3548; x_wconf 19' lang='lat' dir='ltr'>II.A10~’i;_Chro_n.</span> <span class='ocrx_word' id='word_1_266' title='bbox 751 3474 1015 3548; x_wconf 59' lang='lat' dir='ltr'>Hirsaug.</span> <span class='ocrx_word' id='word_1_267' title='bbox 1048 3489 1083 3535; x_wconf 91' lang='grc' dir='ltr'>ι,</span> <span class='ocrx_word' id='word_1_268' title='bbox 1118 3489 1173 3540; x_wconf 89' lang='lat' dir='ltr'>p.</span> <span class='ocrx_word' id='word_1_269' title='bbox 1215 3473 1331 3523; x_wconf 86' lang='grc'>150.</span> <span class='ocrx_word' id='word_1_270' title='bbox 1387 3544 1394 3548; x_wconf 20' lang='grc' dir='ltr'><strong>Α</strong></span> <span class='ocrx_word' id='word_1_271' title='bbox 1536 3539 1573 3548; x_wconf 48' lang='grc' dir='ltr'><strong><em>υ</em></strong></span> 
     </span>
    </p>
   </div>
   <div class='ocr_carea' id='block_1_39' title="bbox 314 3540 1936 3613">
    <p class='ocr_par' dir='ltr' id='par_1_39' title="bbox 314 3540 1936 3613">
     <span class='ocr_line' id='line_1_39' title="bbox 314 3540 1936 3613; baseline -0.004 -16"><span class='ocrx_word' id='word_1_272' title='bbox 314 3544 426 3613; x_wconf 88' lang='grc'>(23)</span> <span class='ocrx_word' id='word_1_273' title='bbox 462 3546 533 3597; x_wconf 81' lang='lat' dir='ltr'><strong>Ex</strong></span> <span class='ocrx_word' id='word_1_274' title='bbox 573 3545 772 3597; x_wconf 91' lang='lat' dir='ltr'>eodem</span> <span class='ocrx_word' id='word_1_275' title='bbox 823 3559 936 3612; x_wconf 92' lang='lat' dir='ltr'>quo</span> <span class='ocrx_word' id='word_1_276' title='bbox 970 3540 1085 3595; x_wconf 29' lang='lat' dir='ltr'>’Pez</span> <span class='ocrx_word' id='word_1_277' title='bbox 1134 3557 1270 3613; x_wconf 80' lang='lat' dir='ltr'>usus</span> <span class='ocrx_word' id='word_1_278' title='bbox 1319 3544 1403 3591; x_wconf 89' lang='lat' dir='ltr'>est</span> <span class='ocrx_word' id='word_1_279' title='bbox 1429 3540 1643 3613; x_wconf 68' lang='lat' dir='ltr'>codice</span> <span class='ocrx_word' id='word_1_280' title='bbox 1686 3540 1936 3613; x_wconf 71' lang='lat' dir='ltr'>Tegern-</span> 
     </span>
    </p>
   </div>
   <div class='ocr_carea' id='block_1_40' title="bbox 239 3610 1938 3680">
    <p class='ocr_par' dir='ltr' id='par_1_40' title="bbox 239 3610 1938 3680">
     <span class='ocr_line' id='line_1_40' title="bbox 239 3610 1938 3680; baseline -0.002 -13"><span class='ocrx_word' id='word_1_281' title='bbox 239 3610 429 3667; x_wconf 75' lang='lat' dir='ltr'>seéusi</span> <span class='ocrx_word' id='word_1_282' title='bbox 485 3615 789 3667; x_wconf 85' lang='lat' dir='ltr'>Gerbertus</span> <span class='ocrx_word' id='word_1_283' title='bbox 842 3610 991 3680; x_wconf 77' lang='lat' dir='ltr'>bpus</span> <span class='ocrx_word' id='word_1_284' title='bbox 1048 3611 1336 3680; x_wconf 88' lang='lat' dir='ltr'>quoddam</span> <span class='ocrx_word' id='word_1_285' title='bbox 1412 3610 1479 3662; x_wconf 86' lang='lat' dir='ltr'>de</span> <span class='ocrx_word' id='word_1_286' title='bbox 1556 3610 1769 3662; x_wconf 84' lang='lat' dir='ltr'>musica</span> <span class='ocrx_word' id='word_1_287' title='bbox 1834 3611 1938 3664; x_wconf 88' lang='lat' dir='ltr'>sub</span> 
     </span>
    </p>
   </div>
   <div class='ocr_carea' id='block_1_41' title="bbox 241 3680 1936 3749">
    <p class='ocr_par' dir='ltr' id='par_1_41' title="bbox 241 3680 1936 3749">
     <span class='ocr_line' id='line_1_41' title="bbox 241 3680 1936 3749; baseline -0.002 -11"><span class='ocrx_word' id='word_1_288' title='bbox 241 3684 545 3739; x_wconf 80' lang='lat' dir='ltr'>Adelboldi</span> <span class='ocrx_word' id='word_1_289' title='bbox 573 3684 805 3735; x_wconf 91' lang='lat' dir='ltr'>nomine</span> <span class='ocrx_word' id='word_1_290' title='bbox 836 3680 1018 3735; x_wconf 86' lang='lat' dir='ltr'>edidit</span> <span class='ocrx_word' id='word_1_291' title='bbox 1049 3681 1163 3749; x_wconf 92' lang='lat' dir='ltr'><strong>(SS.</strong></span> <span class='ocrx_word' id='word_1_292' title='bbox 1199 3680 1265 3733; x_wconf 87' lang='lat' dir='ltr'>de</span> <span class='ocrx_word' id='word_1_293' title='bbox 1288 3683 1512 3743; x_wconf 85' lang='lat' dir='ltr'>musica,</span> <span class='ocrx_word' id='word_1_294' title='bbox 1546 3696 1602 3749; x_wconf 89' lang='lat' dir='ltr'>p.</span> <span class='ocrx_word' id='word_1_295' title='bbox 1655 3681 1936 3748; x_wconf 57' lang='lat'><strong>304-312),</strong></span> 
     </span>
    </p>
   </div>
   <div class='ocr_carea' id='block_1_42' title="bbox 240 3750 1942 3824">
    <p class='ocr_par' dir='ltr' id='par_1_42' title="bbox 240 3750 1942 3824">
     <span class='ocr_line' id='line_1_42' title="bbox 240 3750 1942 3824; baseline 0 -19"><span class='ocrx_word' id='word_1_296' title='bbox 240 3753 402 3824; x_wconf 90' lang='lat' dir='ltr'>quod</span> <span class='ocrx_word' id='word_1_297' title='bbox 432 3769 504 3805; x_wconf 94' lang='lat' dir='ltr'>an</span> <span class='ocrx_word' id='word_1_298' title='bbox 535 3754 643 3822; x_wconf 85' lang='lat' dir='ltr'>ipsi</span> <span class='ocrx_word' id='word_1_299' title='bbox 675 3753 849 3806; x_wconf 91' lang='lat' dir='ltr'>tribui</span> <span class='ocrx_word' id='word_1_300' title='bbox 881 3750 1060 3821; x_wconf 85' lang='lat' dir='ltr'>possit</span> <span class='ocrx_word' id='word_1_301' title='bbox 1088 3750 1418 3824; x_wconf 86' lang='lat' dir='ltr'>dubitarim.</span> <span class='ocrx_word' id='word_1_302' title='bbox 1470 3752 1531 3803; x_wconf 88' lang='lat' dir='ltr'>In</span> <span class='ocrx_word' id='word_1_303' title='bbox 1578 3751 1767 3804; x_wconf 89' lang='lat' dir='ltr'>codice</span> <span class='ocrx_word' id='word_1_304' title='bbox 1817 3753 1942 3822; x_wconf 78' lang='lat' dir='ltr'>ejus</span> 
     </span>
    </p>
   </div>
   <div class='ocr_carea' id='block_1_43' title="bbox 239 3821 1477 3890">
    <p class='ocr_par' dir='ltr' id='par_1_43' title="bbox 239 3821 1477 3890">
     <span class='ocr_line' id='line_1_43' title="bbox 239 3821 1477 3890; baseline -0.005 -11"><span class='ocrx_word' id='word_1_305' title='bbox 239 3821 457 3879; x_wconf 78' lang='lat' dir='ltr'>nomen</span> <span class='ocrx_word' id='word_1_306' title='bbox 491 3821 795 3877; x_wconf 82' lang='lat' dir='ltr'>recentiori</span> <span class='ocrx_word' id='word_1_307' title='bbox 821 3838 995 3876; x_wconf 90' lang='lat' dir='ltr'>manu</span> <span class='ocrx_word' id='word_1_308' title='bbox 1031 3821 1340 3890; x_wconf 89' lang='lat' dir='ltr'>ascriptum</span> <span class='ocrx_word' id='word_1_309' title='bbox 1374 3825 1477 3874; x_wconf 91' lang='lat' dir='ltr'>est.</span> 
     </span>
    </p>
   </div>
   <div class='ocr_carea' id='block_1_44' title="bbox 317 3891 1944 3964">
    <p class='ocr_par' dir='ltr' id='par_1_44' title="bbox 317 3891 1944 3964">
     <span class='ocr_line' id='line_1_44' title="bbox 317 3891 1944 3964; baseline -0.001 -16"><span class='ocrx_word' id='word_1_310' title='bbox 317 3894 430 3964; x_wconf 77' lang='grc'>(24)</span> <span class='ocrx_word' id='word_1_311' title='bbox 484 3896 547 3947; x_wconf 84' lang='grc' dir='ltr'>Ν.</span> <span class='ocrx_word' id='word_1_312' title='bbox 623 3897 777 3948; x_wconf 86' lang='grc'>7361.</span> <span class='ocrx_word' id='word_1_313' title='bbox 845 3894 1052 3961; x_wconf 85' lang='lat' dir='ltr'>Incipit</span> <span class='ocrx_word' id='word_1_314' title='bbox 1117 3893 1429 3964; x_wconf 83' lang='lat' dir='ltr'>opusculum</span> <span class='ocrx_word' id='word_1_315' title='bbox 1480 3891 1773 3964; x_wconf 72' lang='lat' dir='ltr'>Adelboldi</span> <span class='ocrx_word' id='word_1_316' title='bbox 1828 3896 1944 3962; x_wconf 84' lang='lat' dir='ltr'>epi-</span> 
     </span>
    </p>
   </div>
   <div class='ocr_carea' id='block_1_45' title="bbox 240 3963 1947 4101">
    <p class='ocr_par' dir='ltr' id='par_1_45' title="bbox 240 3963 1947 4101">
     <span class='ocr_line' id='line_1_45' title="bbox 240 3963 1946 4035; baseline -0.001 -16"><span class='ocrx_word' id='word_1_317' title='bbox 240 3969 391 4035; x_wconf 84' lang='lat' dir='ltr'>scopi</span> <span class='ocrx_word' id='word_1_318' title='bbox 425 3966 779 4032; x_wconf 82' lang='lat' dir='ltr'>Trajectensis</span> <span class='ocrx_word' id='word_1_319' title='bbox 828 3980 992 4032; x_wconf 85' lang='lat' dir='ltr'>super</span> <span class='ocrx_word' id='word_1_320' title='bbox 1038 3963 1179 4016; x_wconf 82' lang='lat' dir='ltr'>illud</span> <span class='ocrx_word' id='word_1_321' title='bbox 1224 3965 1442 4017; x_wconf 83' lang='lat' dir='ltr'>Boelii:</span> <span class='ocrx_word' id='word_1_322' title='bbox 1486 3984 1506 4010; x_wconf 76' lang='grc' dir='ltr'>α</span> <span class='ocrx_word' id='word_1_323' title='bbox 1542 3963 1584 4018; x_wconf 95' lang='lat'>0</span> <span class='ocrx_word' id='word_1_324' title='bbox 1615 3966 1711 4031; x_wconf 85' lang='lat' dir='ltr'>qui</span> <span class='ocrx_word' id='word_1_325' title='bbox 1760 3980 1946 4033; x_wconf 82' lang='lat' dir='ltr'>perpe-</span> 
     </span>
     <span class='ocr_line' id='line_1_46' title="bbox 244 4033 1947 4101; baseline 0 -11"><span class='ocrx_word' id='word_1_326' title='bbox 244 4042 341 4090; x_wconf 86' lang='lat' dir='ltr'>tua</span> <span class='ocrx_word' id='word_1_327' title='bbox 382 4037 641 4090; x_wconf 81' lang='lat' dir='ltr'>mundum</span> <span class='ocrx_word' id='word_1_328' title='bbox 690 4037 900 4089; x_wconf 78' lang='lat' dir='ltr'>ratione</span> <span class='ocrx_word' id='word_1_329' title='bbox 950 4034 1256 4100; x_wconf 83' lang='lat' dir='ltr'>gubernas:</span> <span class='ocrx_word' id='word_1_330' title='bbox 1314 4055 1335 4081; x_wconf 78' lang='grc' dir='ltr'>ι</span> <span class='ocrx_word' id='word_1_331' title='bbox 1392 4033 1539 4101; x_wconf 85' lang='lat' dir='ltr'>quod</span> <span class='ocrx_word' id='word_1_332' title='bbox 1586 4050 1680 4088; x_wconf 87' lang='lat' dir='ltr'>nec</span> <span class='ocrx_word' id='word_1_333' title='bbox 1728 4037 1947 4090; x_wconf 81' lang='lat' dir='ltr'>Hermes</span> 
     </span>
    </p>
   </div>
   <div class='ocr_carea' id='block_1_46' title="bbox 241 4106 1947 4175">
    <p class='ocr_par' dir='ltr' id='par_1_46' title="bbox 241 4106 1947 4175">
     <span class='ocr_line' id='line_1_47' title="bbox 241 4106 1947 4175; baseline 0 -15"><span class='ocrx_word' id='word_1_334' title='bbox 241 4123 339 4161; x_wconf 86' lang='lat' dir='ltr'>nec</span> <span class='ocrx_word' id='word_1_335' title='bbox 388 4109 535 4161; x_wconf 85' lang='lat' dir='ltr'>Plato</span> <span class='ocrx_word' id='word_1_336' title='bbox 588 4107 877 4160; x_wconf 83' lang='lat' dir='ltr'>dissolvere</span> <span class='ocrx_word' id='word_1_337' title='bbox 935 4108 1131 4175; x_wconf 83' lang='lat' dir='ltr'>quivit,</span> <span class='ocrx_word' id='word_1_338' title='bbox 1189 4106 1287 4173; x_wconf 86' lang='lat' dir='ltr'>qui</span> <span class='ocrx_word' id='word_1_339' title='bbox 1348 4108 1583 4158; x_wconf 80' lang='lat' dir='ltr'>nimium</span> <span class='ocrx_word' id='word_1_340' title='bbox 1638 4108 1947 4175; x_wconf 82' lang='lat' dir='ltr'>philosOphi</span> 
     </span>
    </p>
   </div>
   <div class='ocr_carea' id='block_1_47' title="bbox 243 4177 1947 4248">
    <p class='ocr_par' dir='ltr' id='par_1_47' title="bbox 243 4177 1947 4248">
     <span class='ocr_line' id='line_1_48' title="bbox 243 4177 1947 4248; baseline -0.001 -17"><span class='ocrx_word' id='word_1_341' title='bbox 243 4183 417 4231; x_wconf 82' lang='lat' dir='ltr'>erant.</span> <span class='ocrx_word' id='word_1_342' title='bbox 455 4180 567 4232; x_wconf 83' lang='lat' dir='ltr'>Hoc</span> <span class='ocrx_word' id='word_1_343' title='bbox 599 4194 761 4247; x_wconf 90' lang='lat' dir='ltr'>opus,</span> <span class='ocrx_word' id='word_1_344' title='bbox 813 4180 965 4248; x_wconf 90' lang='lat' dir='ltr'>quod</span> <span class='ocrx_word' id='word_1_345' title='bbox 996 4193 1027 4230; x_wconf 91' lang='lat' dir='ltr'>a</span> <span class='ocrx_word' id='word_1_346' title='bbox 1076 4177 1432 4248; x_wconf 83' lang='lat' dir='ltr'>Bethmanno</span> <span class='ocrx_word' id='word_1_347' title='bbox 1486 4180 1684 4229; x_wconf 90' lang='lat' dir='ltr'>nostro</span> <span class='ocrx_word' id='word_1_348' title='bbox 1730 4178 1947 4231; x_wconf 83' lang='lat' dir='ltr'>exscri-</span> 
     </span>
    </p>
   </div>
   <div class='ocr_carea' id='block_1_48' title="bbox 246 4247 1944 4319">
    <p class='ocr_par' dir='ltr' id='par_1_48' title="bbox 246 4247 1944 4319">
     <span class='ocr_line' id='line_1_49' title="bbox 246 4247 1944 4319; baseline 0 -18"><span class='ocrx_word' id='word_1_349' title='bbox 246 4254 409 4319; x_wconf 89' lang='lat' dir='ltr'>ptum</span> <span class='ocrx_word' id='word_1_350' title='bbox 453 4264 629 4317; x_wconf 85' lang='lat' dir='ltr'>penes</span> <span class='ocrx_word' id='word_1_351' title='bbox 672 4264 764 4301; x_wconf 91' lang='lat' dir='ltr'>me</span> <span class='ocrx_word' id='word_1_352' title='bbox 805 4252 907 4309; x_wconf 88' lang='lat' dir='ltr'>est,</span> <span class='ocrx_word' id='word_1_353' title='bbox 942 4247 1279 4316; x_wconf 72' lang='lat' dir='ltr'>praefatione</span> <span class='ocrx_word' id='word_1_354' title='bbox 1310 4251 1524 4319; x_wconf 13' lang='lat' dir='ltr'>icaret._</span> <span class='ocrx_word' id='word_1_355' title='bbox 1554 4277 1623 4287; x_wconf 91' lang='lat'>—-</span> <span class='ocrx_word' id='word_1_356' title='bbox 1668 4248 1826 4302; x_wconf 87' lang='lat' dir='ltr'>Idem</span> <span class='ocrx_word' id='word_1_357' title='bbox 1857 4249 1944 4303; x_wconf 85' lang='lat' dir='ltr'>vel</span> 
     </span>
    </p>
   </div>
   <div class='ocr_carea' id='block_1_49' title="bbox 247 4317 1948 4385">
    <p class='ocr_par' dir='ltr' id='par_1_49' title="bbox 247 4317 1948 4385">
     <span class='ocr_line' id='line_1_50' title="bbox 247 4317 1948 4385; baseline 0 -13"><span class='ocrx_word' id='word_1_358' title='bbox 247 4317 449 4372; x_wconf 85' lang='lat' dir='ltr'>similis</span> <span class='ocrx_word' id='word_1_359' title='bbox 480 4320 802 4385; x_wconf 79' lang='lat' dir='ltr'>argumenti</span> <span class='ocrx_word' id='word_1_360' title='bbox 846 4318 989 4373; x_wconf 92' lang='lat' dir='ltr'>liber</span> <span class='ocrx_word' id='word_1_361' title='bbox 1035 4319 1093 4371; x_wconf 92' lang='lat' dir='ltr'>in</span> <span class='ocrx_word' id='word_1_362' title='bbox 1138 4318 1263 4370; x_wconf 90' lang='lat' dir='ltr'>aliis</span> <span class='ocrx_word' id='word_1_363' title='bbox 1309 4317 1667 4372; x_wconf 85' lang='lat' dir='ltr'>bibliothecis</span> <span class='ocrx_word' id='word_1_364' title='bbox 1715 4320 1948 4374; x_wconf 89' lang='lat' dir='ltr'>inveni-</span> 
     </span>
    </p>
   </div>
   <div class='ocr_carea' id='block_1_50' title="bbox 248 4389 1590 4458">
    <p class='ocr_par' dir='ltr' id='par_1_50' title="bbox 248 4389 1590 4458">
     <span class='ocr_line' id='line_1_51' title="bbox 248 4389 1590 4458; baseline -0.001 -15"><span class='ocrx_word' id='word_1_365' title='bbox 248 4397 371 4450; x_wconf 88' lang='lat' dir='ltr'>tur;</span> <span class='ocrx_word' id='word_1_366' title='bbox 407 4389 475 4443; x_wconf 87' lang='lat' dir='ltr'>cf.</span> <span class='ocrx_word' id='word_1_367' title='bbox 510 4390 674 4443; x_wconf 82' lang='lat' dir='ltr'>Rivet</span> <span class='ocrx_word' id='word_1_368' title='bbox 704 4390 843 4443; x_wconf 81' lang='lat' dir='ltr'>Hist.</span> <span class='ocrx_word' id='word_1_369' title='bbox 879 4390 1044 4442; x_wconf 88' lang='lat' dir='ltr'>litter.</span> <span class='ocrx_word' id='word_1_370' title='bbox 1078 4389 1193 4453; x_wconf 88' lang='lat' dir='ltr'>VII,</span> <span class='ocrx_word' id='word_1_371' title='bbox 1224 4406 1282 4458; x_wconf 91' lang='lat' dir='ltr'><strong>p.</strong></span> <span class='ocrx_word' id='word_1_372' title='bbox 1314 4391 1439 4455; x_wconf 76' lang='grc'>257,</span> <span class='ocrx_word' id='word_1_373' title='bbox 1464 4392 1590 4442; x_wconf 83' lang='grc'>258.</span> 
     </span>
    </p>
   </div>
   <div class='ocr_carea' id='block_1_51' title="bbox 321 4459 1948 4531">
    <p class='ocr_par' dir='ltr' id='par_1_51' title="bbox 321 4459 1948 4531">
     <span class='ocr_line' id='line_1_52' title="bbox 321 4459 1948 4531; baseline 0.001 -19"><span class='ocrx_word' id='word_1_374' title='bbox 321 4463 428 4527; x_wconf 86' lang='grc'>(25)</span> <span class='ocrx_word' id='word_1_375' title='bbox 458 4462 569 4513; x_wconf 87' lang='lat' dir='ltr'>Hoc</span> <span class='ocrx_word' id='word_1_376' title='bbox 602 4476 787 4531; x_wconf 90' lang='lat' dir='ltr'>neque</span> <span class='ocrx_word' id='word_1_377' title='bbox 826 4461 1025 4529; x_wconf 78' lang='lat' dir='ltr'>stylus,</span> <span class='ocrx_word' id='word_1_378' title='bbox 1075 4476 1265 4529; x_wconf 90' lang='lat' dir='ltr'>neque</span> <span class='ocrx_word' id='word_1_379' title='bbox 1308 4475 1401 4513; x_wconf 90' lang='lat' dir='ltr'>res</span> <span class='ocrx_word' id='word_1_380' title='bbox 1448 4459 1713 4525; x_wconf 87' lang='lat' dir='ltr'>suadent,</span> <span class='ocrx_word' id='word_1_381' title='bbox 1759 4475 1948 4531; x_wconf 90' lang='lat' dir='ltr'>neque</span> 
     </span>
    </p>
   </div>
   <div class='ocr_carea' id='block_1_52' title="bbox 248 4531 716 4585">
    <p class='ocr_par' dir='ltr' id='par_1_52' title="bbox 248 4531 716 4585">
     <span class='ocr_line' id='line_1_53' title="bbox 248 4531 716 4585; baseline 0.004 -2"><span class='ocrx_word' id='word_1_382' title='bbox 248 4531 470 4584; x_wconf 89' lang='lat' dir='ltr'>codices</span> <span class='ocrx_word' id='word_1_383' title='bbox 501 4532 716 4585; x_wconf 91' lang='lat' dir='ltr'>dicunt.</span> 
     </span>
    </p>
   </div>
   <div class='ocr_carea' id='block_1_53' title="bbox 322 4599 1949 4672">
    <p class='ocr_par' dir='ltr' id='par_1_53' title="bbox 322 4599 1949 4672">
     <span class='ocr_line' id='line_1_54' title="bbox 322 4599 1949 4672; baseline -0.001 -19"><span class='ocrx_word' id='word_1_384' title='bbox 322 4602 435 4671; x_wconf 88' lang='lat'><strong>(‘26)</strong></span> <span class='ocrx_word' id='word_1_385' title='bbox 485 4603 543 4655; x_wconf 88' lang='grc' dir='ltr'>Ρ.</span> <span class='ocrx_word' id='word_1_386' title='bbox 603 4604 722 4655; x_wconf 91' lang='grc'>110.</span> <span class='ocrx_word' id='word_1_387' title='bbox 770 4600 1022 4672; x_wconf 77' lang='lat' dir='ltr'>Epistula</span> <span class='ocrx_word' id='word_1_388' title='bbox 1060 4600 1131 4653; x_wconf 90' lang='lat' dir='ltr'>ad</span> <span class='ocrx_word' id='word_1_389' title='bbox 1184 4599 1560 4672; x_wconf 87' lang='lat' dir='ltr'>Adelboldum</span> <span class='ocrx_word' id='word_1_390' title='bbox 1604 4599 1673 4652; x_wconf 93' lang='lat' dir='ltr'>de</span> <span class='ocrx_word' id='word_1_391' title='bbox 1703 4599 1759 4654; x_wconf 91' lang='lat' dir='ltr'>S.</span> <span class='ocrx_word' id='word_1_392' title='bbox 1793 4599 1949 4672; x_wconf 86' lang='lat' dir='ltr'>Wal—</span> 
     </span>
    </p>
   </div>
   <div class='ocr_carea' id='block_1_54' title="bbox 247 4670 1946 4743">
    <p class='ocr_par' dir='ltr' id='par_1_54' title="bbox 247 4670 1946 4743">
     <span class='ocr_line' id='line_1_55' title="bbox 247 4670 1946 4743; baseline -0.002 -18"><span class='ocrx_word' id='word_1_393' title='bbox 247 4670 429 4742; x_wconf 86' lang='lat' dir='ltr'>burge</span> <span class='ocrx_word' id='word_1_394' title='bbox 460 4672 668 4741; x_wconf 88' lang='lat' dir='ltr'>scripta</span> <span class='ocrx_word' id='word_1_395' title='bbox 700 4672 779 4743; x_wconf 85' lang='grc' dir='ltr'>(ιι.</span> <span class='ocrx_word' id='word_1_396' title='bbox 817 4670 1023 4743; x_wconf 23' lang='grc' dir='ltr'>’18)ηίη</span> <span class='ocrx_word' id='word_1_397' title='bbox 1072 4686 1325 4743; x_wconf 85' lang='lat' dir='ltr'>errorem</span> <span class='ocrx_word' id='word_1_398' title='bbox 1376 4671 1581 4743; x_wconf 73' lang='lat' dir='ltr'>ductus</span> <span class='ocrx_word' id='word_1_399' title='bbox 1624 4686 1746 4723; x_wconf 91' lang='lat' dir='ltr'>esse</span> <span class='ocrx_word' id='word_1_400' title='bbox 1791 4670 1946 4723; x_wconf 87' lang='lat' dir='ltr'>vide-</span> 
     </span>
    </p>
   </div>
   <div class='ocr_carea' id='block_1_55' title="bbox 248 4739 1949 4809">
    <p class='ocr_par' dir='ltr' id='par_1_55' title="bbox 248 4739 1949 4809">
     <span class='ocr_line' id='line_1_56' title="bbox 248 4739 1949 4809; baseline -0.001 -15"><span class='ocrx_word' id='word_1_401' title='bbox 248 4739 386 4795; x_wconf 48' lang='lat' dir='ltr'>turf</span> <span class='ocrx_word' id='word_1_402' title='bbox 426 4739 753 4807; x_wconf 40' lang='lat' dir='ltr'>Qua—male</span> <span class='ocrx_word' id='word_1_403' title='bbox 806 4739 1115 4801; x_wconf 87' lang='lat' dir='ltr'>intellecta,</span> <span class='ocrx_word' id='word_1_404' title='bbox 1166 4741 1421 4809; x_wconf 89' lang='lat' dir='ltr'>episcopi</span> <span class='ocrx_word' id='word_1_405' title='bbox 1484 4739 1717 4792; x_wconf 79' lang='lat' dir='ltr'>fratrem</span> <span class='ocrx_word' id='word_1_406' title='bbox 1766 4754 1949 4809; x_wconf 88' lang='lat' dir='ltr'>prope</span> 
     </span>
    </p>
   </div>
   <div class='ocr_carea' id='block_1_56' title="bbox 248 4810 1950 4880">
    <p class='ocr_par' dir='ltr' id='par_1_56' title="bbox 248 4810 1950 4880">
     <span class='ocr_line' id='line_1_57' title="bbox 248 4810 1950 4880; baseline -0.004 -14"><span class='ocrx_word' id='word_1_407' title='bbox 248 4813 464 4866; x_wconf 90' lang='lat' dir='ltr'>Tielam</span> <span class='ocrx_word' id='word_1_408' title='bbox 522 4813 805 4866; x_wconf 88' lang='lat' dir='ltr'>habitasse</span> <span class='ocrx_word' id='word_1_409' title='bbox 868 4811 1021 4865; x_wconf 90' lang='lat' dir='ltr'>dicit.</span> <span class='ocrx_word' id='word_1_410' title='bbox 1084 4811 1399 4880; x_wconf 87' lang='lat' dir='ltr'>Utrumque</span> <span class='ocrx_word' id='word_1_411' title='bbox 1467 4826 1722 4864; x_wconf 90' lang='lat' dir='ltr'>errorem</span> <span class='ocrx_word' id='word_1_412' title='bbox 1786 4810 1950 4864; x_wconf 84' lang='lat' dir='ltr'>Rivet</span> 
     </span>
    </p>
   </div>
   <div class='ocr_carea' id='block_1_57' title="bbox 250 4881 1413 4953">
    <p class='ocr_par' dir='ltr' id='par_1_57' title="bbox 250 4881 1413 4953">
     <span class='ocr_line' id='line_1_58' title="bbox 250 4881 1413 4953; baseline -0.004 -16"><span class='ocrx_word' id='word_1_413' title='bbox 250 4883 392 4937; x_wconf 87' lang='lat' dir='ltr'>Hist.</span> <span class='ocrx_word' id='word_1_414' title='bbox 426 4885 601 4937; x_wconf 90' lang='lat' dir='ltr'>litter.</span> <span class='ocrx_word' id='word_1_415' title='bbox 637 4885 749 4945; x_wconf 90' lang='lat' dir='ltr'>Vll,</span> <span class='ocrx_word' id='word_1_416' title='bbox 782 4900 837 4953; x_wconf 93' lang='lat' dir='ltr'>p.</span> <span class='ocrx_word' id='word_1_417' title='bbox 873 4885 997 4945; x_wconf 89' lang='grc'>253,</span> <span class='ocrx_word' id='word_1_418' title='bbox 1026 4883 1158 4953; x_wconf 77' lang='grc'>256,</span> <span class='ocrx_word' id='word_1_419' title='bbox 1180 4881 1413 4953; x_wconf 83' lang='lat' dir='ltr'>recepit.</span> 
     </span>
    </p>
   </div>
   <div class='ocr_carea' id='block_1_58' title="bbox 320 4950 1945 5025">
    <p class='ocr_par' dir='ltr' id='par_1_58' title="bbox 320 4950 1945 5025">
     <span class='ocr_line' id='line_1_59' title="bbox 320 4950 1945 5025; baseline -0.002 -18"><span class='ocrx_word' id='word_1_420' title='bbox 320 4954 433 5025; x_wconf 86' lang='lat'><strong>(27)</strong></span> <span class='ocrx_word' id='word_1_421' title='bbox 501 4955 695 5024; x_wconf 87' lang='lat' dir='ltr'>Neque</span> <span class='ocrx_word' id='word_1_422' title='bbox 753 4950 1003 5024; x_wconf 83' lang='lat' dir='ltr'>episcopi</span> <span class='ocrx_word' id='word_1_423' title='bbox 1063 4950 1162 5025; x_wconf 78' lang='lat' dir='ltr'>qui</span> <span class='ocrx_word' id='word_1_424' title='bbox 1200 4950 1599 5025; x_wconf 60' lang='lat' dir='ltr'>subscripisse</span> <span class='ocrx_word' id='word_1_425' title='bbox 1654 4950 1945 5025; x_wconf 77' lang='lat' dir='ltr'>dicuntur,</span> 
     </span>
    </p>
   </div>
   <div class='ocr_carea' id='block_1_59' title="bbox 245 5021 1949 5090">
    <p class='ocr_par' dir='ltr' id='par_1_59' title="bbox 245 5021 1949 5090">
     <span class='ocr_line' id='line_1_60' title="bbox 245 5021 1949 5090; baseline -0.003 -12"><span class='ocrx_word' id='word_1_426' title='bbox 245 5021 424 5078; x_wconf 83' lang='lat' dir='ltr'>Anno</span> <span class='ocrx_word' id='word_1_427' title='bbox 484 5021 861 5090; x_wconf 77' lang='lat' dir='ltr'>Coloniensis,</span> <span class='ocrx_word' id='word_1_428' title='bbox 930 5021 1290 5077; x_wconf 85' lang='lat' dir='ltr'>Eberhardus</span> <span class='ocrx_word' id='word_1_429' title='bbox 1349 5021 1717 5085; x_wconf 87' lang='lat' dir='ltr'>Trevirensis,</span> <span class='ocrx_word' id='word_1_430' title='bbox 1785 5021 1949 5075; x_wconf 84' lang='lat' dir='ltr'>Adel-</span> 
     </span>
    </p>
   </div>
   <div class='ocr_carea' id='block_1_60' title="bbox 245 5092 1945 5166">
    <p class='ocr_par' dir='ltr' id='par_1_60' title="bbox 245 5092 1945 5166">
     <span class='ocr_line' id='line_1_61' title="bbox 245 5092 1945 5166; baseline -0.003 -17"><span class='ocrx_word' id='word_1_431' title='bbox 245 5095 444 5149; x_wconf 90' lang='lat' dir='ltr'>bertus</span> <span class='ocrx_word' id='word_1_432' title='bbox 491 5095 958 5166; x_wconf 85' lang='lat' dir='ltr'>Hamburgensis,</span> <span class='ocrx_word' id='word_1_433' title='bbox 1011 5092 1311 5166; x_wconf 85' lang='lat' dir='ltr'>Adelboldi</span> <span class='ocrx_word' id='word_1_434' title='bbox 1354 5097 1625 5166; x_wconf 79' lang='lat' dir='ltr'>tempore</span> <span class='ocrx_word' id='word_1_435' title='bbox 1655 5093 1945 5156; x_wconf 89' lang='lat' dir='ltr'>sederunt,</span> 
     </span>
    </p>
   </div>
   <div class='ocr_carea' id='block_1_61' title="bbox 245 5163 1948 5292">
    <p class='ocr_par' dir='ltr' id='par_1_61' title="bbox 245 5163 1948 5292">
     <span class='ocr_line' id='line_1_62' title="bbox 245 5163 1948 5237; baseline -0.002 -18"><span class='ocrx_word' id='word_1_436' title='bbox 245 5182 436 5236; x_wconf 83' lang='lat' dir='ltr'>neque</span> <span class='ocrx_word' id='word_1_437' title='bbox 466 5169 567 5237; x_wconf 88' lang='lat' dir='ltr'>qui</span> <span class='ocrx_word' id='word_1_438' title='bbox 595 5163 925 5220; x_wconf 82' lang='lat' dir='ltr'>scribuntur</span> <span class='ocrx_word' id='word_1_439' title='bbox 959 5165 1157 5219; x_wconf 78' lang='lat' dir='ltr'>vasalli</span> <span class='ocrx_word' id='word_1_440' title='bbox 1203 5165 1314 5219; x_wconf 88' lang='lat' dir='ltr'>dux</span> <span class='ocrx_word' id='word_1_441' title='bbox 1368 5163 1704 5228; x_wconf 73' lang='lat' dir='ltr'>Brabantize,</span> <span class='ocrx_word' id='word_1_442' title='bbox 1755 5177 1948 5217; x_wconf 91' lang='lat' dir='ltr'>comes</span> 
     </span>
     <span class='ocr_line' id='line_1_63' title="bbox 248 5236 1945 5292; baseline -0.003 -1"><span class='ocrx_word' id='word_1_443' title='bbox 248 5237 473 5292; x_wconf 65' lang='lat' dir='ltr'>Gelriaa.</span> <span class='ocrx_word' id='word_1_444' title='bbox 532 5253 723 5291; x_wconf 91' lang='lat' dir='ltr'>comes</span> <span class='ocrx_word' id='word_1_445' title='bbox 776 5237 1070 5292; x_wconf 88' lang='lat' dir='ltr'>Clivensis.</span> <span class='ocrx_word' id='word_1_446' title='bbox 1118 5252 1307 5290; x_wconf 88' lang='lat' dir='ltr'>comes</span> <span class='ocrx_word' id='word_1_447' title='bbox 1353 5236 1423 5289; x_wconf 92' lang='lat' dir='ltr'>de</span> <span class='ocrx_word' id='word_1_448' title='bbox 1470 5236 1768 5292; x_wconf 84' lang='lat' dir='ltr'>Benthem.</span> <span class='ocrx_word' id='word_1_449' title='bbox 1815 5238 1945 5292; x_wconf 83' lang='lat' dir='ltr'>etc..</span> 
     </span>
    </p>
   </div>
   <div class='ocr_carea' id='block_1_62' title="bbox 459 5272 1945 5303">
    <p class='ocr_par' dir='ltr' id='par_1_62' title="bbox 459 5272 1945 5303">
     <span class='ocr_line' id='line_1_64' title="bbox 459 5272 1945 5303; baseline -0.003 -12"><span class='ocrx_word' id='word_1_450' title='bbox 459 5277 473 5303; x_wconf 59' lang='grc' dir='ltr'><em>φ</em></span> <span class='ocrx_word' id='word_1_451' title='bbox 532 5272 723 5291; x_wconf 70' lang='grc' dir='ltr'>υυιιιῡ)</span> <span class='ocrx_word' id='word_1_452' title='bbox 777 5272 1070 5303; x_wconf 60' lang='grc' dir='ltr'>υΙινυυ-νιῡ,</span> <span class='ocrx_word' id='word_1_453' title='bbox 1118 5272 1307 5290; x_wconf 71' lang='grc' dir='ltr'><strong>υυωυο</strong></span> <span class='ocrx_word' id='word_1_454' title='bbox 1353 5272 1423 5289; x_wconf 71' lang='lat' dir='ltr'>uv</span> <span class='ocrx_word' id='word_1_455' title='bbox 1470 5272 1768 5301; x_wconf 68' lang='grc' dir='ltr'>υυυυμυιιι,</span> <span class='ocrx_word' id='word_1_456' title='bbox 1815 5272 1945 5298; x_wconf 67' lang='grc' dir='ltr'>νυνι,</span> 
     </span>
    </p>
   </div>
   <div class='ocr_carea' id='block_1_63' title="bbox 246 5307 1163 5379">
    <p class='ocr_par' dir='ltr' id='par_1_63' title="bbox 246 5307 1163 5379">
     <span class='ocr_line' id='line_1_65' title="bbox 246 5307 1163 5379; baseline -0.002 -17"><span class='ocrx_word' id='word_1_457' title='bbox 246 5310 458 5362; x_wconf 74' lang='lat' dir='ltr'>saeculo</span> <span class='ocrx_word' id='word_1_458' title='bbox 488 5325 543 5362; x_wconf 72' lang='grc' dir='ltr'>χι</span> <span class='ocrx_word' id='word_1_459' title='bbox 574 5307 889 5379; x_wconf 90' lang='lat' dir='ltr'>incipiente</span> <span class='ocrx_word' id='word_1_460' title='bbox 912 5307 1163 5362; x_wconf 89' lang='lat' dir='ltr'>fuerunt.</span> 
     </span>
    </p>
   </div>
   <div class='ocr_carea' id='block_1_64' title="bbox 2044 520 3749 593">
    <p class='ocr_par' dir='ltr' id='par_1_64' title="bbox 2044 520 3749 593">
     <span class='ocr_line' id='line_1_66' title="bbox 2044 520 3749 593; baseline 0.003 -21"><span class='ocrx_word' id='word_1_461' title='bbox 2044 524 2130 573; x_wconf 90' lang='lat' dir='ltr'>est</span> <span class='ocrx_word' id='word_1_462' title='bbox 2185 520 2477 574; x_wconf 89' lang='lat' dir='ltr'>hominem</span> <span class='ocrx_word' id='word_1_463' title='bbox 2540 520 2953 591; x_wconf 88' lang='lat' dir='ltr'>philosophicis</span> <span class='ocrx_word' id='word_1_464' title='bbox 3012 526 3068 575; x_wconf 88' lang='lat' dir='ltr'>et</span> <span class='ocrx_word' id='word_1_465' title='bbox 3120 522 3385 592; x_wconf 55' lang='lat' dir='ltr'>poeticis&#39;</span> <span class='ocrx_word' id='word_1_466' title='bbox 3423 523 3749 593; x_wconf 86' lang='lat' dir='ltr'>disciplinis</span> 
     </span>
    </p>
   </div>
   <div class='ocr_carea' id='block_1_65' title="bbox 2044 603 3751 680">
    <p class='ocr_par' dir='ltr' id='par_1_65' title="bbox 2044 603 3751 680">
     <span class='ocr_line' id='line_1_67' title="bbox 2044 603 3751 680; baseline 0.004 -20"><span class='ocrx_word' id='word_1_467' title='bbox 2044 606 2388 662; x_wconf 86' lang='lat' dir='ltr'>instructum</span> <span class='ocrx_word' id='word_1_468' title='bbox 2442 608 2504 662; x_wconf 89' lang='lat' dir='ltr'>in</span> <span class='ocrx_word' id='word_1_469' title='bbox 2551 603 2791 663; x_wconf 80' lang='lat' dir='ltr'>historia.</span> <span class='ocrx_word' id='word_1_470' title='bbox 2847 610 3148 664; x_wconf 88' lang='lat' dir='ltr'>scribenda</span> <span class='ocrx_word' id='word_1_471' title='bbox 3198 610 3382 680; x_wconf 88' lang='lat' dir='ltr'>magis</span> <span class='ocrx_word' id='word_1_472' title='bbox 3437 612 3751 666; x_wconf 89' lang='lat' dir='ltr'>verborum</span> 
     </span>
    </p>
   </div>
   <div class='ocr_carea' id='block_1_66' title="bbox 2045 697 3750 767">
    <p class='ocr_par' dir='ltr' id='par_1_66' title="bbox 2045 697 3750 767">
     <span class='ocr_line' id='line_1_68' title="bbox 2045 697 3750 767; baseline 0.002 -18"><span class='ocrx_word' id='word_1_473' title='bbox 2045 697 2276 751; x_wconf 88' lang='lat' dir='ltr'>ornatui</span> <span class='ocrx_word' id='word_1_474' title='bbox 2340 702 2397 752; x_wconf 89' lang='lat' dir='ltr'>et</span> <span class='ocrx_word' id='word_1_475' title='bbox 2450 698 2727 752; x_wconf 91' lang='lat' dir='ltr'>lectorum</span> <span class='ocrx_word' id='word_1_476' title='bbox 2785 698 3066 752; x_wconf 90' lang='lat' dir='ltr'>studuisse</span> <span class='ocrx_word' id='word_1_477' title='bbox 3133 697 3503 751; x_wconf 88' lang='lat' dir='ltr'>oblectationi</span> <span class='ocrx_word' id='word_1_478' title='bbox 3573 715 3750 767; x_wconf 86' lang='lat' dir='ltr'>quam</span> 
     </span>
    </p>
   </div>
   <div class='ocr_carea' id='block_1_67' title="bbox 2044 785 3753 857">
    <p class='ocr_par' dir='ltr' id='par_1_67' title="bbox 2044 785 3753 857">
     <span class='ocr_line' id='line_1_69' title="bbox 2044 785 3753 857; baseline -0.001 -18"><span class='ocrx_word' id='word_1_479' title='bbox 2044 786 2216 840; x_wconf 65' lang='lat' dir='ltr'>nudae</span> <span class='ocrx_word' id='word_1_480' title='bbox 2248 790 2305 840; x_wconf 90' lang='lat' dir='ltr'>et</span> <span class='ocrx_word' id='word_1_481' title='bbox 2335 786 2579 857; x_wconf 91' lang='lat' dir='ltr'>simplici</span> <span class='ocrx_word' id='word_1_482' title='bbox 2629 786 2873 853; x_wconf 87' lang='lat' dir='ltr'>veritati,</span> <span class='ocrx_word' id='word_1_483' title='bbox 2932 803 3063 841; x_wconf 91' lang='lat' dir='ltr'>cum</span> <span class='ocrx_word' id='word_1_484' title='bbox 3108 786 3261 840; x_wconf 91' lang='lat' dir='ltr'>idem</span> <span class='ocrx_word' id='word_1_485' title='bbox 3309 786 3481 840; x_wconf 90' lang='lat' dir='ltr'>etiam</span> <span class='ocrx_word' id='word_1_486' title='bbox 3536 785 3753 839; x_wconf 88' lang='lat' dir='ltr'>nostris</span> 
     </span>
    </p>
   </div>
   <div class='ocr_carea' id='block_1_68' title="bbox 2044 874 3751 946">
    <p class='ocr_par' dir='ltr' id='par_1_68' title="bbox 2044 874 3751 946">
     <span class='ocr_line' id='line_1_70' title="bbox 2044 874 3751 946; baseline 0 -18"><span class='ocrx_word' id='word_1_487' title='bbox 2044 874 2401 946; x_wconf 90' lang='lat' dir='ltr'>temporibus</span> <span class='ocrx_word' id='word_1_488' title='bbox 2461 875 2717 945; x_wconf 90' lang='lat' dir='ltr'>quotidie</span> <span class='ocrx_word' id='word_1_489' title='bbox 2782 875 2998 929; x_wconf 87' lang='lat' dir='ltr'>factum</span> <span class='ocrx_word' id='word_1_490' title='bbox 3067 875 3383 929; x_wconf 88' lang='lat' dir='ltr'>videamus.</span> <span class='ocrx_word' id='word_1_491' title='bbox 3455 876 3619 928; x_wconf 85' lang='lat' dir='ltr'>Certe</span> <span class='ocrx_word' id='word_1_492' title='bbox 3681 875 3751 928; x_wconf 92' lang='lat' dir='ltr'>de</span> 
     </span>
    </p>
   </div>
   <div class='ocr_carea' id='block_1_69' title="bbox 2044 961 3751 1033">
    <p class='ocr_par' dir='ltr' id='par_1_69' title="bbox 2044 961 3751 1033">
     <span class='ocr_line' id='line_1_71' title="bbox 2044 961 3751 1033; baseline 0 -18"><span class='ocrx_word' id='word_1_493' title='bbox 2044 963 2216 1016; x_wconf 90' lang='lat' dir='ltr'>rebus</span> <span class='ocrx_word' id='word_1_494' title='bbox 2262 968 2457 1032; x_wconf 86' lang='lat' dir='ltr'>postea</span> <span class='ocrx_word' id='word_1_495' title='bbox 2492 962 2553 1016; x_wconf 91' lang='lat' dir='ltr'>in</span> <span class='ocrx_word' id='word_1_496' title='bbox 2603 963 2912 1033; x_wconf 89' lang='lat' dir='ltr'>provinciis</span> <span class='ocrx_word' id='word_1_497' title='bbox 2963 962 3253 1017; x_wconf 84' lang='lat' dir='ltr'>Rhenanis</span> <span class='ocrx_word' id='word_1_498' title='bbox 3296 961 3492 1032; x_wconf 83' lang='lat' dir='ltr'>gestis,</span> <span class='ocrx_word' id='word_1_499' title='bbox 3540 963 3751 1032; x_wconf 90' lang='lat' dir='ltr'>quibus</span> 
     </span>
    </p>
   </div>
   <div class='ocr_carea' id='block_1_70' title="bbox 2044 1050 3750 1121">
    <p class='ocr_par' dir='ltr' id='par_1_70' title="bbox 2044 1050 3750 1121">
     <span class='ocr_line' id='line_1_72' title="bbox 2044 1050 3750 1121; baseline 0 -18"><span class='ocrx_word' id='word_1_500' title='bbox 2044 1050 2165 1120; x_wconf 90' lang='lat' dir='ltr'>ipse</span> <span class='ocrx_word' id='word_1_501' title='bbox 2194 1067 2465 1121; x_wconf 87' lang='lat' dir='ltr'>magnam</span> <span class='ocrx_word' id='word_1_502' title='bbox 2496 1057 2715 1121; x_wconf 89' lang='lat' dir='ltr'>partem</span> <span class='ocrx_word' id='word_1_503' title='bbox 2751 1050 3034 1117; x_wconf 89' lang='lat' dir='ltr'>interfuit,</span> <span class='ocrx_word' id='word_1_504' title='bbox 3067 1050 3391 1103; x_wconf 89' lang='lat' dir='ltr'>accuratius</span> <span class='ocrx_word' id='word_1_505' title='bbox 3425 1054 3482 1104; x_wconf 89' lang='lat' dir='ltr'>et</span> <span class='ocrx_word' id='word_1_506' title='bbox 3512 1066 3579 1103; x_wconf 90' lang='lat' dir='ltr'>ex</span> <span class='ocrx_word' id='word_1_507' title='bbox 3612 1067 3750 1120; x_wconf 86' lang='lat' dir='ltr'>pro-</span> 
     </span>
    </p>
   </div>
   <div class='ocr_carea' id='block_1_71' title="bbox 2045 1139 3749 1211">
    <p class='ocr_par' dir='ltr' id='par_1_71' title="bbox 2045 1139 3749 1211">
     <span class='ocr_line' id='line_1_73' title="bbox 2045 1139 3749 1211; baseline 0 -19"><span class='ocrx_word' id='word_1_508' title='bbox 2045 1140 2170 1211; x_wconf 92' lang='lat' dir='ltr'>pria</span> <span class='ocrx_word' id='word_1_509' title='bbox 2229 1140 2556 1209; x_wconf 81' lang='lat' dir='ltr'>cognitione</span> <span class='ocrx_word' id='word_1_510' title='bbox 2615 1140 2904 1209; x_wconf 85' lang='lat' dir='ltr'>scripsisse</span> <span class='ocrx_word' id='word_1_511' title='bbox 2958 1140 3250 1209; x_wconf 89' lang='lat' dir='ltr'>putandus</span> <span class='ocrx_word' id='word_1_512' title='bbox 3308 1144 3422 1203; x_wconf 91' lang='lat' dir='ltr'>est;</span> <span class='ocrx_word' id='word_1_513' title='bbox 3480 1139 3537 1193; x_wconf 92' lang='lat' dir='ltr'>id</span> <span class='ocrx_word' id='word_1_514' title='bbox 3598 1140 3749 1209; x_wconf 88' lang='lat' dir='ltr'>quod</span> 
     </span>
    </p>
   </div>
   <div class='ocr_carea' id='block_1_72' title="bbox 2045 1227 3751 1298">
    <p class='ocr_par' dir='ltr' id='par_1_72' title="bbox 2045 1227 3751 1298">
     <span class='ocr_line' id='line_1_74' title="bbox 2045 1227 3751 1298; baseline -0.001 -17"><span class='ocrx_word' id='word_1_515' title='bbox 2045 1229 2217 1282; x_wconf 90' lang='lat' dir='ltr'>etiam</span> <span class='ocrx_word' id='word_1_516' title='bbox 2272 1230 2537 1298; x_wconf 87' lang='lat' dir='ltr'>Alpertus</span> <span class='ocrx_word' id='word_1_517' title='bbox 2597 1229 2837 1282; x_wconf 90' lang='lat' dir='ltr'>innuere</span> <span class='ocrx_word' id='word_1_518' title='bbox 2888 1229 3131 1295; x_wconf 87' lang='lat' dir='ltr'>videtur,</span> <span class='ocrx_word' id='word_1_519' title='bbox 3190 1244 3319 1281; x_wconf 93' lang='lat' dir='ltr'>cum</span> <span class='ocrx_word' id='word_1_520' title='bbox 3380 1227 3541 1281; x_wconf 83' lang='lat' dir='ltr'>Metis</span> <span class='ocrx_word' id='word_1_521' title='bbox 3592 1227 3751 1281; x_wconf 89' lang='lat' dir='ltr'>urbis</span> 
     </span>
    </p>
   </div>
   <div class='ocr_carea' id='block_1_73' title="bbox 2046 1316 3751 1387">
    <p class='ocr_par' dir='ltr' id='par_1_73' title="bbox 2046 1316 3751 1387">
     <span class='ocr_line' id='line_1_75' title="bbox 2046 1316 3751 1387; baseline 0 -18"><span class='ocrx_word' id='word_1_522' title='bbox 2046 1317 2427 1381; x_wconf 90' lang='lat' dir='ltr'>obsidionem,</span> <span class='ocrx_word' id='word_1_523' title='bbox 2474 1334 2507 1371; x_wconf 90' lang='lat' dir='ltr'>a</span> <span class='ocrx_word' id='word_1_524' title='bbox 2555 1318 2880 1371; x_wconf 86' lang='lat' dir='ltr'>Thietmaro</span> <span class='ocrx_word' id='word_1_525' title='bbox 2926 1317 3398 1387; x_wconf 75' lang='lat' dir='ltr'>praetermissam,</span> <span class='ocrx_word' id='word_1_526' title='bbox 3457 1316 3528 1369; x_wconf 89' lang='lat' dir='ltr'>ab</span> <span class='ocrx_word' id='word_1_527' title='bbox 3575 1317 3751 1370; x_wconf 85' lang='lat' dir='ltr'>Adel-</span> 
     </span>
    </p>
   </div>
   <div class='ocr_carea' id='block_1_74' title="bbox 2046 1404 3752 1477">
    <p class='ocr_par' dir='ltr' id='par_1_74' title="bbox 2046 1404 3752 1477">
     <span class='ocr_line' id='line_1_76' title="bbox 2046 1404 3752 1477; baseline -0.001 -18"><span class='ocrx_word' id='word_1_528' title='bbox 2046 1406 2219 1459; x_wconf 92' lang='lat' dir='ltr'>boldo</span> <span class='ocrx_word' id='word_1_529' title='bbox 2246 1405 2430 1459; x_wconf 88' lang='lat' dir='ltr'>fusius</span> <span class='ocrx_word' id='word_1_530' title='bbox 2478 1406 2821 1477; x_wconf 92' lang='lat' dir='ltr'>descriptam</span> <span class='ocrx_word' id='word_1_531' title='bbox 2875 1406 3025 1459; x_wconf 90' lang='lat' dir='ltr'>dicat</span> <span class='ocrx_word' id='word_1_532' title='bbox 3074 1405 3207 1475; x_wconf 90' lang='lat'><strong>(33).</strong></span> <span class='ocrx_word' id='word_1_533' title='bbox 3259 1404 3399 1469; x_wconf 71' lang='lat' dir='ltr'>Quae</span> <span class='ocrx_word' id='word_1_534' title='bbox 3450 1405 3752 1475; x_wconf 86' lang='lat' dir='ltr'>deperdita</span> 
     </span>
    </p>
   </div>
   <div class='ocr_carea' id='block_1_75' title="bbox 2046 1492 3302 1563">
    <p class='ocr_par' dir='ltr' id='par_1_75' title="bbox 2046 1492 3302 1563">
     <span class='ocr_line' id='line_1_77' title="bbox 2046 1492 3302 1563; baseline 0 -17"><span class='ocrx_word' id='word_1_535' title='bbox 2046 1509 2168 1546; x_wconf 90' lang='lat' dir='ltr'>esse</span> <span class='ocrx_word' id='word_1_536' title='bbox 2201 1493 2308 1561; x_wconf 84' lang='grc'>(34)</span> <span class='ocrx_word' id='word_1_537' title='bbox 2341 1510 2454 1547; x_wconf 92' lang='lat' dir='ltr'>non</span> <span class='ocrx_word' id='word_1_538' title='bbox 2485 1509 2792 1563; x_wconf 90' lang='lat' dir='ltr'>possumus</span> <span class='ocrx_word' id='word_1_539' title='bbox 2819 1492 2958 1563; x_wconf 91' lang='lat' dir='ltr'>quin</span> <span class='ocrx_word' id='word_1_540' title='bbox 2985 1493 3302 1546; x_wconf 89' lang='lat' dir='ltr'>doleamus.</span> 
     </span>
    </p>
   </div>
   <div class='ocr_carea' id='block_1_76' title="bbox 2116 1581 3754 1650">
    <p class='ocr_par' dir='ltr' id='par_1_76' title="bbox 2116 1581 3754 1650">
     <span class='ocr_line' id='line_1_78' title="bbox 2116 1581 3754 1650; baseline 0.001 -17"><span class='ocrx_word' id='word_1_541' title='bbox 2116 1581 2413 1634; x_wconf 84' lang='lat' dir='ltr'>Annalista</span> <span class='ocrx_word' id='word_1_542' title='bbox 2479 1582 2649 1647; x_wconf 87' lang='lat' dir='ltr'>Saxo,</span> <span class='ocrx_word' id='word_1_543' title='bbox 2709 1581 2807 1650; x_wconf 90' lang='lat' dir='ltr'>qui</span> <span class='ocrx_word' id='word_1_544' title='bbox 2860 1581 3032 1641; x_wconf 86' lang='lat' dir='ltr'>solus,</span> <span class='ocrx_word' id='word_1_545' title='bbox 3091 1581 3242 1649; x_wconf 90' lang='lat' dir='ltr'>quod</span> <span class='ocrx_word' id='word_1_546' title='bbox 3304 1581 3504 1647; x_wconf 89' lang='lat' dir='ltr'>sciam,</span> <span class='ocrx_word' id='word_1_547' title='bbox 3560 1581 3754 1635; x_wconf 91' lang='lat' dir='ltr'>medio</span> 
     </span>
    </p>
   </div>
   <div class='ocr_carea' id='block_1_77' title="bbox 1972 1668 3756 1758">
    <p class='ocr_par' dir='ltr' id='par_1_77' title="bbox 1972 1668 3756 1758">
     <span class='ocr_line' id='line_1_79' title="bbox 1972 1668 3756 1758; baseline 0.001 -37"><span class='ocrx_word' id='word_1_548' title='bbox 1972 1705 2009 1758; x_wconf 78' lang='grc' dir='ltr'>Β</span> <span class='ocrx_word' id='word_1_549' title='bbox 2048 1686 2169 1722; x_wconf 63' lang='grc' dir='ltr'>τεγό</span> <span class='ocrx_word' id='word_1_550' title='bbox 2198 1669 2302 1723; x_wconf 89' lang='lat' dir='ltr'>hac</span> <span class='ocrx_word' id='word_1_551' title='bbox 2334 1669 2458 1723; x_wconf 88' lang='lat' dir='ltr'>Vita</span> <span class='ocrx_word' id='word_1_552' title='bbox 2489 1685 2625 1723; x_wconf 89' lang='lat' dir='ltr'>usus</span> <span class='ocrx_word' id='word_1_553' title='bbox 2664 1674 2768 1733; x_wconf 91' lang='lat' dir='ltr'>est,</span> <span class='ocrx_word' id='word_1_554' title='bbox 2813 1673 3008 1721; x_wconf 89' lang='lat' dir='ltr'>utrum</span> <span class='ocrx_word' id='word_1_555' title='bbox 3058 1668 3437 1737; x_wconf 82' lang='lat' dir='ltr'>integriorem</span> <span class='ocrx_word' id='word_1_556' title='bbox 3486 1671 3756 1724; x_wconf 83' lang='lat' dir='ltr'>habuerit</span> 
     </span>
    </p>
   </div>
   <div class='ocr_carea' id='block_1_78' title="bbox 2048 1756 3754 1825">
    <p class='ocr_par' dir='ltr' id='par_1_78' title="bbox 2048 1756 3754 1825">
     <span class='ocr_line' id='line_1_80' title="bbox 2048 1756 3754 1825; baseline 0.001 -15"><span class='ocrx_word' id='word_1_557' title='bbox 2048 1763 2265 1811; x_wconf 89' lang='lat' dir='ltr'>textum</span> <span class='ocrx_word' id='word_1_558' title='bbox 2322 1774 2393 1811; x_wconf 87' lang='lat' dir='ltr'>an</span> <span class='ocrx_word' id='word_1_559' title='bbox 2452 1756 2680 1811; x_wconf 89' lang='lat' dir='ltr'>nonnisi</span> <span class='ocrx_word' id='word_1_560' title='bbox 2733 1756 2917 1809; x_wconf 90' lang='lat' dir='ltr'>simile</span> <span class='ocrx_word' id='word_1_561' title='bbox 2987 1756 3400 1825; x_wconf 79' lang='lat' dir='ltr'>fragmentum.</span> <span class='ocrx_word' id='word_1_562' title='bbox 3461 1774 3580 1811; x_wconf 90' lang='lat' dir='ltr'>non</span> <span class='ocrx_word' id='word_1_563' title='bbox 3636 1763 3754 1811; x_wconf 90' lang='lat' dir='ltr'>tam</span> 
     </span>
    </p>
   </div>
   <div class='ocr_carea' id='block_1_79' title="bbox 2048 1844 3758 1917">
    <p class='ocr_par' dir='ltr' id='par_1_79' title="bbox 2048 1844 3758 1917">
     <span class='ocr_line' id='line_1_81' title="bbox 2048 1844 3758 1917; baseline -0.001 -18"><span class='ocrx_word' id='word_1_564' title='bbox 2048 1846 2211 1899; x_wconf 82' lang='lat' dir='ltr'>facile</span> <span class='ocrx_word' id='word_1_565' title='bbox 2243 1852 2325 1899; x_wconf 90' lang='lat' dir='ltr'>est</span> <span class='ocrx_word' id='word_1_566' title='bbox 2356 1852 2683 1917; x_wconf 88' lang='lat' dir='ltr'>perspectu,</span> <span class='ocrx_word' id='word_1_567' title='bbox 2727 1861 2857 1898; x_wconf 91' lang='lat' dir='ltr'>cum</span> <span class='ocrx_word' id='word_1_568' title='bbox 2908 1844 3057 1898; x_wconf 89' lang='lat' dir='ltr'>inter</span> <span class='ocrx_word' id='word_1_569' title='bbox 3099 1845 3416 1898; x_wconf 81' lang='lat' dir='ltr'>&#39;l‘hietmari</span> <span class='ocrx_word' id='word_1_570' title='bbox 3465 1846 3639 1900; x_wconf 88' lang='lat' dir='ltr'>verba</span> <span class='ocrx_word' id='word_1_571' title='bbox 3686 1845 3758 1898; x_wconf 90' lang='lat' dir='ltr'>ab</span> 
     </span>
    </p>
   </div>
   <div class='ocr_carea' id='block_1_80' title="bbox 2048 1934 3758 2004">
    <p class='ocr_par' dir='ltr' id='par_1_80' title="bbox 2048 1934 3758 2004">
     <span class='ocr_line' id='line_1_82' title="bbox 2048 1934 3758 2004; baseline -0.001 -16"><span class='ocrx_word' id='word_1_572' title='bbox 2048 1936 2147 1988; x_wconf 91' lang='lat' dir='ltr'>illo</span> <span class='ocrx_word' id='word_1_573' title='bbox 2176 1935 2455 2004; x_wconf 82' lang='lat' dir='ltr'>exscripta</span> <span class='ocrx_word' id='word_1_574' title='bbox 2485 1935 2578 1988; x_wconf 90' lang='lat' dir='ltr'>vix</span> <span class='ocrx_word' id='word_1_575' title='bbox 2607 1935 2777 1987; x_wconf 89' lang='lat' dir='ltr'>aliam</span> <span class='ocrx_word' id='word_1_576' title='bbox 2818 1934 3205 1987; x_wconf 89' lang='lat' dir='ltr'>narrationem</span> <span class='ocrx_word' id='word_1_577' title='bbox 3254 1950 3319 1987; x_wconf 83' lang='lat' dir='ltr'>ex</span> <span class='ocrx_word' id='word_1_578' title='bbox 3356 1936 3563 1990; x_wconf 90' lang='lat' dir='ltr'>eodem</span> <span class='ocrx_word' id='word_1_579' title='bbox 3598 1935 3758 1989; x_wconf 90' lang='lat' dir='ltr'>fonte</span> 
     </span>
    </p>
   </div>
   <div class='ocr_carea' id='block_1_81' title="bbox 2051 2020 3761 2094">
    <p class='ocr_par' dir='ltr' id='par_1_81' title="bbox 2051 2020 3761 2094">
     <span class='ocr_line' id='line_1_83' title="bbox 2051 2020 3761 2094; baseline -0.001 -19"><span class='ocrx_word' id='word_1_580' title='bbox 2051 2023 2311 2075; x_wconf 86' lang='lat' dir='ltr'>haustam</span> <span class='ocrx_word' id='word_1_581' title='bbox 2361 2038 2668 2091; x_wconf 88' lang='lat' dir='ltr'>agnoscere</span> <span class='ocrx_word' id='word_1_582' title='bbox 2716 2021 2899 2075; x_wconf 90' lang='lat' dir='ltr'>liceat.</span> <span class='ocrx_word' id='word_1_583' title='bbox 2953 2025 3216 2074; x_wconf 85' lang='lat' dir='ltr'>Attamen</span> <span class='ocrx_word' id='word_1_584' title='bbox 3278 2022 3427 2077; x_wconf 90' lang='lat' dir='ltr'>nihil</span> <span class='ocrx_word' id='word_1_585' title='bbox 3476 2020 3761 2094; x_wconf 87' lang='lat' dir='ltr'>ejusmodi</span> 
     </span>
    </p>
   </div>
   <div class='ocr_carea' id='block_1_82' title="bbox 2048 2109 3762 2179">
    <p class='ocr_par' dir='ltr' id='par_1_82' title="bbox 2048 2109 3762 2179">
     <span class='ocr_line' id='line_1_84' title="bbox 2048 2109 3762 2179; baseline -0.001 -16"><span class='ocrx_word' id='word_1_586' title='bbox 2048 2110 2314 2177; x_wconf 88' lang='lat' dir='ltr'>inveniri,</span> <span class='ocrx_word' id='word_1_587' title='bbox 2354 2110 2667 2165; x_wconf 67' lang='lat' dir='ltr'>Annalistaa</span> <span class='ocrx_word' id='word_1_588' title='bbox 2715 2109 2863 2163; x_wconf 90' lang='lat' dir='ltr'>libro</span> <span class='ocrx_word' id='word_1_589' title='bbox 2915 2109 3220 2178; x_wconf 87' lang='lat' dir='ltr'>diligenter</span> <span class='ocrx_word' id='word_1_590' title='bbox 3266 2112 3544 2179; x_wconf 89' lang='lat' dir='ltr'>perlecto,</span> <span class='ocrx_word' id='word_1_591' title='bbox 3597 2111 3762 2164; x_wconf 81' lang='lat' dir='ltr'>afﬁr-</span> 
     </span>
    </p>
   </div>
   <div class='ocr_carea' id='block_1_83' title="bbox 2051 2198 3757 2268">
    <p class='ocr_par' dir='ltr' id='par_1_83' title="bbox 2051 2198 3757 2268">
     <span class='ocr_line' id='line_1_85' title="bbox 2051 2198 3757 2268; baseline -0.001 -15"><span class='ocrx_word' id='word_1_592' title='bbox 2051 2200 2358 2265; x_wconf 90' lang='lat' dir='ltr'>maverim;</span> <span class='ocrx_word' id='word_1_593' title='bbox 2420 2205 2572 2253; x_wconf 88' lang='lat' dir='ltr'>certe</span> <span class='ocrx_word' id='word_1_594' title='bbox 2615 2215 2802 2268; x_wconf 89' lang='lat' dir='ltr'>neque</span> <span class='ocrx_word' id='word_1_595' title='bbox 2860 2198 2930 2251; x_wconf 90' lang='lat' dir='ltr'>de</span> <span class='ocrx_word' id='word_1_596' title='bbox 2987 2198 3219 2250; x_wconf 85' lang='lat' dir='ltr'>Metensi</span> <span class='ocrx_word' id='word_1_597' title='bbox 3275 2199 3377 2253; x_wconf 91' lang='lat' dir='ltr'>illa</span> <span class='ocrx_word' id='word_1_598' title='bbox 3434 2199 3757 2266; x_wconf 84' lang='lat' dir='ltr'>obsidione,</span> 
     </span>
    </p>
   </div>
   <div class='ocr_carea' id='block_1_84' title="bbox 2050 2285 3762 2359">
    <p class='ocr_par' dir='ltr' id='par_1_84' title="bbox 2050 2285 3762 2359">
     <span class='ocr_line' id='line_1_86' title="bbox 2050 2285 3762 2359; baseline -0.002 -16"><span class='ocrx_word' id='word_1_599' title='bbox 2050 2305 2238 2359; x_wconf 89' lang='lat' dir='ltr'>neque</span> <span class='ocrx_word' id='word_1_600' title='bbox 2286 2289 2355 2343; x_wconf 91' lang='lat' dir='ltr'>de</span> <span class='ocrx_word' id='word_1_601' title='bbox 2406 2288 2578 2342; x_wconf 90' lang='lat' dir='ltr'>rebus</span> <span class='ocrx_word' id='word_1_602' title='bbox 2627 2291 2827 2356; x_wconf 89' lang='lat' dir='ltr'>postea</span> <span class='ocrx_word' id='word_1_603' title='bbox 2877 2285 2937 2338; x_wconf 89' lang='lat' dir='ltr'>in</span> <span class='ocrx_word' id='word_1_604' title='bbox 2991 2285 3365 2356; x_wconf 85' lang='lat' dir='ltr'>Lotharingia</span> <span class='ocrx_word' id='word_1_605' title='bbox 3396 2289 3483 2342; x_wconf 90' lang='lat' dir='ltr'>vel</span> <span class='ocrx_word' id='word_1_606' title='bbox 3518 2288 3762 2342; x_wconf 90' lang='lat' dir='ltr'>aTheo-</span> 
     </span>
    </p>
   </div>
   <div class='ocr_carea' id='block_1_85' title="bbox 2050 2373 3766 2447">
    <p class='ocr_par' dir='ltr' id='par_1_85' title="bbox 2050 2373 3766 2447">
     <span class='ocr_line' id='line_1_87' title="bbox 2050 2373 3766 2447; baseline -0.001 -17"><span class='ocrx_word' id='word_1_607' title='bbox 2050 2376 2241 2430; x_wconf 87' lang='lat' dir='ltr'>derico</span> <span class='ocrx_word' id='word_1_608' title='bbox 2272 2375 2537 2446; x_wconf 90' lang='lat' dir='ltr'>episcopo</span> <span class='ocrx_word' id='word_1_609' title='bbox 2569 2374 2655 2427; x_wconf 91' lang='lat' dir='ltr'>vel</span> <span class='ocrx_word' id='word_1_610' title='bbox 2703 2374 2774 2427; x_wconf 88' lang='lat' dir='ltr'>ab</span> <span class='ocrx_word' id='word_1_611' title='bbox 2817 2373 2939 2442; x_wconf 88' lang='lat' dir='ltr'>ipso</span> <span class='ocrx_word' id='word_1_612' title='bbox 2986 2373 3303 2427; x_wconf 90' lang='lat' dir='ltr'>Adelboldo</span> <span class='ocrx_word' id='word_1_613' title='bbox 3369 2377 3545 2446; x_wconf 88' lang='lat' dir='ltr'>gestis</span> <span class='ocrx_word' id='word_1_614' title='bbox 3593 2375 3766 2447; x_wconf 80' lang='lat' dir='ltr'>quid-</span> 
     </span>
    </p>
   </div>
   <div class='ocr_carea' id='block_1_86' title="bbox 2050 2460 3768 2533">
    <p class='ocr_par' dir='ltr' id='par_1_86' title="bbox 2050 2460 3768 2533">
     <span class='ocr_line' id='line_1_88' title="bbox 2050 2460 3768 2533; baseline 0.001 -18"><span class='ocrx_word' id='word_1_615' title='bbox 2050 2479 2225 2532; x_wconf 90' lang='lat' dir='ltr'>quam</span> <span class='ocrx_word' id='word_1_616' title='bbox 2255 2462 2406 2532; x_wconf 91' lang='lat' dir='ltr'>apud</span> <span class='ocrx_word' id='word_1_617' title='bbox 2441 2461 2605 2514; x_wconf 89' lang='lat' dir='ltr'>illum</span> <span class='ocrx_word' id='word_1_618' title='bbox 2638 2460 2850 2530; x_wconf 87' lang='lat' dir='ltr'>legitur</span> <span class='ocrx_word' id='word_1_619' title='bbox 2891 2460 3043 2530; x_wconf 92' lang='lat' dir='ltr'>quod</span> <span class='ocrx_word' id='word_1_620' title='bbox 3095 2477 3159 2513; x_wconf 86' lang='lat' dir='ltr'>ex</span> <span class='ocrx_word' id='word_1_621' title='bbox 3208 2462 3531 2517; x_wconf 87' lang='lat' dir='ltr'>Adelboldo</span> <span class='ocrx_word' id='word_1_622' title='bbox 3578 2463 3768 2533; x_wconf 90' lang='lat' dir='ltr'>repeti</span> 
     </span>
    </p>
   </div>
   <div class='ocr_carea' id='block_1_87' title="bbox 2052 2545 3767 2618">
    <p class='ocr_par' dir='ltr' id='par_1_87' title="bbox 2052 2545 3767 2618">
     <span class='ocr_line' id='line_1_89' title="bbox 2052 2545 3767 2618; baseline -0.001 -16"><span class='ocrx_word' id='word_1_623' title='bbox 2052 2553 2263 2618; x_wconf 90' lang='lat' dir='ltr'>posset.</span> <span class='ocrx_word' id='word_1_624' title='bbox 2300 2547 2474 2616; x_wconf 88' lang='lat' dir='ltr'>Cujus</span> <span class='ocrx_word' id='word_1_625' title='bbox 2502 2546 2715 2599; x_wconf 91' lang='lat' dir='ltr'>librum</span> <span class='ocrx_word' id='word_1_626' title='bbox 2763 2545 2865 2598; x_wconf 89' lang='lat' dir='ltr'>has</span> <span class='ocrx_word' id='word_1_627' title='bbox 2909 2561 2995 2599; x_wconf 90' lang='lat' dir='ltr'>res</span> <span class='ocrx_word' id='word_1_628' title='bbox 3040 2550 3384 2600; x_wconf 88' lang='lat' dir='ltr'>tractantem</span> <span class='ocrx_word' id='word_1_629' title='bbox 3434 2548 3483 2601; x_wconf 90' lang='lat' dir='ltr'>si</span> <span class='ocrx_word' id='word_1_630' title='bbox 3529 2547 3767 2601; x_wconf 89' lang='lat' dir='ltr'>habuis-</span> 
     </span>
    </p>
   </div>
   <div class='ocr_carea' id='block_1_88' title="bbox 2053 2633 3765 2706">
    <p class='ocr_par' dir='ltr' id='par_1_88' title="bbox 2053 2633 3765 2706">
     <span class='ocr_line' id='line_1_90' title="bbox 2053 2633 3765 2706; baseline 0.001 -15"><span class='ocrx_word' id='word_1_631' title='bbox 2053 2642 2156 2705; x_wconf 91' lang='lat' dir='ltr'>set,</span> <span class='ocrx_word' id='word_1_632' title='bbox 2200 2636 2447 2706; x_wconf 86' lang='lat' dir='ltr'>diligens</span> <span class='ocrx_word' id='word_1_633' title='bbox 2495 2640 2552 2687; x_wconf 90' lang='lat' dir='ltr'>et</span> <span class='ocrx_word' id='word_1_634' title='bbox 2596 2633 2862 2703; x_wconf 90' lang='lat' dir='ltr'>copiosus</span> <span class='ocrx_word' id='word_1_635' title='bbox 2912 2634 3006 2687; x_wconf 91' lang='lat' dir='ltr'>ille</span> <span class='ocrx_word' id='word_1_636' title='bbox 3073 2651 3265 2688; x_wconf 90' lang='lat' dir='ltr'>rerum</span> <span class='ocrx_word' id='word_1_637' title='bbox 3328 2636 3576 2705; x_wconf 86' lang='lat' dir='ltr'>scriptor</span> <span class='ocrx_word' id='word_1_638' title='bbox 3624 2653 3765 2693; x_wconf 88' lang='lat' dir='ltr'>sane</span> 
     </span>
    </p>
   </div>
   <div class='ocr_carea' id='block_1_89' title="bbox 2054 2721 3764 2795">
    <p class='ocr_par' dir='ltr' id='par_1_89' title="bbox 2054 2721 3764 2795">
     <span class='ocr_line' id='line_1_91' title="bbox 2054 2721 3764 2795; baseline 0 -15"><span class='ocrx_word' id='word_1_639' title='bbox 2054 2742 2168 2780; x_wconf 91' lang='lat' dir='ltr'>non</span> <span class='ocrx_word' id='word_1_640' title='bbox 2228 2722 2597 2794; x_wconf 86' lang='lat' dir='ltr'>neglexisset.</span> <span class='ocrx_word' id='word_1_641' title='bbox 2656 2724 2809 2775; x_wconf 86' lang='lat' dir='ltr'>Hanc</span> <span class='ocrx_word' id='word_1_642' title='bbox 2866 2721 3039 2792; x_wconf 88' lang='lat' dir='ltr'>igitur</span> <span class='ocrx_word' id='word_1_643' title='bbox 3093 2723 3345 2776; x_wconf 88' lang='lat' dir='ltr'>Heinrici</span> <span class='ocrx_word' id='word_1_644' title='bbox 3401 2725 3585 2778; x_wconf 83' lang='lat' dir='ltr'>Vitam</span> <span class='ocrx_word' id='word_1_645' title='bbox 3641 2726 3764 2795; x_wconf 89' lang='lat' dir='ltr'>jam</span> 
     </span>
    </p>
   </div>
   <div class='ocr_carea' id='block_1_90' title="bbox 2052 2810 3756 2883">
    <p class='ocr_par' dir='ltr' id='par_1_90' title="bbox 2052 2810 3756 2883">
     <span class='ocr_line' id='line_1_92' title="bbox 2052 2810 3756 2883; baseline 0.001 -15"><span class='ocrx_word' id='word_1_646' title='bbox 2052 2820 2190 2868; x_wconf 89' lang='lat' dir='ltr'>tunc</span> <span class='ocrx_word' id='word_1_647' title='bbox 2253 2810 2538 2882; x_wconf 88' lang='lat' dir='ltr'>temporis</span> <span class='ocrx_word' id='word_1_648' title='bbox 2593 2810 2705 2863; x_wconf 85' lang='lat' dir='ltr'>fine</span> <span class='ocrx_word' id='word_1_649' title='bbox 2776 2810 3105 2865; x_wconf 88' lang='lat' dir='ltr'>destitutam</span> <span class='ocrx_word' id='word_1_650' title='bbox 3169 2812 3440 2867; x_wconf 90' lang='lat' dir='ltr'>habuisse</span> <span class='ocrx_word' id='word_1_651' title='bbox 3498 2813 3756 2883; x_wconf 91' lang='lat' dir='ltr'>videtur;</span> 
     </span>
    </p>
   </div>
   <div class='ocr_carea' id='block_1_91' title="bbox 2054 2900 3757 2974">
    <p class='ocr_par' dir='ltr' id='par_1_91' title="bbox 2054 2900 3757 2974">
     <span class='ocr_line' id='line_1_93' title="bbox 2054 2900 3757 2974; baseline 0.001 -16"><span class='ocrx_word' id='word_1_652' title='bbox 2054 2920 2229 2974; x_wconf 89' lang='lat' dir='ltr'>quam</span> <span class='ocrx_word' id='word_1_653' title='bbox 2260 2917 2334 2955; x_wconf 90' lang='lat' dir='ltr'>an</span> <span class='ocrx_word' id='word_1_654' title='bbox 2371 2900 2692 2969; x_wconf 87' lang='lat' dir='ltr'>Adelboldi,</span> <span class='ocrx_word' id='word_1_655' title='bbox 2737 2901 2898 2971; x_wconf 88' lang='lat' dir='ltr'>cujus</span> <span class='ocrx_word' id='word_1_656' title='bbox 2936 2916 3009 2955; x_wconf 94' lang='lat' dir='ltr'>ne</span> <span class='ocrx_word' id='word_1_657' title='bbox 3058 2906 3303 2955; x_wconf 89' lang='lat' dir='ltr'>mortem</span> <span class='ocrx_word' id='word_1_658' title='bbox 3339 2903 3574 2972; x_wconf 90' lang='lat' dir='ltr'>quidem</span> <span class='ocrx_word' id='word_1_659' title='bbox 3607 2904 3757 2959; x_wconf 89' lang='lat' dir='ltr'>indi-</span> 
     </span>
    </p>
   </div>
   <div class='ocr_carea' id='block_1_92' title="bbox 2054 2985 3523 3058">
    <p class='ocr_par' dir='ltr' id='par_1_92' title="bbox 2054 2985 3523 3058">
     <span class='ocr_line' id='line_1_94' title="bbox 2054 2985 3523 3058; baseline 0 -15"><span class='ocrx_word' id='word_1_660' title='bbox 2054 2994 2162 3057; x_wconf 88' lang='lat' dir='ltr'>cat,</span> <span class='ocrx_word' id='word_1_661' title='bbox 2194 2987 2431 3043; x_wconf 90' lang='lat' dir='ltr'>nomine</span> <span class='ocrx_word' id='word_1_662' title='bbox 2460 2985 2791 3057; x_wconf 89' lang='lat' dir='ltr'>inscriptam</span> <span class='ocrx_word' id='word_1_663' title='bbox 2824 2987 3045 3058; x_wconf 88' lang='lat' dir='ltr'>legerit,</span> <span class='ocrx_word' id='word_1_664' title='bbox 3080 2988 3209 3042; x_wconf 89' lang='lat' dir='ltr'>licet</span> <span class='ocrx_word' id='word_1_665' title='bbox 3237 2988 3523 3045; x_wconf 88' lang='lat' dir='ltr'>dubitare.</span> 
     </span>
    </p>
   </div>
   <div class='ocr_carea' id='block_1_93' title="bbox 2122 3247 3757 3325">
    <p class='ocr_par' dir='ltr' id='par_1_93' title="bbox 2122 3247 3757 3325">
     <span class='ocr_line' id='line_1_95' title="bbox 2122 3247 3757 3325; baseline 0.004 -19"><span class='ocrx_word' id='word_1_666' title='bbox 2122 3251 2241 3323; x_wconf 94' lang='lat'><strong>(28)</strong></span> <span class='ocrx_word' id='word_1_667' title='bbox 2304 3247 2384 3325; x_wconf 72' lang='lat' dir='ltr'>Cf.</span> <span class='ocrx_word' id='word_1_668' title='bbox 2441 3263 2487 3302; x_wconf 92' lang='lat' dir='ltr'>c.</span> <span class='ocrx_word' id='word_1_669' title='bbox 2539 3252 2573 3305; x_wconf 90' lang='lat'>2</span> <span class='ocrx_word' id='word_1_670' title='bbox 2617 3264 2655 3325; x_wconf 14' lang='lat'>:7</span> <span class='ocrx_word' id='word_1_671' title='bbox 2685 3252 2787 3305; x_wconf 87' lang='lat' dir='ltr'>Nec</span> <span class='ocrx_word' id='word_1_672' title='bbox 2835 3251 2974 3325; x_wconf 71' lang='lat' dir='ltr'>mihi</span> <span class='ocrx_word' id='word_1_673' title='bbox 3017 3251 3371 3325; x_wconf 78' lang='lat' dir='ltr'>fastidiosum</span> <span class='ocrx_word' id='word_1_674' title='bbox 3432 3258 3511 3308; x_wconf 83' lang='lat' dir='ltr'>est</span> <span class='ocrx_word' id='word_1_675' title='bbox 3562 3256 3757 3325; x_wconf 81' lang='lat' dir='ltr'>dicere,</span> 
     </span>
    </p>
   </div>
   <div class='ocr_carea' id='block_1_94' title="bbox 2047 3323 3754 3395">
    <p class='ocr_par' dir='ltr' id='par_1_94' title="bbox 2047 3323 3754 3395">
     <span class='ocr_line' id='line_1_96' title="bbox 2047 3323 3754 3395; baseline 0.004 -19"><span class='ocrx_word' id='word_1_676' title='bbox 2047 3340 2140 3379; x_wconf 84' lang='lat' dir='ltr'>nec</span> <span class='ocrx_word' id='word_1_677' title='bbox 2191 3323 2403 3395; x_wconf 65' lang='lat' dir='ltr'>caeteris</span> <span class='ocrx_word' id='word_1_678' title='bbox 2459 3324 2801 3395; x_wconf 78' lang='lat' dir='ltr'>superﬂuum</span> <span class='ocrx_word' id='word_1_679' title='bbox 2840 3323 3060 3387; x_wconf 88' lang='lat' dir='ltr'>audire;</span> <span class='ocrx_word' id='word_1_680' title='bbox 3113 3324 3181 3377; x_wconf 88' lang='lat' dir='ltr'>ad</span> <span class='ocrx_word' id='word_1_681' title='bbox 3232 3324 3635 3395; x_wconf 85' lang='lat' dir='ltr'>Gerbertum§</span> <span class='ocrx_word' id='word_1_682' title='bbox 3674 3323 3754 3382; x_wconf 69' lang='lat' dir='ltr'>lii</span> 
     </span>
    </p>
   </div>
   <div class='ocr_carea' id='block_1_95' title="bbox 2049 3394 3760 3460">
    <p class='ocr_par' dir='ltr' id='par_1_95' title="bbox 2049 3394 3760 3460">
     <span class='ocr_line' id='line_1_97' title="bbox 2049 3394 3760 3460; baseline 0.003 -10"><span class='ocrx_word' id='word_1_683' title='bbox 2049 3396 2110 3450; x_wconf 84' lang='lat' dir='ltr'><strong>Si</strong></span> <span class='ocrx_word' id='word_1_684' title='bbox 2150 3394 2310 3448; x_wconf 82' lang='lat' dir='ltr'>vobis</span> <span class='ocrx_word' id='word_1_685' title='bbox 2359 3406 2466 3445; x_wconf 83' lang='lat' dir='ltr'>non</span> <span class='ocrx_word' id='word_1_686' title='bbox 2512 3395 2585 3447; x_wconf 81' lang='lat' dir='ltr'>sit</span> <span class='ocrx_word' id='word_1_687' title='bbox 2629 3394 2981 3459; x_wconf 76' lang='lat' dir='ltr'>fastidiosum</span> <span class='ocrx_word' id='word_1_688' title='bbox 3026 3395 3237 3460; x_wconf 85' lang='lat' dir='ltr'>audire,</span> <span class='ocrx_word' id='word_1_689' title='bbox 3294 3398 3436 3451; x_wconf 86' lang='lat' dir='ltr'>mihi</span> <span class='ocrx_word' id='word_1_690' title='bbox 3495 3394 3626 3453; x_wconf 11' lang='lat' dir='ltr'>non,</span> <span class='ocrx_word' id='word_1_691' title='bbox 3656 3403 3760 3455; x_wconf 83' lang='lat' dir='ltr'>erit</span> 
     </span>
    </p>
   </div>
   <div class='ocr_carea' id='block_1_96' title="bbox 2048 3463 2561 3519">
    <p class='ocr_par' dir='ltr' id='par_1_96' title="bbox 2048 3463 2561 3519">
     <span class='ocr_line' id='line_1_98' title="bbox 2048 3463 2561 3519; baseline -0.004 0"><span class='ocrx_word' id='word_1_692' title='bbox 2048 3478 2336 3519; x_wconf 87' lang='lat' dir='ltr'>onerosum</span> <span class='ocrx_word' id='word_1_693' title='bbox 2367 3463 2561 3517; x_wconf 87' lang='lat' dir='ltr'>dicere.</span> 
     </span>
    </p>
   </div>
   <div class='ocr_carea' id='block_1_97' title="bbox 2120 3532 3755 3605">
    <p class='ocr_par' dir='ltr' id='par_1_97' title="bbox 2120 3532 3755 3605">
     <span class='ocr_line' id='line_1_99' title="bbox 2120 3532 3755 3605; baseline 0.006 -19"><span class='ocrx_word' id='word_1_694' title='bbox 2120 3535 2241 3605; x_wconf 82' lang='lat'><strong>(29)</strong></span> <span class='ocrx_word' id='word_1_695' title='bbox 2285 3532 2467 3605; x_wconf 84' lang='lat' dir='ltr'>Etiam</span> <span class='ocrx_word' id='word_1_696' title='bbox 2518 3535 2576 3587; x_wconf 90' lang='lat' dir='ltr'>in</span> <span class='ocrx_word' id='word_1_697' title='bbox 2622 3534 2777 3587; x_wconf 90' lang='lat' dir='ltr'>brevi</span> <span class='ocrx_word' id='word_1_698' title='bbox 2823 3534 3142 3603; x_wconf 86' lang='lat' dir='ltr'>fragmento</span> <span class='ocrx_word' id='word_1_699' title='bbox 3190 3554 3219 3590; x_wconf 91' lang='lat' dir='ltr'>a</span> <span class='ocrx_word' id='word_1_700' title='bbox 3268 3538 3539 3594; x_wconf 89' lang='lat' dir='ltr'>Guiberto</span> <span class='ocrx_word' id='word_1_701' title='bbox 3591 3542 3755 3595; x_wconf 89' lang='lat' dir='ltr'>Gem-</span> 
     </span>
    </p>
   </div>
   <div class='ocr_carea' id='block_1_98' title="bbox 2048 3604 3755 3677">
    <p class='ocr_par' dir='ltr' id='par_1_98' title="bbox 2048 3604 3755 3677">
     <span class='ocr_line' id='line_1_100' title="bbox 2048 3604 3755 3677; baseline 0.003 -17"><span class='ocrx_word' id='word_1_702' title='bbox 2048 3604 2537 3677; x_wconf 84' lang='lat' dir='ltr'>blacensi_allato</span> <span class='ocrx_word' id='word_1_703' title='bbox 2593 3604 2698 3677; x_wconf 90' lang='lat' dir='ltr'>hoc</span> <span class='ocrx_word' id='word_1_704' title='bbox 2752 3605 3053 3677; x_wconf 86' lang='lat' dir='ltr'>agnoveris</span> <span class='ocrx_word' id='word_1_705' title='bbox 3107 3623 3119 3658; x_wconf 90' lang='lat'>:</span> <span class='ocrx_word' id='word_1_706' title='bbox 3178 3629 3197 3654; x_wconf 70' lang='grc' dir='ltr'><strong><em>α</em></strong></span> <span class='ocrx_word' id='word_1_707' title='bbox 3259 3610 3495 3663; x_wconf 81' lang='lat' dir='ltr'>Gemma</span> <span class='ocrx_word' id='word_1_708' title='bbox 3550 3613 3640 3677; x_wconf 91' lang='lat' dir='ltr'>(de</span> <span class='ocrx_word' id='word_1_709' title='bbox 3700 3614 3755 3667; x_wconf 91' lang='lat' dir='ltr'>S.</span> 
     </span>
    </p>
   </div>
   <div class='ocr_carea' id='block_1_99' title="bbox 2053 3674 3757 3745">
    <p class='ocr_par' dir='ltr' id='par_1_99' title="bbox 2053 3674 3757 3745">
     <span class='ocr_line' id='line_1_101' title="bbox 2053 3674 3757 3745; baseline 0.004 -14"><span class='ocrx_word' id='word_1_710' title='bbox 2053 3678 2301 3732; x_wconf 81' lang='lat' dir='ltr'>Martino</span> <span class='ocrx_word' id='word_1_711' title='bbox 2336 3674 2611 3745; x_wconf 89' lang='lat' dir='ltr'>loquitur)</span> <span class='ocrx_word' id='word_1_712' title='bbox 2638 3677 2745 3729; x_wconf 91' lang='lat' dir='ltr'>ista</span> <span class='ocrx_word' id='word_1_713' title='bbox 2772 3677 2951 3744; x_wconf 86' lang='lat' dir='ltr'>fulget</span> <span class='ocrx_word' id='word_1_714' title='bbox 2994 3676 3251 3744; x_wconf 62' lang='lat' dir='ltr'>in&#39;cuelo,</span> <span class='ocrx_word' id='word_1_715' title='bbox 3289 3679 3350 3731; x_wconf 94' lang='lat' dir='ltr'>in</span> <span class='ocrx_word' id='word_1_716' title='bbox 3401 3674 3565 3735; x_wconf 83' lang='lat' dir='ltr'>terra</span> <span class='ocrx_word' id='word_1_717' title='bbox 3591 3699 3757 3736; x_wconf 90' lang='lat' dir='ltr'>coru-</span> 
     </span>
    </p>
   </div>
   <div class='ocr_carea' id='block_1_100' title="bbox 2052 3745 3755 3823">
    <p class='ocr_par' dir='ltr' id='par_1_100' title="bbox 2052 3745 3755 3823">
     <span class='ocr_line' id='line_1_102' title="bbox 2052 3745 3755 3823; baseline 0.004 -23"><span class='ocrx_word' id='word_1_718' title='bbox 2052 3754 2192 3815; x_wconf 85' lang='lat' dir='ltr'>scat,</span> <span class='ocrx_word' id='word_1_719' title='bbox 2256 3745 2470 3823; x_wconf 85' lang='lat' dir='ltr'>ubique</span> <span class='ocrx_word' id='word_1_720' title='bbox 2521 3748 2857 3823; x_wconf 74' lang='lat' dir='ltr'>honoratur,</span> <span class='ocrx_word' id='word_1_721' title='bbox 2920 3745 3130 3823; x_wconf 83' lang='lat' dir='ltr'>ubique</span> <span class='ocrx_word' id='word_1_722' title='bbox 3176 3748 3455 3823; x_wconf 79' lang='lat' dir='ltr'>diligitur.</span> <span class='ocrx_word' id='word_1_723' title='bbox 3522 3754 3601 3806; x_wconf 89' lang='lat' dir='ltr'>En</span> <span class='ocrx_word' id='word_1_724' title='bbox 3655 3754 3755 3823; x_wconf 92' lang='lat' dir='ltr'>qui</span> 
     </span>
    </p>
   </div>
   <div class='ocr_carea' id='block_1_101' title="bbox 2054 3818 3754 3887">
    <p class='ocr_par' dir='ltr' id='par_1_101' title="bbox 2054 3818 3754 3887">
     <span class='ocr_line' id='line_1_103' title="bbox 2054 3818 3754 3887; baseline 0.003 -14"><span class='ocrx_word' id='word_1_725' title='bbox 2054 3836 2183 3873; x_wconf 85' lang='lat' dir='ltr'>eam</span> <span class='ocrx_word' id='word_1_726' title='bbox 2219 3822 2505 3871; x_wconf 87' lang='lat' dir='ltr'>mercatus</span> <span class='ocrx_word' id='word_1_727' title='bbox 2538 3818 2730 3879; x_wconf 90' lang='lat' dir='ltr'>fuerit,</span> <span class='ocrx_word' id='word_1_728' title='bbox 2778 3818 3011 3887; x_wconf 84' lang='lat' dir='ltr'>perenni</span> <span class='ocrx_word' id='word_1_729' title='bbox 3056 3819 3328 3885; x_wconf 84' lang='lat' dir='ltr'>gaudebit</span> <span class='ocrx_word' id='word_1_730' title='bbox 3372 3818 3754 3878; x_wconf 51' lang='lat' dir='ltr'>thesauro-Si</span> 
     </span>
    </p>
   </div>
   <div class='ocr_carea' id='block_1_102' title="bbox 2056 3888 3755 3960">
    <p class='ocr_par' dir='ltr' id='par_1_102' title="bbox 2056 3888 3755 3960">
     <span class='ocr_line' id='line_1_104' title="bbox 2056 3888 3755 3960; baseline 0.002 -17"><span class='ocrx_word' id='word_1_731' title='bbox 2056 3890 2189 3960; x_wconf 91' lang='lat' dir='ltr'>quis</span> <span class='ocrx_word' id='word_1_732' title='bbox 2221 3888 2559 3958; x_wconf 90' lang='lat' dir='ltr'>possederit,</span> <span class='ocrx_word' id='word_1_733' title='bbox 2593 3904 2708 3960; x_wconf 90' lang='lat' dir='ltr'>non</span> <span class='ocrx_word' id='word_1_734' title='bbox 2738 3888 2959 3943; x_wconf 87' lang='lat' dir='ltr'>deticiet</span> <span class='ocrx_word' id='word_1_735' title='bbox 2981 3890 3144 3960; x_wconf 89' lang='lat' dir='ltr'>omni</span> <span class='ocrx_word' id='word_1_736' title='bbox 3192 3891 3362 3944; x_wconf 90' lang='lat' dir='ltr'>bono.</span> <span class='ocrx_word' id='word_1_737' title='bbox 3417 3893 3458 3946; x_wconf 95' lang='grc' dir='ltr'>Ο</span> <span class='ocrx_word' id='word_1_738' title='bbox 3501 3895 3604 3946; x_wconf 85' lang='lat' dir='ltr'>tilii</span> <span class='ocrx_word' id='word_1_739' title='bbox 3642 3896 3755 3948; x_wconf 89' lang='lat' dir='ltr'>ho-</span> 
     </span>
    </p>
   </div>
   <div class='ocr_carea' id='block_1_103' title="bbox 2056 3959 3754 4033">
    <p class='ocr_par' dir='ltr' id='par_1_103' title="bbox 2056 3959 3754 4033">
     <span class='ocr_line' id='line_1_105' title="bbox 2056 3959 3754 4033; baseline 0.004 -20"><span class='ocrx_word' id='word_1_740' title='bbox 2056 3959 2304 4025; x_wconf 81' lang='lat' dir='ltr'>minum,</span> <span class='ocrx_word' id='word_1_741' title='bbox 2351 3960 2498 4033; x_wconf 79' lang='lat' dir='ltr'>hanc</span> <span class='ocrx_word' id='word_1_742' title='bbox 2545 3959 3056 4033; x_wconf 34' lang='lat' dir='ltr'>vobisulucramini</span> <span class='ocrx_word' id='word_1_743' title='bbox 3109 3966 3163 4013; x_wconf 89' lang='lat' dir='ltr'>et</span> <span class='ocrx_word' id='word_1_744' title='bbox 3211 3962 3394 4015; x_wconf 91' lang='lat' dir='ltr'>lucem</span> <span class='ocrx_word' id='word_1_745' title='bbox 3441 3979 3754 4033; x_wconf 90' lang='lat' dir='ltr'>perennem</span> 
     </span>
    </p>
   </div>
   <div class='ocr_carea' id='block_1_104' title="bbox 2059 4029 3280 4100">
    <p class='ocr_par' dir='ltr' id='par_1_104' title="bbox 2059 4029 3280 4100">
     <span class='ocr_line' id='line_1_106' title="bbox 2059 4029 3280 4100; baseline -0.003 -15"><span class='ocrx_word' id='word_1_746' title='bbox 2059 4033 2207 4085; x_wconf 88' lang='lat' dir='ltr'>hanc</span> <span class='ocrx_word' id='word_1_747' title='bbox 2237 4030 2544 4100; x_wconf 89' lang='lat' dir='ltr'>possidete,</span> <span class='ocrx_word' id='word_1_748' title='bbox 2579 4036 2635 4083; x_wconf 90' lang='lat' dir='ltr'>et</span> <span class='ocrx_word' id='word_1_749' title='bbox 2660 4029 2803 4084; x_wconf 90' lang='lat' dir='ltr'>nihil</span> <span class='ocrx_word' id='word_1_750' title='bbox 2833 4030 2988 4083; x_wconf 84' lang='lat' dir='ltr'>vobis</span> <span class='ocrx_word' id='word_1_751' title='bbox 3020 4032 3215 4084; x_wconf 91' lang='lat' dir='ltr'>deerit.</span> <span class='ocrx_word' id='word_1_752' title='bbox 3254 4053 3280 4081; x_wconf 78' lang='grc'><strong>»</strong></span> 
     </span>
    </p>
   </div>
   <div class='ocr_carea' id='block_1_105' title="bbox 2131 4102 3756 4173">
    <p class='ocr_par' dir='ltr' id='par_1_105' title="bbox 2131 4102 3756 4173">
     <span class='ocr_line' id='line_1_107' title="bbox 2131 4102 3756 4173; baseline 0.003 -17"><span class='ocrx_word' id='word_1_753' title='bbox 2131 4103 2238 4171; x_wconf 88' lang='grc'>(30)</span> <span class='ocrx_word' id='word_1_754' title='bbox 2304 4103 2447 4154; x_wconf 88' lang='lat' dir='ltr'>Tunc</span> <span class='ocrx_word' id='word_1_755' title='bbox 2492 4104 2746 4169; x_wconf 86' lang='lat' dir='ltr'>temporis</span> <span class='ocrx_word' id='word_1_756' title='bbox 2793 4117 2914 4155; x_wconf 77' lang='lat' dir='ltr'>vero</span> <span class='ocrx_word' id='word_1_757' title='bbox 2962 4102 3231 4156; x_wconf 81' lang='lat' dir='ltr'>Albaldus</span> <span class='ocrx_word' id='word_1_758' title='bbox 3278 4106 3558 4173; x_wconf 85' lang='lat' dir='ltr'>episcopus</span> <span class='ocrx_word' id='word_1_759' title='bbox 3605 4107 3756 4173; x_wconf 87' lang='lat' dir='ltr'>apud</span> 
     </span>
    </p>
   </div>
   <div class='ocr_carea' id='block_1_106' title="bbox 2058 4173 3755 4241">
    <p class='ocr_par' dir='ltr' id='par_1_106' title="bbox 2058 4173 3755 4241">
     <span class='ocr_line' id='line_1_108' title="bbox 2058 4173 3755 4241; baseline 0.004 -16"><span class='ocrx_word' id='word_1_760' title='bbox 2058 4175 2438 4241; x_wconf 79' lang='lat' dir='ltr'>imperatorem</span> <span class='ocrx_word' id='word_1_761' title='bbox 2488 4174 2797 4227; x_wconf 81' lang='lat' dir='ltr'>Heiuricum</span> <span class='ocrx_word' id='word_1_762' title='bbox 2844 4174 2897 4225; x_wconf 83' lang='lat' dir='ltr'>in</span> <span class='ocrx_word' id='word_1_763' title='bbox 2950 4173 3197 4227; x_wconf 70' lang='lat' dir='ltr'>Saxonia</span> <span class='ocrx_word' id='word_1_764' title='bbox 3245 4176 3583 4241; x_wconf 81' lang='lat' dir='ltr'>morabatur,</span> <span class='ocrx_word' id='word_1_765' title='bbox 3634 4178 3755 4231; x_wconf 88' lang='lat' dir='ltr'>Bal-</span> 
     </span>
    </p>
   </div>
   <div class='ocr_carea' id='block_1_107' title="bbox 1989 4228 3755 4312">
    <p class='ocr_par' dir='ltr' id='par_1_107' title="bbox 1989 4228 3755 4312">
     <span class='ocr_line' id='line_1_109' title="bbox 1989 4228 3755 4312; baseline 0.003 -16"><span class='ocrx_word' id='word_1_766' title='bbox 1989 4228 2231 4297; x_wconf 76' lang='lat' dir='ltr'>Ddei&#39;ic.</span> <span class='ocrx_word' id='word_1_767' title='bbox 2302 4259 2386 4310; x_wconf 88' lang='grc' dir='ltr'>ιιι,</span> <span class='ocrx_word' id='word_1_768' title='bbox 2454 4247 2537 4296; x_wconf 91' lang='grc'>17.</span> <span class='ocrx_word' id='word_1_769' title='bbox 2606 4273 2673 4283; x_wconf 84' lang='lat'>-—</span> <span class='ocrx_word' id='word_1_770' title='bbox 2733 4248 2896 4297; x_wconf 86' lang='lat' dir='ltr'>Anno</span> <span class='ocrx_word' id='word_1_771' title='bbox 2956 4246 3090 4297; x_wconf 89' lang='lat'><strong>1013</strong></span> <span class='ocrx_word' id='word_1_772' title='bbox 3143 4246 3383 4299; x_wconf 72' lang='lat' dir='ltr'>Gruonte</span> <span class='ocrx_word' id='word_1_773' title='bbox 3436 4228 3755 4312; x_wconf 45' lang='lat' dir='ltr'>fuit&#39;O—li—ta</span> 
     </span>
    </p>
   </div>
   <div class='ocr_carea' id='block_1_108' title="bbox 2062 4316 3749 4387">
    <p class='ocr_par' dir='ltr' id='par_1_108' title="bbox 2062 4316 3749 4387">
     <span class='ocr_line' id='line_1_110' title="bbox 2062 4316 3749 4387; baseline 0.003 -19"><span class='ocrx_word' id='word_1_774' title='bbox 2062 4316 2390 4387; x_wconf 76' lang='lat' dir='ltr'>Meinwerci,</span> <span class='ocrx_word' id='word_1_775' title='bbox 2448 4330 2496 4367; x_wconf 91' lang='lat' dir='ltr'>c.</span> <span class='ocrx_word' id='word_1_776' title='bbox 2543 4316 2652 4387; x_wconf 10' lang='lat'><strong>21),;</strong></span> <span class='ocrx_word' id='word_1_777' title='bbox 2703 4331 2753 4368; x_wconf 90' lang='lat' dir='ltr'>a.</span> <span class='ocrx_word' id='word_1_778' title='bbox 2813 4316 2966 4380; x_wconf 88' lang='lat'>1016,</span> <span class='ocrx_word' id='word_1_779' title='bbox 3021 4316 3409 4369; x_wconf 69' lang='lat' dir='ltr'>Dortmanniaa</span> <span class='ocrx_word' id='word_1_780' title='bbox 3469 4318 3655 4387; x_wconf 84' lang='lat' dir='ltr'>(ibid.,</span> <span class='ocrx_word' id='word_1_781' title='bbox 3703 4336 3749 4372; x_wconf 94' lang='lat' dir='ltr'><strong>c.</strong></span> 
     </span>
    </p>
   </div>
   <div class='ocr_carea' id='block_1_109' title="bbox 2066 4385 3794 4459">
    <p class='ocr_par' dir='ltr' id='par_1_109' title="bbox 2066 4385 3794 4459">
     <span class='ocr_line' id='line_1_111' title="bbox 2066 4385 3794 4459; baseline 0.003 -22"><span class='ocrx_word' id='word_1_782' title='bbox 2066 4385 2185 4459; x_wconf 68' lang='grc'>134,</span> <span class='ocrx_word' id='word_1_783' title='bbox 2257 4385 2553 4459; x_wconf 33' lang='grc' dir='ltr'>όὶριηειρ.</span> <span class='ocrx_word' id='word_1_784' title='bbox 2614 4385 2862 4459; x_wconf 80' lang='lat' dir='ltr'>Schaten</span> <span class='ocrx_word' id='word_1_785' title='bbox 2911 4389 3060 4441; x_wconf 74' lang='lat' dir='ltr'>Ann.</span> <span class='ocrx_word' id='word_1_786' title='bbox 3126 4388 3354 4442; x_wconf 85' lang='lat' dir='ltr'>Paderb.</span> <span class='ocrx_word' id='word_1_787' title='bbox 3416 4385 3574 4459; x_wconf 39' lang='lat' dir='ltr'>I,&#39;p.</span> <span class='ocrx_word' id='word_1_788' title='bbox 3628 4391 3794 4456; x_wconf 44' lang='lat'>417,.</span> 
     </span>
    </p>
   </div>
   <div class='ocr_carea' id='block_1_110' title="bbox 2060 4457 3753 4528">
    <p class='ocr_par' dir='ltr' id='par_1_110' title="bbox 2060 4457 3753 4528">
     <span class='ocr_line' id='line_1_112' title="bbox 2060 4457 3753 4528; baseline 0.004 -21"><span class='ocrx_word' id='word_1_789' title='bbox 2060 4458 2199 4528; x_wconf 48' lang='lat'>418;</span> <span class='ocrx_word' id='word_1_790' title='bbox 2266 4458 2542 4528; x_wconf 16' lang='lat' dir='ltr'>a.71018,</span> <span class='ocrx_word' id='word_1_791' title='bbox 2611 4457 2993 4510; x_wconf 71' lang='lat' dir='ltr'>Paderborua:</span> <span class='ocrx_word' id='word_1_792' title='bbox 3063 4459 3140 4523; x_wconf 91' lang='lat' dir='ltr'><strong>(V.</strong></span> <span class='ocrx_word' id='word_1_793' title='bbox 3205 4459 3444 4523; x_wconf 85' lang='lat' dir='ltr'>Meinw.,</span> <span class='ocrx_word' id='word_1_794' title='bbox 3512 4457 3560 4515; x_wconf 71' lang='grc' dir='ltr'>ὁ.</span> <span class='ocrx_word' id='word_1_795' title='bbox 3639 4462 3753 4528; x_wconf 67' lang='grc'>164,</span> 
     </span>
    </p>
   </div>
   <div class='ocr_carea' id='block_1_111' title="bbox 2059 4526 3754 4598">
    <p class='ocr_par' dir='ltr' id='par_1_111' title="bbox 2059 4526 3754 4598">
     <span class='ocr_line' id='line_1_113' title="bbox 2059 4526 3754 4598; baseline 0.004 -18"><span class='ocrx_word' id='word_1_796' title='bbox 2059 4526 2299 4580; x_wconf 89' lang='lat' dir='ltr'>Schaten</span> <span class='ocrx_word' id='word_1_797' title='bbox 2332 4527 2375 4589; x_wconf 88' lang='grc' dir='ltr'>Ι,</span> <span class='ocrx_word' id='word_1_798' title='bbox 2416 4542 2475 4598; x_wconf 89' lang='lat' dir='ltr'><strong>p.</strong></span> <span class='ocrx_word' id='word_1_799' title='bbox 2528 4528 2675 4597; x_wconf 69' lang='lat'><strong>429);</strong></span> <span class='ocrx_word' id='word_1_800' title='bbox 2726 4546 2777 4581; x_wconf 91' lang='lat' dir='ltr'>a.</span> <span class='ocrx_word' id='word_1_801' title='bbox 2832 4530 2988 4595; x_wconf 89' lang='lat'>1019,</span> <span class='ocrx_word' id='word_1_802' title='bbox 3049 4529 3315 4583; x_wconf 84' lang='lat' dir='ltr'>Goslariae</span> <span class='ocrx_word' id='word_1_803' title='bbox 3370 4531 3456 4598; x_wconf 92' lang='lat' dir='ltr'><strong>(V.</strong></span> <span class='ocrx_word' id='word_1_804' title='bbox 3506 4526 3754 4597; x_wconf 85' lang='lat' dir='ltr'>Meinw.,</span> 
     </span>
    </p>
   </div>
   <div class='ocr_carea' id='block_1_112' title="bbox 2060 4597 3755 4670">
    <p class='ocr_par' dir='ltr' id='par_1_112' title="bbox 2060 4597 3755 4670">
     <span class='ocr_line' id='line_1_114' title="bbox 2060 4597 3755 4670; baseline 0.005 -22"><span class='ocrx_word' id='word_1_805' title='bbox 2060 4600 2297 4670; x_wconf 18' lang='lat' dir='ltr'>c.4165&quot;,</span> <span class='ocrx_word' id='word_1_806' title='bbox 2346 4597 2588 4650; x_wconf 88' lang='lat' dir='ltr'>Schaten</span> <span class='ocrx_word' id='word_1_807' title='bbox 2656 4615 2711 4667; x_wconf 94' lang='lat' dir='ltr'>p.</span> <span class='ocrx_word' id='word_1_808' title='bbox 2772 4599 2918 4668; x_wconf 84' lang='grc'>432),</span> <span class='ocrx_word' id='word_1_809' title='bbox 2976 4604 3175 4670; x_wconf 89' lang='lat' dir='ltr'>postea</span> <span class='ocrx_word' id='word_1_810' title='bbox 3234 4597 3755 4657; x_wconf 85' lang='lat' dir='ltr'>Ermeneswerethe</span> 
     </span>
    </p>
   </div>
   <div class='ocr_carea' id='block_1_113' title="bbox 2062 4667 2721 4735">
    <p class='ocr_par' dir='ltr' id='par_1_113' title="bbox 2062 4667 2721 4735">
     <span class='ocr_line' id='line_1_115' title="bbox 2062 4667 2721 4735; baseline -0.002 -15"><span class='ocrx_word' id='word_1_811' title='bbox 2062 4667 2216 4734; x_wconf 76' lang='lat' dir='ltr'>(Vita</span> <span class='ocrx_word' id='word_1_812' title='bbox 2247 4669 2461 4720; x_wconf 83' lang='lat' dir='ltr'>Meinw.</span> <span class='ocrx_word' id='word_1_813' title='bbox 2496 4683 2544 4719; x_wconf 93' lang='lat' dir='ltr'>c.</span> <span class='ocrx_word' id='word_1_814' title='bbox 2582 4670 2721 4735; x_wconf 80' lang='lat'><strong>173).</strong></span> 
     </span>
    </p>
   </div>
   <div class='ocr_carea' id='block_1_114' title="bbox 2063 4736 3755 4857">
    <p class='ocr_par' dir='ltr' id='par_1_114' title="bbox 2063 4736 3755 4857">
     <span class='ocr_line' id='line_1_116' title="bbox 2063 4736 3755 4857; baseline 0.008 -72"><span class='ocrx_word' id='word_1_815' title='bbox 2063 4805 2074 4816; x_wconf 44' lang='lat'>.</span> <span class='ocrx_word' id='word_1_816' title='bbox 2126 4737 2235 4857; x_wconf 52' lang='lat'><strong>((131)</strong></span> <span class='ocrx_word' id='word_1_817' title='bbox 2293 4736 2409 4857; x_wconf 62' lang='lat' dir='ltr'>_(t)ui</span> <span class='ocrx_word' id='word_1_818' title='bbox 2466 4753 2660 4791; x_wconf 90' lang='lat' dir='ltr'>secum</span> <span class='ocrx_word' id='word_1_819' title='bbox 2720 4737 3034 4792; x_wconf 81' lang='lat' dir='ltr'>Adelboldo</span> <span class='ocrx_word' id='word_1_820' title='bbox 3090 4739 3421 4794; x_wconf 83' lang='lat' dir='ltr'>convenisse</span> <span class='ocrx_word' id='word_1_821' title='bbox 3467 4757 3755 4814; x_wconf 91' lang='lat' dir='ltr'>nusquam</span> 
     </span>
     <span class='ocr_line' id='line_1_117' title="bbox 2063 4821 2499 4857; baseline 0 0"><span class='ocrx_word' id='word_1_822' title='bbox 2063 4821 2119 4857; x_wconf 80' lang='lat' dir='ltr'>1n</span> <span class='ocrx_word' id='word_1_823' title='bbox 2168 4821 2307 4857; x_wconf 79' lang='lat' dir='ltr'>lcaVl</span> <span class='ocrx_word' id='word_1_824' title='bbox 2340 4848 2351 4857; x_wconf 89' lang='lat'>.</span> <span class='ocrx_word' id='word_1_825' title='bbox 2492 4832 2499 4837; x_wconf 90' lang='lat'><strong>-</strong></span> 
     </span>
    </p>
   </div>
   <div class='ocr_carea' id='block_1_115' title="bbox 2058 4812 2499 4859">
    <p class='ocr_par' dir='ltr' id='par_1_115' title="bbox 2058 4812 2499 4859">
     <span class='ocr_line' id='line_1_118' title="bbox 2058 4812 2499 4859; baseline 0.005 0"><span class='ocrx_word' id='word_1_826' title='bbox 2058 4812 2351 4859; x_wconf 81' lang='lat' dir='ltr'>indicavit.</span> <span class='ocrx_word' id='word_1_827' title='bbox 2492 4832 2499 4837; x_wconf 85' lang='lat'><strong>-</strong></span> 
     </span>
    </p>
   </div>
   <div class='ocr_carea' id='block_1_116' title="bbox 2130 4875 2759 4948">
    <p class='ocr_par' dir='ltr' id='par_1_116' title="bbox 2130 4875 2759 4948">
     <span class='ocr_line' id='line_1_119' title="bbox 2130 4875 2759 4948; baseline 0.005 -20"><span class='ocrx_word' id='word_1_828' title='bbox 2130 4877 2245 4939; x_wconf 88' lang='grc'>(32)</span> <span class='ocrx_word' id='word_1_829' title='bbox 2272 4875 2569 4930; x_wconf 84' lang='lat' dir='ltr'>Adelboldi</span> <span class='ocrx_word' id='word_1_830' title='bbox 2600 4877 2759 4948; x_wconf 73' lang='lat' dir='ltr'>praef.</span> 
     </span>
    </p>
   </div>
   <div class='ocr_carea' id='block_1_117' title="bbox 2130 4947 3755 5022">
    <p class='ocr_par' dir='ltr' id='par_1_117' title="bbox 2130 4947 3755 5022">
     <span class='ocr_line' id='line_1_120' title="bbox 2130 4947 3755 5022; baseline 0.003 -21"><span class='ocrx_word' id='word_1_831' title='bbox 2130 4947 2240 5022; x_wconf 86' lang='lat'><strong>(33)</strong></span> <span class='ocrx_word' id='word_1_832' title='bbox 2268 4948 2311 5022; x_wconf 75' lang='grc' dir='ltr'>Ι.</span> <span class='ocrx_word' id='word_1_833' title='bbox 2343 4949 2397 5022; x_wconf 26' lang='grc'>5,.</span> <span class='ocrx_word' id='word_1_834' title='bbox 2432 4947 2669 5001; x_wconf 60' lang='grc' dir='ltr'>Εοοιιῐιθει</span> <span class='ocrx_word' id='word_1_835' title='bbox 2702 4963 2830 5022; x_wconf 62' lang='lat' dir='ltr'>quas</span> <span class='ocrx_word' id='word_1_836' title='bbox 2880 4948 2950 5003; x_wconf 91' lang='lat' dir='ltr'>de</span> <span class='ocrx_word' id='word_1_837' title='bbox 2998 4948 3755 5022; x_wconf 25' lang='lat' dir='ltr'>expeditionehBurgnndica</span> 
     </span>
    </p>
   </div>
   <div class='ocr_carea' id='block_1_118' title="bbox 2060 5018 3753 5094">
    <p class='ocr_par' dir='ltr' id='par_1_118' title="bbox 2060 5018 3753 5094">
     <span class='ocr_line' id='line_1_121' title="bbox 2060 5018 3753 5094; baseline 0.003 -23"><span class='ocrx_word' id='word_1_838' title='bbox 2060 5035 2111 5071; x_wconf 93' lang='lat' dir='ltr'>a.</span> <span class='ocrx_word' id='word_1_839' title='bbox 2151 5021 2284 5094; x_wconf 78' lang='lat'>1016</span> <span class='ocrx_word' id='word_1_840' title='bbox 2324 5018 2608 5094; x_wconf 32' lang='lat' dir='ltr'>A‘lpertus,</span> <span class='ocrx_word' id='word_1_841' title='bbox 2633 5020 2820 5094; x_wconf 26' lang='lat'>‘11,”,</span> <span class='ocrx_word' id='word_1_842' title='bbox 2862 5018 3079 5086; x_wconf 81' lang='lat' dir='ltr'>narrat,</span> <span class='ocrx_word' id='word_1_843' title='bbox 3129 5020 3199 5072; x_wconf 89' lang='lat' dir='ltr'>ab</span> <span class='ocrx_word' id='word_1_844' title='bbox 3241 5018 3556 5076; x_wconf 63' lang='lat' dir='ltr'>Adelboldo</span> <span class='ocrx_word' id='word_1_845' title='bbox 3606 5039 3753 5094; x_wconf 71' lang='lat' dir='ltr'>pras-</span> 
     </span>
    </p>
   </div>
   <div class='ocr_carea' id='block_1_119' title="bbox 2058 5089 3023 5159">
    <p class='ocr_par' dir='ltr' id='par_1_119' title="bbox 2058 5089 3023 5159">
     <span class='ocr_line' id='line_1_122' title="bbox 2058 5089 3023 5159; baseline 0 -15"><span class='ocrx_word' id='word_1_846' title='bbox 2058 5089 2317 5144; x_wconf 83' lang='lat' dir='ltr'>termissa</span> <span class='ocrx_word' id='word_1_847' title='bbox 2352 5089 2527 5142; x_wconf 89' lang='lat' dir='ltr'>fuisse</span> <span class='ocrx_word' id='word_1_848' title='bbox 2558 5090 2738 5144; x_wconf 87' lang='lat' dir='ltr'>videri</span> <span class='ocrx_word' id='word_1_849' title='bbox 2767 5096 3023 5159; x_wconf 90' lang='lat' dir='ltr'>possunt.</span> 
     </span>
    </p>
   </div>
   <div class='ocr_carea' id='block_1_120' title="bbox 2131 5159 3502 5231">
    <p class='ocr_par' dir='ltr' id='par_1_120' title="bbox 2131 5159 3502 5231">
     <span class='ocr_line' id='line_1_123' title="bbox 2131 5159 3502 5231; baseline 0.003 -18"><span class='ocrx_word' id='word_1_850' title='bbox 2131 5159 2241 5230; x_wconf 75' lang='grc'>(34)</span> <span class='ocrx_word' id='word_1_851' title='bbox 2268 5160 2349 5215; x_wconf 87' lang='lat' dir='ltr'>Cf.</span> <span class='ocrx_word' id='word_1_852' title='bbox 2384 5160 2636 5214; x_wconf 86' lang='lat' dir='ltr'>Leibnitz</span> <span class='ocrx_word' id='word_1_853' title='bbox 2664 5160 2761 5215; x_wconf 88' lang='lat' dir='ltr'>SS.</span> <span class='ocrx_word' id='word_1_854' title='bbox 2799 5161 2865 5215; x_wconf 85' lang='lat' dir='ltr'>R.</span> <span class='ocrx_word' id='word_1_855' title='bbox 2904 5162 2995 5215; x_wconf 89' lang='lat' dir='ltr'>Br.</span> <span class='ocrx_word' id='word_1_856' title='bbox 3024 5160 3093 5226; x_wconf 86' lang='lat' dir='ltr'>II,</span> <span class='ocrx_word' id='word_1_857' title='bbox 3124 5160 3287 5222; x_wconf 69' lang='lat' dir='ltr'>praef.</span> <span class='ocrx_word' id='word_1_858' title='bbox 3322 5177 3379 5231; x_wconf 91' lang='lat' dir='ltr'><strong>p.</strong></span> <span class='ocrx_word' id='word_1_859' title='bbox 3418 5165 3502 5217; x_wconf 90' lang='lat'><strong>19.</strong></span> 
     </span>
    </p>
   </div>
  </div>
