4014 6200
318 212 445 267 1091

1399 199 1791 255 ADELBOLDI
1835 195 2354 254 TRAJECTENSIS
2392 195 2725 252 EPISCOPI.

3683 199 3704 250 1
3716 198 3824 250 092

1617 501 2516 608 ADELBOLDI

761 743 1150 874 VITA
1227 742 1346 875 S.
1460 741 2130 870 HENBICI
2230 733 3358 868 IMPERATORIS.

948 995 1039 1066 (V.
1075 997 1135 1050 in
1160 996 1218 1051 S.
1252 996 1478 1049 Henrico
1509 996 1641 1063 imp.
1685 993 1760 1048 ad
1787 1008 1990 1048 annum
2023 992 2180 1060 1024,
2207 1006 2399 1062 supra,
2429 989 2594 1060 hujus
2623 991 2914 1046 voluminis
2943 990 3041 1045 col.
3073 989 3187 1054 87.)

1531 1295 2600 1402 ADELBOLDUS

874 1537 1290 1667 VITA
1411 1532 2102 1665 SANCTfE
2221 1515 3382 1668 WALBURGIS.‘35)

338 1792 504 1864 Apud
536 1791 788 1846 Bolland.
823 1789 964 1866 Acta
991 1792 1302 1866 sanctorum“
1347 1786 1650 1866 Februarii
1668 1791 1816 1866 tom.
1867 1786 2107 1866 Ill._die
2138 1788 2227 1852 ‘25,
2278 1802 2524 1866 ex__mss.
2576 1785 2887 1866 Ultraject.‘
2921 1789 2978 1866 et
3021 1784 3203 1866 tribus
3249 1783 3395 1866 aliis.
3443 1784 3654 1838 collata
3693 1801 3828 1839 cum

869 1859 1208 1928 Capgravio,
1242 1858 1487 1911 Historia
1514 1857 1872 1924 Sanctorum,
1903 1863 2036 1911 ante
2063 1874 2245 1911 annos
2281 1860 2380 1911 175
2413 1873 2615 1911 excusa
2645 1857 2809 1911 Surio
2840 1861 2896 1910 et
2921 1857 3268 1924 Breviariis.)

879 2128 1104 2183 CAPUT
1145 2127 1434 2182 PRIMUM.
1577 2181 1586 2190 ,

420 2220 582 2276 Gesta
609 2219 670 2272 S.
710 2217 1046 2284 Walburgis,
1079 2217 1276 2282 obitus,
1309 2217 1546 2284 corporis
1588 2215 1900 2269 translatio.

387 2313 434 2363 1.
473 2309 779 2378 Postquam
810 2306 922 2359 Deo
951 2305 1120 2358 chara
1143 2304 1458 2370 Anglorum
1480 2301 1636 2355 natio
1665 2317 1770 2372 per
1798 2317 2012 2356 memo-

311 2390 481 2446 randi
511 2389 767 2460 Gregorii
787 2402 951 2458 papa
977 2387 1362 2456 apostolatum
1391 2403 1424 2439 a
1455 2385 1792 2455 gentilitatis
1818 2400 2012 2438 errore

315 2481 384 2535 ad
415 2476 863 2534 Christianitatis
911 2475 1210 2529 veritatem
1261 2489 1532 2528 conversa
1578 2477 1683 2535 est,
1729 2472 1896 2526 multi
1941 2473 2012 2528 ob

314 2567 554 2624 calestis
581 2566 704 2637 spei
732 2563 1255 2619 remunerationem
1279 2578 1342 2616 ex
1371 2576 1569 2614 eorum
1595 2575 1837 2613 numero
1862 2560 2014 2612 ultra

314 2657 664 2712 maritimam
691 2652 936 2726 patriam
970 2669 1150 2723 usque
1182 2652 1254 2705 ad
1283 2650 1395 2720 (36)
1431 2651 1778 2704 Francorum
1809 2663 2011 2718 perve-

312 2750 525 2800 nerunt
547 2743 880 2814 imperium.
914 2743 987 2795 Ex
1022 2741 1233 2811 quibus
1262 2738 1584 2793 Bonifacius
1602 2742 1849 2804 sanctus,
1875 2737 2013 2790 dum

313 2834 422 2907 (37)
455 2835 568 2888 huc
596 2832 657 2886 in
682 2831 1051 2902 peregrinam
1083 2827 1434 2900 pervenisset
1464 2825 1817 2896 provinciam
1849 2823 2013 2895 quasi

299 2923 564 2986 nativam
593 2921 832 2991 adeptus
863 2923 949 2974 est
973 2917 1082 2973 sibi
1111 2916 1382 2988 patriam,
1407 2917 1544 2971 dum
1569 2916 1682 2985 (38)
1701 2913 2015 2984 Moguntia—

311 3011 495 3068 censis
533 3011 873 3082 praesulatus
904 3007 976 3062 ob
1006 3023 1109 3060 sua
1159 3006 1366 3060 merita
1409 3006 1649 3074 adeptus
1693 3008 1777 3056 est
1819 3003 2010 3056 cathe-

315 3103 496 3156 dram.
532 3100 609 3152 Ex
635 3098 890 3168 ejusdem
914 3112 1144 3166 quoque
1172 3095 1286 3164 (39)
1303 3093 1624 3163 Angliensis
1648 3092 1853 3145 insula
1875 3091 2013 3144 silva

311 3192 703 3261 proruperunt
732 3186 842 3238 huc
855 3184 924 3238 ad
941 3199 1046 3236 nos
1063 3188 1172 3236 tres
1185 3181 1608 3235 fecundissima
1631 3180 1883 3238 arbores,
1899 3179 2012 3232 duo

312 3276 574 3332 videlicet
614 3272 828 3327 uterini
876 3271 1083 3324 fratres
1115 3268 1472 3322 Williboldus
1503 3273 1562 3321 ut
1590 3266 2010 3332 Winniboldus,

313 3379 445 3419 cum
477 3363 592 3417 Deo
623 3366 678 3415 et
707 3359 1039 3414 hominibus
1067 3373 1264 3411 sorore
1302 3356 1636 3410 charissima
1667 3355 2006 3424 Walburga:

314 3467 564 3525 quorum
611 3449 788 3521 prior,
821 3445 1178 3501 Williboldus
1229 3445 1467 3513 scilicet,
1499 3444 1801 3498 ordinante
1845 3444 2008 3498 illum

312 3540 648 3614 prascripto
683 3536 992 3604 Bonifacio,
1036 3535 1108 3590 ad
1155 3533 1536 3604 Heystatensis
1581 3534 1839 3587 Ecclesia
1872 3549 2003 3603 pro-

313 3637 502 3686 motus
534 3633 619 3684 est
646 3625 1009 3699 pontiﬁcium
1042 3641 1056 3678 :
1088 3624 1286 3695 ibique
1317 3622 1634 3692 angelicam
1677 3621 1850 3676 vitam
1879 3639 2010 3692 per-

313 3722 545 3787 ducens,
595 3717 833 3772 tandem
879 3712 1205 3768 beatissime
1253 3712 1414 3779 abiit,
1464 3727 1580 3764 non
1635 3711 1798 3765 obiit.
1855 3711 2011 3764 Alter

310 3827 444 3865 vero
474 3813 658 3862 totum
695 3821 753 3858 se
783 3802 993 3859 Christi
1024 3800 1252 3856 servitio
1298 3799 1655 3868 mancipans,
1688 3797 2010 3851 mundana-

312 3915 426 3971 que
484 3895 682 3951 omnia
739 3892 996 3948 funditus
1047 3905 1346 3960 respuens,
1402 3890 1610 3955 locum,
1653 3886 1755 3957 qui
1805 3885 2012 3940 dicitur

313 3985 706 4059 Heydanhem,
737 3981 844 4036 sibi
873 3981 946 4034 ad
976 3978 1340 4033 incolendum
1371 3976 1562 4046 elegit.
1599 3975 1798 4046 Ibique
1825 3974 2011 4028 conti-

312 4075 443 4130 nuis
475 4071 830 4127 orationibus
859 4068 1137 4129 munitus,
1170 4082 1268 4138 spe
1299 4065 1627 4132 roboratus,
1672 4063 1781 4118 ﬁde
1823 4079 2010 4117 arma-

312 4169 426 4229 tus,
458 4161 740 4227 eamdem,
777 4173 950 4230 quam
980 4172 1111 4210 cum
1150 4155 1345 4219 fratre,
1380 4152 1772 4207 monachicam
1823 4167 2012 4205 susce-

311 4256 478 4323 perat
509 4247 1021 4312 conversationem,
1054 4242 1446 4298 strenuissime
1479 4256 1658 4312 usque
1689 4241 1762 4295 ad
1793 4240 2010 4295 exitum

313 4341 524 4395 anima
555 4338 762 4392 ﬁniens
791 4335 1002 4388 multos
1031 4337 1160 4404 post
1210 4347 1269 4385 se
1314 4331 1421 4401 (40)
1469 4331 1539 4386 ad
1590 4330 1736 4384 bene
1785 4329 2012 4384 vivendi

314 4406 576 4498 regulam
600 4426 846 4496 pravius
875 4423 1206 4476 exhortatus
1231 4424 1335 4474 est.

387 4583 497 4656 (35)
534 4581 774 4656 Titulus‘
797 4580 856 4635 in
902 4594 1006 4656 ms.
1057 4581 1254 4656 nostro
1303 4575 1668 4656 praﬁgitur;
1707 4573 2013 4656 Vita__beq-

2048 2130 2092 2183 A
2195 2131 2246 2182 2.
2282 2129 2412 2181 Post
2454 2128 2561 2193 (41)
2612 2127 2824 2181 horum
2856 2143 2988 2180 vero
3034 2127 3344 2182 discessum
3394 2144 3555 2182 soror
3586 2145 3819 2185 eorum-

2123 2217 2275 2282 dem,
2319 2217 2492 2270 totius
2553 2215 2788 2269 feminei
2851 2231 3015 2269 sexus
3062 2216 3234 2270 decus
3284 2221 3415 2287 post
3460 2217 3513 2272 S.
3563 2218 3821 2283 Mariam,

2122 2305 2491 2374 Waldburga,
2545 2304 3002 2374 quibuscumque
3049 2305 3238 2374 potuit
3267 2321 3327 2358 se
3356 2304 3638 2360 imitabile
3670 2323 3825 2376 pra-

2120 2393 2261 2447 bens
2293 2393 2644 2462 exemplum,
2678 2392 2863 2446 eidem
2895 2393 3170 2462 puellaris
3201 2398 3438 2447 caterva
3470 2396 3826 2449 monasterio

2119 2480 2179 2534 in
2213 2480 2448 2550 prafato
2479 2481 2600 2534 loco
2633 2480 3005 2550 Heydenhem
3054 2479 3372 2549 prastituta
3423 2486 3510 2535 est
3551 2482 3827 2536 materfa-

2123 2569 2330 2635 milias,
2365 2569 2434 2623 ad
2460 2569 2654 2623 omnia
2679 2586 2806 2639 qua
2839 2586 2870 2622 a
2904 2568 3126 2623 Christo
3157 2575 3418 2640 posceret
3442 2587 3673 2642 semper
3702 2571 3828 2625 effi-

2121 2658 2433 2712 cacissima.
2472 2658 2720 2728 Contigit
2750 2657 2958 2712 ibidem
2987 2658 3281 2728 quondam
3323 2659 3648 2728 vespertina
3680 2660 3830 2714 hora

2121 2753 2372 2816 peracta,
2434 2751 2750 2802 revertente
2799 2745 2903 2800 hac
2954 2746 3079 2817 ipsa
3125 2747 3196 2800 de
3247 2746 3485 2800 ecclesia
3531 2747 3606 2802 ad
3652 2765 3828 2802 suum

2122 2835 2535 2901 habitaculum,
2571 2837 2631 2888 ut
2663 2834 2898 2905 quidam
2931 2833 3179 2888 ecclesia
3199 2835 3456 2904 ejusdem
3484 2840 3672 2889 custos
3693 2837 3825 2907 (42),

2123 2921 2557 2975 Gnomerandus
2586 2922 2842 2987 nomine,
2883 2922 3289 2992 ingruentibus
3338 2923 3520 2977 noctis
3569 2925 3829 2978 tenebris

2122 3009 2338 3080 petenti
2374 3009 2699 3080 Walburga
2729 3010 2928 3063 lumen
2949 3009 3058 3064 sibi
3089 3010 3367 3080 pravium
3398 3011 3610 3065 stultus
3641 3011 3830 3066 dene-

2123 3103 2303 3168 garet.
2366 3097 2450 3151 Ad
2505 3114 2676 3169 quam
2726 3097 3000 3168 injuriam
3060 3097 3508 3169 insuperabilem
3567 3101 3830 3154 retinens

2120 3186 2478 3256 patientiam,
2522 3192 2740 3252 cauata
2777 3186 3303 3241 sanctimonialium
3348 3190 3655 3256 catervula,
3690 3204 3829 3258 per-

2122 3275 2376 3346 actisque
2408 3275 2618 3329 divinis
2660 3275 2945 3342 laudibus,
3001 3276 3405 3330 dormitorium
3451 3276 3615 3330 adiit.
3663 3277 3830 3332 Tunc

2124 3379 2253 3417 mox
2280 3364 2493 3417 mirum
2520 3365 2580 3416 in
2606 3364 2839 3417 modum
2863 3363 3077 3417 ibidem
3111 3369 3269 3417 tanta
3303 3364 3538 3418 luminis
3568 3365 3825 3435 ﬂagran-

2122 3452 2202 3507 tia
2233 3452 2458 3514 enituit,
2493 3457 2557 3505 ut
2587 3451 2842 3521 ejusdem
2887 3451 3165 3506 domicilii
3203 3452 3592 3522 pavimentum
3641 3469 3826 3523 pene-

2123 3545 2274 3594 trare
2304 3539 2614 3606 videretur,
2650 3546 2706 3593 et
2734 3539 2812 3593 sic
2844 3556 3028 3610 usque
3079 3540 3150 3594 ad
3197 3540 3479 3594 matutina
3504 3543 3830 3610 permansit

2122 3628 2424 3699 praconia.
2486 3628 2860 3698 Stupentibus
2897 3628 3032 3683 hinc
3079 3629 3349 3683 omnibus
3418 3631 3530 3683 Deo
3583 3632 3827 3686 sacratis

2121 3715 2462 3787 virginibus,
2485 3721 2544 3770 et
2565 3715 2982 3770 exsultantibus
3012 3717 3084 3770 ad
3114 3717 3563 3787 religiosissima
3595 3719 3828 3772 matris.

2121 3805 2362 3858 familias
2427 3805 2696 3858 lectulum
2763 3804 3253 3870 concurrentibus,
3313 3806 3514 3871 illique
3577 3807 3830 3862 caelestis

2121 3892 2360 3963 fulgoris
2405 3892 2854 3947 immensitatem
2910 3892 3356 3960 insinuantibus,
3405 3895 3500 3948 illa
3543 3911 3824 3964 prorum-

2121 3998 2262 4053 pens
2304 3981 2364 4035 in
2407 3981 2706 4051 lacrymas,
2735 3981 3044 4036 sublevatis
3073 3981 3144 4036 ad
3177 3983 3356 4036 Deum
3388 3983 3567 4036 oculis
3598 3989 3654 4037 et
3697 4000 3825 4038 ma-

2122 4070 2292 4124 nibus
2321 4069 2465 4125 dixit
2497 4086 2509 4124 :
2541 4070 2684 4138 Tibi,
2723 4071 2963 4124 Domine
2991 4072 3120 4125 Jesu
3153 4071 3393 4138 Christe,
3441 4071 3533 4126 cui
3582 4072 3828 4128 humilis

2122 4157 2327 4211 ancilla
2373 4173 2409 4210 a
2452 4157 2754 4212 cunabulis
2796 4157 3007 4212 servire
3046 4159 3290 4226 decrevi,
3342 4159 3412 4213 de
3461 4160 3570 4214 hoc
3614 4161 3828 4215 collato

2122 4260 2362 4300 munere
2391 4245 2602 4316 gratias
2650 4261 2781 4315 ago,
2822 4246 2922 4316 qui
2969 4247 3035 4300 ad
3086 4245 3428 4300 exercendas
3478 4247 3827 4302 ancillarum

2122 4337 2352 4387 tuarum
2396 4333 2538 4387 mihi
2579 4333 2990 4387 coharentium
3021 4339 3242 4388 mentes
3272 4350 3364 4388 me
3396 4334 3702 4406 indignam
3736 4337 3828 4390 lu-

2123 4421 2296 4476 minis
2322 4423 2408 4476 tui
2433 4422 2796 4493 adjuvamine
2830 4421 3110 4477 consolari
3141 4421 3410 4493 dignatus
3446 4440 3529 4490 es,
3573 4425 3829 4495 tetrique

2122 4579 2483 4654 Moguntina:
2527 4595 2707 4654 eaque
2759 4580 2896 4654 urbs
2950 4585 3072 4634 tum
3125 4580 3830 4654 metropolis

316 4647 541 4745 tissime
602 4669 666 4708 ac
734 4653 846 4707 Deo
920 4650 1284 4705 dilectissima
1346 4663 1409 4702 ac
1480 4647 1784 4716 paradoxa
1857 4647 2006 4702 Wai-
2047 4689 2086 4745 Ο
2119 4647 2537 4745 gpiiellabaturl.
2595 4647 2837 4745 Cogsule
2887 4656 3066 4745 n‘qtat.
3249 4647 3458 4706 Sérarii
3514 4651 3588 4707 ad
3635 4651 3826 4706 Vitam

318 4727 851 4868 buggfrancorum
879 4793 1168 4868 imperium
1207 4791 1342 4868 late“
1372 4787 1621 4868 sumitur
1665 4802 1772 4868 pro
1809 4787 2008 4868 ρωπί-

314 4858 422 4924 bus
463 4858 973 4939 ditionibusqua—
1002 4860 1258 4939 d‘ominio
1305 4859 1494 4939 Carolni
1532 4858 2010 4939 Magninejusque

2119 4723 2172 4777 S.
2212 4722 2482 4776 Bonifacii
2518 4724 2552 4777 l.
2586 4739 2648 4776 ιιι
2675 4723 2887 4777 Rerum
2914 4722 3422 4792 Moguntiacarum.

2192 4795 2301 4862 (39)
2336 4794 2465 4847 Mss.
2493 4793 2706 4864 aliqua,
2735 4793 3057 4858 Anglensis.

2192 4864 2307 4934 (40)
2337 4864 2402 4918 In
2443 4879 2548 4917 ms.
2591 4862 2744 4918 ’Ultr.
2793 4871 2852 4918 et
2905 4869 2958 4918 ‘2.
3016 4865 3203 4924 Trev..
3250 4862 3325 4918 ad
3371 4864 3498 4917 bene
3530 4863 3832 4918 vivendum

314 4947 676 5012 posterorum
728 4929 972 4990 subdita
1024 4933 1252 4988 fuerant
1297 4947 1402 5002 per
1451 4930 1677 4997 Gallias,
1727 4929 2009 5000 Belgium,

317 5010 704 5066 Germaniam.

2116 4937 2360 5020 praemiis
2390 4937 2728 5020 exhortatus,
2781 4940 2840 5015 at
2878 4939 3117 5020 pragpius
3173 4936 3233 4988 in
3267 4934 3580 5020 tegenda.
3605 4935 3826 4988 Lovan.

388 5010 704 5065 :rmaniam.
2123 5006 2321 5059 Surius
2354 5011 2569 5059 mutato
2602 5007 2745 5075 stylo
2779 5006 2858 5059 ita
2888 5006 3084 5059 scribit
3116 5021 3131 5058 :
3165 5006 3464 5074 multosque
3489 5007 3606 5059 suis
3642 5020 3797 5059 axem

388 5081 594 5157 (37)-S.
645 5078 983 5157 Bonifacius
1007 5074 1196 5157 primo
1227 5072 1286 5126 in
1323 5071 1578 5157 Frisiamn
1604 5070 1860 5157 appulit,_
1889 5074 2011 5152 tum
2117 5077 2237 5157 ptis.
2259 5076 2486 5157 {id-bene
2511 5076 2732 5156 uiuendi
2753 5076 2997 5130 studium
3023 5075 3316 5157 perduxit:
3438 5150 3446 5157 ι
3507 5145 3524 5157 .
3619 5145 3654 5157 ι.
3750 5147 3784 5157 η

318 5143 545 5207 Francis
573 5143 908 5220 subjectam,
934 5143 1108 5218 atque
1139 5151 1254 5199 tres
1283 5159 1464 5197 annos
1518 5143 1692 5213 (Beka
1739 5143 2012 5196 tredecim

318 5222 551 5273 scribitl-
604 5225 943 5273 coonerator
968 5217 1024 5272 S.
1072 5214 1418 5269 Willibrordi
1469 5213 1527 5266 in
1569 5213 1797 5267 diacesi
1831 5213 2012 5266 Ultra-

2194 5146 2297 5216 (46)
2328 5147 2408 5200 Ita
2438 5146 2632 5200 omnia
2685 5163 2818 5200 mss.
2871 5163 3002 5200 cum
3023 5143 3356 5217 'Capgravio
3400 5150 3458 5199 et
3505 5145 3830 5200 Lectionib.

2192 5233 2285 5271 'ev.
2334 5218 2532 5271 Morin.
2578 5217 2645 5271 Al
2692 5217 2890 5272 Surius
2928 5218 3008 5271 ita
3048 5218 3335 5271 correxit:
3372 5218 3474 5271 Ubi
3499 5231 3625 5271 vero
3669 5219 3834 5273 Win-

316 5222 551 5294 scribit),
604 5214 943 5291 cooperator
968 5214 1032 5272 S.'
1072 5214 1418 5269 Willibrordi
1469 5214 1527 5266 in
1569 5214 1797 5293 diacesi
1831 5214 2012 5294 Ultra-
2126 5214 2285 5271 Brev.
2334 5218 2532 5271 Morin.
2578 5217 2645 5271 ΑΙ
2692 5217 2890 5272 Surius
2928 5218 3008 5271 ita
3048 5214 3335 5271 correxit:
3372 5218 3474 5271 Ubi
3499 5231 3625 5271 vero
3669 5219 3834 5273 Win-

311 5293 531 5374 jectina
573 5298 629 5347 et
687 5291 995 5346 Frisiorum
1041 5285 1411 5342 conversione
1457 5285 1731 5338 laboravit
1766 5299 1779 5337 :
1812 5284 2016 5337 colitur
2122 5287 2375 5374 ηίὸρζᾳιιε
2428 5291 2732 5374 excessit"?
2785 5290 2962 5374 2593's,.
3003 5289 3230 5374 feminei
3280 5303 3462 5355 scmus,
3514 5293 3621 5342 etc.
3686 5289 3840 5342 con.

320 5359 350 5417 ὃ
381 5364 556 5420 Junii.
2127 5360 2302 5413 sentit
2331 5359 2392 5412 in
2424 5360 2614 5429 priore
2645 5359 2772 5413 Vita
2801 5359 3189 5413 Wolfhardus.

389 5437 500 5507 (38)
547 5435 752 5507 Fuerat
799 5429 1075 5507 plurimis
1108 5425 1622 5507 annis‘episcopus
1647 5424 1740 5507 ad
1779 5439 2014 5507 conver-
2197 5429 2314 5507 (421
2339 5431 2501 5498 Aliis,
2535 5430 2908 5487 Gaumeradus
2935 5435 2994 5484 et
3022 5429 3420 5496 Goumeradus,
3459 5427 3650 5498 Surio,
3688 5433 3838 5486 Gon-

317 5496 540 5562 sionem
569 5496 832 5576 gentium
876 5500 1239 5566 constitutus,
1289 5496 1530 5552 tandem"
1566 5497 1701 5550 data
1747 5496 1800 5549 ei
1854 5496 2018 5550 sedes
2126 5496 2403 5557 meracius,
