4010 6194
309 252 446 305 1093

1685 253 1883 308 VITAS
1921 254 1975 308 S.
2019 252 2125 308 WA
2137 252 2445 308 LBURGIS.

3690 257 3827 311 1094

302 373 563 428 horroris
591 372 833 443 caligine
889 374 1208 428 clementia:
1263 378 1378 427 tua:
1429 372 1601 427 radiis
1666 377 1997 430 evacuasti:
2041 379 2085 431 Α
2116 376 2454 447 religionem
2486 376 2777 430 imitabilis
2815 376 2979 445 facta,
3014 378 3246 432 tandem
3305 395 3373 432 ex
3423 380 3532 433 hoc
3595 381 3818 434 mundo

302 467 360 516 et
388 462 446 516 id
483 479 843 533 nequaquam
866 463 1026 529 meis,
1053 464 1150 518 sed
1167 462 1278 532 (43)
1301 461 1852 532 fratrumimeorum,
1882 472 2005 519 tuo-

301 567 436 605 rum
468 551 727 604 videlicet
756 552 1127 618 famulorum,
1159 552 1378 604 ascribo
1428 551 1676 606 meritis.

377 642 431 705 3,
460 641 595 693 Post
614 639 836 693 obitum
882 640 1199 695 beatissimi
1231 638 1359 709 ἐ(54)
1393 639 1647 709 episcopi
1698 640 2009 695 Williboldi

304 728 498 782 fratris
523 729 580 782 S.
612 728 958 799 Walburgaa,
1017 729 1275 799 contigit,
1324 728 1505 794 illam,
1550 728 1695 782 sicut
1771 729 2009 783 feminei

305 833 475 870 sexus
530 821 734 870 natura
822 832 943 870 esse
1010 818 1371 887 cognoscitur
1435 814 1566 884 (45),
1629 816 2009 870 intolerabilis

305 905 511 959 exinde
549 904 722 958 fuisse
752 904 1151 974 impatientia.
1181 906 1334 958 Tunc
1366 904 1647 974 quosdam
1684 904 2009 975 vespertino

305 998 591 1064 tempore,
620 994 779 1047 nullo
818 1010 888 1046 ex
922 994 1017 1046 illa
1058 999 1436 1063 cognoscente
1497 993 1733 1061 familia,
1789 994 1859 1048 de
1891 1009 2012 1046 mo-

306 1082 557 1135 nasterio
589 1098 835 1152 egressa,
869 1082 1023 1135 venit
1050 1081 1120 1136 ad
1149 1081 1447 1151 cujusdam
1472 1082 1711 1137 domum
1770 1081 1959 1137 divitis
1994 1098 2006 1135 :

309 1176 369 1224 et
392 1175 523 1223 ante
558 1170 706 1223 fores
754 1169 1009 1239 ejusdem
1069 1170 1234 1239 quasi
1284 1171 1549 1240 quaedam
1612 1172 1917 1242 peregrina
1958 1178 2014 1224 et

307 1258 533 1329 ignota,
566 1260 685 1311 sola
706 1258 975 1311 constitit.
1027 1258 1211 1321 Quam
1242 1258 1440 1312 videns
1471 1260 1738 1313 dominus
1782 1261 2010 1324 domus,

306 1347 545 1417 ignarus
572 1348 917 1416 quae,esset,
995 1362 1128 1399 cum
1184 1347 1465 1401 universis
1513 1348 1837 1402 domesticis
1896 1348 2013 1401 suis

308 1434 611 1501 mstuabat,
653 1450 722 1487 ne
776 1433 972 1504 rapida
1033 1450 1271 1487 suorum
1314 1451 1522 1489 canum
1595 1436 1833 1490 audacia
1886 1452 2012 1490 eam

308 1523 589 1577 laniando
670 1524 1035 1592 decerperet:
1092 1522 1263 1593 jussit
1322 1529 1399 1589 ut,
1459 1540 1583 1594 quae
1630 1530 1798 1591 esset,
1856 1524 2015 1578 ocius

306 1610 612 1664 indicaret.
646 1612 791 1665 Tum
822 1612 964 1665 illa:
1005 1634 1026 1660 ι
1080 1612 1476 1681 Nequaquam,
1530 1611 1739 1682 inquit,
1796 1617 2009 1678 metuo,

308 1699 467 1770 quod
496 1703 560 1752 tu
590 1699 801 1753 vereris
831 1716 998 1754 canes
1026 1715 1118 1753 me
1146 1716 1308 1769 posse
1337 1701 1556 1754 crudeli
1580 1703 1748 1755 dente
1781 1701 2013 1755 contin-

309 1804 601 1859 gere,nec
647 1788 1009 1858 Walburgam
1058 1788 1161 1859 (sic
1191 1790 1345 1842 enim
1397 1789 1716 1860 nuncupor)
1751 1790 2015 1844 mordere

310 1876 613 1929 valebunt.
643 1875 764 1946 Ipse
793 1876 946 1929 enim
991 1876 1089 1947 qui
1138 1892 1229 1930 me
1277 1876 1388 1929 huc
1440 1876 1511 1929 ad
1575 1884 1734 1931 tuam
1775 1877 2013 1930 domum

312 1963 585 2033 perducit
613 1963 981 2034 incolumem,
1030 1965 1100 2018 ad
1149 1965 1336 2018 locum
1396 1965 1546 2019 unde
1597 1965 1728 2018 veni
1773 1965 2013 2018 illeesam

311 2052 533 2122 poterit
573 2068 664 2105 me
709 2052 1053 2121 perducere;
1088 2056 1143 2106 et
1197 2053 1317 2124 ipse
1364 2054 1561 2107 domui
1595 2059 1706 2108 tua:
1763 2054 2018 2107 conferet

314 2140 628 2194 medicina:
669 2141 944 2207 solamen,
978 2142 1023 2194 si
1067 2147 1186 2195 tota
1232 2143 1343 2196 iide
1391 2143 1657 2196 eumdem
1696 2143 2016 2212 ﬁeredideris

312 2245 439 2283 esse
472 2228 762 2282 medicum
818 2230 1190 2284 medicorum.
1230 2252 1250 2277 ι
1314 2230 1435 2294 Quo
1488 2232 1704 2298 audito,
1737 2236 1822 2283 vir
1878 2232 2017 2285 illu-

312 2317 445 2370 stris
477 2333 509 2369 a
541 2318 663 2369 loco
703 2333 816 2386 quo
866 2318 1091 2371 sederat
1148 2318 1298 2372 illico
1349 2320 1632 2389 prosiluit,
1705 2320 2017 2390 animoque

313 2410 731 2471 consternatus,
765 2422 939 2476 quare
984 2414 1098 2461 tam
1152 2408 1360 2461 nobilis
1410 2409 1599 2477 puella
1630 2414 1685 2462 et
1749 2410 2016 2477 omnipo-

316 2494 494 2547 tentis
526 2493 624 2548 Dei
664 2494 876 2548 famula
933 2496 1004 2550 ad
1063 2496 1273 2549 ostium
1335 2497 1672 2563 constiterit,
1700 2497 2013 2567 requisivit.

313 2584 475 2636 Tunc
506 2581 663 2635 illam
684 2599 811 2636 cum
839 2584 998 2637 omni
1030 2584 1397 2637 veneratione
1429 2585 1766 2654 suscipiens,
1786 2602 2015 2638 omnem

316 2670 402 2723 illi
430 2669 638 2722 debitae
667 2670 949 2724 servitutis
979 2672 1326 2724 famularum
1362 2671 1632 2725 exhibuit.
1694 2674 1840 2725 Hora
1884 2690 2016 2726 vero

317 2762 618 2811 nocturnae
644 2756 1048 2826 requiestionis
1079 2757 1427 2827 interrogata
1458 2759 1556 2811 ubi
1586 2760 1755 2812 vellet
1792 2761 2016 2830 requie-

316 2862 495 2912 scere,
530 2845 831 2916 respondit
856 2863 913 2899 se
946 2862 1233 2915 nusquam
1263 2845 1399 2899 alibi
1431 2847 1574 2899 velle
1630 2862 1870 2914 pausare
1895 2848 2019 2917 [nisi

2121 462 2483 532 triumphans
2512 462 2675 526 obiit,
2706 468 2760 516 et
2789 464 2857 517 ad
2884 463 3210 533 paradisum
3244 464 3331 517 sui
3362 465 3649 535 triumphi
3688 465 3819 520 bra-

2116 550 2272 604 vium
2301 555 2634 620 susceptura
2679 550 3001 605 beatissime
3033 553 3173 606 abiit
3228 554 3333 622 (47)
3385 558 3443 605 et
3473 553 3533 605 in
3592 554 3822 619 eodem,

2116 655 2231 709 quo
2259 654 2485 709 semper
2533 639 2757 694 Christo
2806 641 3180 694 ancillahatur
3241 640 3619 706 monasterio,
3683 657 3817 695 cum

2118 727 2367 780 maxima
2399 728 2619 798 sepulta
2651 733 2735 781 est
2762 728 3221 782 honoriﬁcentia.

2192 818 2242 869 5.
2281 817 2456 868 Parvo
2488 832 2555 868 ex
2606 816 2737 869 hinc
2787 821 3043 886 tempore
3093 816 3497 870 decedentibus
3558 816 3825 886 ejusdem

2120 902 2384 957 Ecclesiae
2427 903 2772 972 pastoribus,
2814 903 2871 956 in
2914 919 3027 973 qua
3073 904 3127 957 S.
3180 904 3483 974 Walburga
3537 905 3823 958 condeba-

2117 996 2231 1057 tur,
2276 990 2515 1060 contigit
2568 991 2861 1061 Otgarium
2908 991 3293 1045 venerabilem
3344 992 3531 1044 virum
3578 994 3823 1063 Heysta-

2118 1079 2294 1133 tensis
2333 1079 2589 1132 Ecclesiae
2647 1080 2979 1133 cathedram
3012 1078 3349 1145 obtinuisse,
3406 1079 3667 1149 quicum
3718 1080 3828 1134 mi-

2118 1165 2267 1231 nori,
2318 1182 2489 1235 quam
2536 1166 2678 1219 ratio
2733 1167 3086 1236 deposceret,
3146 1166 3446 1220 honestate
3503 1166 3660 1221 idem
3701 1184 3829 1222 mo-

2120 1253 2449 1316 nasterium,
2482 1254 2541 1307 in
2562 1271 2675 1325 quo
2701 1254 2879 1307 beatae
2913 1255 3150 1325 virginis
3180 1256 3588 1324 corpusculum
3621 1258 3827 1311 huma-

2122 1341 2308 1402 batur,
2345 1342 2702 1409 excoluisset,
2737 1343 2985 1413 quadam
3030 1348 3194 1397 nocte
3219 1360 3324 1414 per
3372 1344 3655 1398 visionem
3718 1345 3830 1398 fer-

2122 1433 2218 1481 tur
2238 1444 2394 1481 sacra
2426 1429 2582 1499 virgo
2613 1430 2945 1501 hujusmodi
2970 1431 3152 1485 verbis
3177 1432 3341 1485 illum
3374 1434 3687 1503 compellas
3716 1450 3775 1486 se
3813 1450 3825 1486 :

2129 1536 2155 1564 ‹‹
2197 1517 2330 1584 Cur,
2362 1517 2569 1588 inquit,
2608 1519 2805 1589 Otgari
2859 1520 3072 1589 praesul
3123 1521 3237 1573 Deo
3288 1521 3485 1589 digne,
3548 1527 3833 1576 monaste-

2128 1604 2279 1657 rium
2339 1622 2452 1675 quo
2497 1622 2732 1676 corpore
2794 1624 2922 1660 sum
2982 1608 3275 1661 recondita
3332 1610 3415 1663 sic
3474 1610 3835 1682 negligenter

2127 1693 2398 1746 hactenus
2428 1694 2637 1748 habere
2670 1695 2941 1749 voluisti?
2985 1697 3126 1749 Nam
3160 1714 3463 1752 servorum
3515 1699 3650 1753 illuc
3698 1716 3835 1753 con-

2124 1782 2479 1836 venientium
2528 1783 2861 1837 temulentis
2905 1785 3161 1854 quotidie
3191 1787 3381 1839 calcor
3412 1788 3656 1858 pedibus
3704 1789 3830 1841 vul-

2124 1870 2472 1941 garibusque
2503 1871 2752 1941 vestigiis
2797 1873 3167 1938 comprimor.
3231 1874 3357 1928 Cito
3432 1877 3589 1931 enim
3631 1891 3815 1946 cogno

2126 1974 2243 2012 sces
2300 1960 2578 2029 quoniam
2631 1962 2744 2014 tale
2803 1961 3038 2031 aliquod
3081 1962 3184 2015 tibi
3223 1962 3508 2019 indicium
3559 1964 3833 2035 pandam,

2127 2064 2241 2117 quo
2276 2064 2391 2101 non
2420 2053 2570 2101 recte
2596 2053 2650 2102 te
2681 2064 2817 2117 erga
2849 2065 2940 2101 me
2964 2054 3019 2102 et
3041 2050 3276 2103 domum
3326 2052 3429 2105 Dei
3472 2054 3657 2123 egisse
3689 2066 3838 2103 com-

2127 2136 2334 2206 perias,
2368 2142 2451 2204 ut,
2505 2136 2553 2189 si
2607 2141 2860 2190 te‘reum
2914 2137 3117 2190 exinde
3176 2142 3536 2209 cognoveris,
3611 2140 3839 2193 veniam

2130 2224 2423 2277 merearis.
2461 2246 2481 2272 υ
2521 2223 2683 2288 Quod
2714 2240 2830 2278 non
2879 2225 3082 2279 falsum
3142 2242 3262 2279 esse
3297 2228 3487 2283 visum
3549 2233 3679 2300 post
3723 2245 3840 2281 non

2131 2313 2377 2366 multum
2432 2314 2727 2382 temporis,
2789 2314 2871 2367 rei
2927 2314 3318 2383 comprobavit
3396 2322 3658 2370 eventus.
3699 2316 3843 2369 Nam

2129 2402 2319 2455 statim
2347 2401 2405 2454 in
2448 2402 2713 2470 proximo
2766 2402 2903 2455 dum
2936 2403 3105 2456 erecti
3155 2409 3348 2457 essent
3390 2406 3639 2476 parietes
3693 2404 3844 2475 ejus-

2129 2490 2260 2543 dem
2306 2489 2557 2557 fabricaa,
2612 2495 2669 2543 et
2720 2490 3058 2559 prominens
3113 2492 3365 2545 trabium
3420 2509 3709 2564 compago
3758 2511 3842 2548 se-

2128 2578 2329 2648 quenti
2361 2578 2454 2631 die
2482 2594 2655 2647 super
2681 2595 2876 2632 muros
2917 2580 3147 2633 deberet
3178 2582 3415 2650 apponi,
3453 2588 3625 2636 noctu
3682 2584 3848 2654 aqui-

2129 2666 2343 2720 lonaris
2377 2666 2565 2736 paries
2595 2666 2783 2720 subito
2812 2684 2991 2738 usque
3015 2670 3084 2722 ad
3116 2674 3331 2723 terram
3387 2671 3608 2724 corruit
3655 2676 3841 2727 terro-

2130 2771 2369 2824 remque
2404 2754 2560 2806 haud
2593 2754 2898 2809 minimum
2917 2760 3033 2810 tam
3064 2756 3393 2811 domesticis
3422 2776 3596 2830 quam
3621 2763 3844 2817 cunctis

2128 2842 2581 2911 circumquaque
2610 2844 3077 2898 conversantibus
3126 2845 3384 2900 incussit.
3424 2847 3589 2902 Facto
3647 2856 3841 2906 autem

317 2936 380 2988 in
411 2933 698 3002 cubiculo,
729 2934 791 2986 in
823 2950 937 3004 quo
961 2934 1079 2987 tilia
1113 2933 1236 3003 ejus
1265 2949 1446 3003 usque
1477 2933 1544 2986 ad
1574 2940 1817 2987 mortem
1839 2936 2026 2989 valida
2063 2925 2104 2979 (ἓ
2138 2946 2328 2994 mane.
2364 2945 2497 2982 cum
2531 2930 2600 2983 ad
2631 2930 2958 3000 hUjUSmOdi
2984 2937 3369 3002 Spectacumm
3403 2952 3604 2991 omnes
3642 2940 3841 3010 pavidi

317 3022 665 3093 aegritudine
714 3022 988 3092 perducta
1042 3022 1274 3092 jaceret,
1337 3022 1499 3091 cujus
1540 3020 1816 3089 {funebria
1868 3023 2025 3091 jama

316 3115 481 3182 patre
526 3116 583 3165 et
632 3116 815 3165 matre
854 3111 1345 3182 praeparabantur.
1404 3108 1622 3173 Quibus
1675 3124 1795 3178 prm
1841 3110 2023 3165 nimio

318 3201 518 3254 dolore
593 3200 962 3269 ejulantibus,
1041 3198 1277 3253 intravit
1330 3198 1681 3260 cubiculum,
1744 3204 1799 3251 et
1845 3203 2021 3252 totam

316 3295 546 3343 noctem
578 3289 1206 3359 educensinsommem,
1234 3285 1590 3340 orationibus
1608 3285 1679 3337 ad
1714 3285 2021 3341 Dominum

317 3393 423 3448 par
450 3383 792 3431 transactam
832 3382 1062 3431 noctem
1102 3374 1369 3446 profusis,
1424 3374 1483 3426 in
1532 3372 1779 3425 crastino
1831 3376 2023 3442 puella

319 3467 712 3520 incolumitate
744 3464 1118 3537 integerrima
1152 3463 1460 3517 convaluit.
1495 3460 1619 3523 Quo
1666 3459 1787 3513 viso
1826 3477 2022 3530 paren-

319 3561 402 3609 tes
432 3556 728 3621 miraculo,
764 3556 878 3608 Deo
915 3552 1299 3622 omnipotenti
1331 3551 1431 3620 qui
1468 3549 1679 3602 occidit
1731 3554 1787 3600 et
1832 3549 2020 3604 vivere

324 3644 477 3705 facit,
534 3643 782 3711 percutit
841 3648 895 3695 et
954 3647 1138 3708 sanat,
1199 3638 1574 3693 multimodas
1632 3637 2022 3707 persolventes

321 3730 551 3800 gratias,
586 3728 997 3782 amantissima:
1042 3730 1153 3780 Deo
1186 3732 1241 3779 et
1266 3725 1599 3779 hominibus
1635 3723 1849 3792 virgini
1888 3724 2020 3793 plu-

321 3818 467 3871 rima
500 3818 869 3887 protulerunt
914 3814 1102 3883 xenia,
1155 3830 1395 3883 seseque
1444 3815 1568 3882 ejus
1626 3811 2024 3865 sacratissimis

322 3908 585 3979 precibus
616 3905 1180 3960 commendaverunt.
1222 3904 1322 3956 llla
1352 3908 1543 3956 autem
1574 3903 1863 3955 donorum
1894 3919 2023 3973 pre-

324 3997 634 4051 tiositatem
669 3996 945 4061 refutans,
991 3994 1397 4061 Christumque
1430 3992 1618 4045 solum
1668 3996 1801 4045 ante
1834 3992 2028 4045 omnia

324 4086 589 4155 diligens,
623 4084 692 4137 ad
742 4081 1157 4137 monasterium
1213 4096 1475 4150 regressa
1516 4086 1630 4146 est;
1692 4085 1748 4135 et
1802 4086 2028 4151 gquanto

322 4174 504 4244 magis
527 4174 583 4226 iu
634 4190 691 4225 se
724 4171 977 4225 divinam
1031 4175 1323 4238 comperta
1380 4176 1467 4224 est
1531 4169 1724 4239 vigere
1781 4170 2028 4225 clemen-

320 4264 483 4328 tiam,
516 4267 676 4315 tanto
710 4261 782 4314 ad
803 4256 1065 4311 arctioris
1094 4258 1224 4309 vitae
1255 4257 1364 4325 (46)
1400 4258 1797 4313 excellentiam
1825 4262 2027 4313 semet-

323 4352 528 4423 ipsam,
553 4351 621 4404 de
654 4350 745 4403 die
774 4347 832 4400 in
856 4346 1009 4399 diem
1040 4344 1345 4413 coaptavit.

393 4442 445 4494 4.
500 4440 599 4493 His
637 4436 862 4491 duobus
906 4432 1197 4486 miraculis
1238 4432 1391 4485 inter
1436 4432 1549 4485 alia
1587 4433 1754 4487 nobis
1785 4435 2027 4506 cognitis

327 4528 387 4582 in
420 4545 519 4581 sua
550 4528 667 4580 vita
724 4523 994 4596 peractis,
1044 4519 1372 4574 beatissima
1425 4520 1586 4589 virgo
1642 4536 1773 4575 cum
1821 4522 1881 4575 in
1913 4523 2027 4575 Deo

325 4618 712 4681 corroborata,
768 4610 1050 4666 mundum
1082 4625 1210 4662 cum
1259 4607 1376 4662 suis
1417 4609 1894 4678 concupiscentiis
1925 4624 2026 4678 pe-

326 4705 479 4759 nitus
511 4706 856 4773 superasset,
888 4698 1157 4753 omnibus
1183 4714 1240 4751 se
1272 4697 1645 4768 sequentibus
1691 4700 1762 4753 ad
1793 4714 2029 4753 omnem

398 4836 509 4907 (43)
544 4834 932 4897 Wolthardns,
963 4831 1214 4901 precibus
1270 4834 1376 4885 mei
1407 4835 1455 4885 et
1486 4832 1569 4885 tui
1616 4831 1794 4888 devoti
1826 4833 2031 4898 famuli

354 4911 545 4961 'ratris.

325 4910 627 5048 ΐνῗξιῗξῖὶδ
656 4976 853 5031 omnia
888 4991 1019 5048 mss.
1054 4990 1183 5048 cum
1226 4974 1487 5048 Legenda
1534 4974 1740 5048 Lovan.
1787 4974 2030 5048 et__Cap-

326 5045 544 5120 gravio.
592 5052 663 5100 At
710 5048 930 5109 Surius,
978 5046 1168 5098 deleto
1223 5045 1488 5120 episcopi
1516 5046 1773 5120 nomine,
1813 5046 2030 5098 Winni-

328 5117 545 5174 boldum
572 5121 870 5188 expressit,
897 5132 1067 5187 quem
1100 5133 1194 5188 an.
1238 5120 1332 5169 ’771
1379 5117 1582 5170 obiisse
1633 5118 1932 5188 ﬁdiximus,
1975 5122 2031 5169 et

327 5192 382 5246 S.
456 5187 852 5244 Willib’aldum
908 5192 1038 5257 post
1091 5187 1308 5240 obitum
1366 5188 1421 5242 S.
1468 5188 1788 5260 Walburgaa
1851 5187 2029 5241 videri

329 5262 701 5332 superfuisse.

401 5326 511 5401 (45)
541 5333 670 5399 Sur,
707 5329 1267 5401 immodicoAcorrepia
1295 5326 1495 5401 dolore.

402 5398 513 5473 (46⁷)
550 5405 675 5457 Mss.
711 5404 876 5456 Trev.
910 5404 967 5473 et
991 5398 1046 5452 S.
1084 5398 1247 5462 Μελίη
1271 5398 1958 5473 clementiamencellentem

408 5466 516 5541 (47)
551 5476 614 5528 In
647 5472 897 5528 Historia
928 5471 1298 5541 Sanctorum,
1329 5482 1430 5519 seu
1473 5466 1751 5541 Legendae
1788 5475 1951 5541 tomo
1982 5472 2030 5526 Ιῐ

331 5539 586 5602 Coloniae
625 5548 757 5599 1483
803 5551 861 5599 et
886 5539 1117 5598 Lovanii
1164 5539 1298 5593 1485
1332 5553 1560 5604 excuso,
1617 5540 1735 5593 haec
1780 5540 2022 5611 interpo~

2134 3016 2559 3084 convenissent,
2632 3024 2822 3073 custos
2891 3021 3150 3091 ejusdem
3238 3024 3514 3094 ecclesiae,
3601 3030 3840 3087 nomine

2136 3105 2533 3176 Reginfridus,
2604 3109 2941 3181 prazscripto
2978 3113 3211 3182 prmsuli
3260 3114 3495 3186 Otgario
3536 3134 3641 3189 per
3689 3123 3837 3177 velo-

2132 3194 2432 3249 cissimum
2462 3194 2568 3248 hoc
2595 3194 2880 3252 intimavit
2905 3201 3017 3271 (48)
3050 3202 3339 3257 nuntium.
3375 3204 3485 3270 Qui
3510 3207 3617 3262 hoc
3642 3211 3838 3266 audito

2133 3298 2271 3337 mox
2327 3280 2607 3338 visionem
2667 3303 2839 3356 quam
2872 3288 2981 3355 (49)
3036 3290 3252 3345 viderat
3309 3309 3431 3347 esse
3489 3299 3835 3369 completam

2130 3369 2486 3439 intelligens,
2518 3374 2652 3427 illuc
2683 3376 3034 3442 acceleravit,
3085 3385 3257 3449 atque
3311 3398 3441 3437 cum
3491 3387 3645 3440 omni
3687 3388 3839 3443 festi-

2131 3458 2337 3513 nantia
2376 3460 2674 3515 ecclesiam
2706 3479 2835 3516 cum
2885 3463 3266 3520 devotissimis
3315 3476 3653 3529 restauravit
3686 3492 3833 3531 com-

2130 3544 2581 3618 provincialibus
2602 3553 2771 3619 atque
2799 3550 3094 3605 dedicavit.
3131 3556 3403 3611 Tansacto
3436 3560 3613 3631 igitur
3660 3581 3833 3633 anno,

2133 3640 2493 3723 memoratus
2565 3638 2864 3708 episcopus
2930 3656 3061 3692 suos
3144 3643 3665 3719 archipresbyteros
3728 3658 3836 3723 (50)

2133 3722 2466 3777 Walconem
2500 3730 2670 3795 atque
2704 3725 3108 3796 Adhalungum
3147 3746 3274 3783 cum
3326 3737 3577 3803 quadam
3636 3743 3837 3795 sancti-

2134 3810 2399 3877 moniali,
2436 3812 2655 3866 Liubila
2676 3820 3020 3884 nuncupata,
3072 3816 3206 3871 illuc
3246 3823 3489 3876 transire
3536 3830 3833 3899 praecepit,

2136 3904 2421 3971 quatenus
2485 3903 2879 3970 corpusculum
2963 3903 3017 3956 S.
3062 3906 3381 3978 Walburga:
3437 3927 3568 3966 cum
3608 3932 3834 3971 summa

2136 3987 2437 4055 diligentia
2484 3990 2810 4043 etfodientes
2857 3996 2914 4045 et
2962 4007 3091 4046 cum
3139 3996 3399 4051 notarum
3470 4001 3834 4073 clangoribus

2136 4077 2600 4147 hymnorumque
2641 4079 3029 4146 concentibus,
3077 4084 3348 4154 omnique
3390 4092 3709 4146 reverentia
3764 4095 3833 4148 ad

2069 4209 2110 4262 Β
2144 4166 2508 4235 Heystatense
2538 4165 2902 4236 deportarent
2932 4171 3255 4224 coanobium
3292 4176 3479 4244 .quod
3514 4194 3645 4232 cum
3675 4184 3837 4236 omni

2141 4254 2403 4325 populari
2438 4255 2811 4310 exsultatione
2843 4258 2948 4327 (51)
2998 4260 3297 4315 undecimo
3347 4264 3628 4320 Kalendas
3672 4270 3833 4324 Octo-

2135 4342 2253 4396 bris
2284 4342 2661 4411 perfecerunt.
2696 4345 2801 4400 Sed
2832 4352 2888 4399 et
2916 4347 3175 4417 ejusdem
3214 4352 3485 4406 antistitis
3525 4356 3689 4426 jussu
3720 4360 3831 4412 fra-

2136 4430 2237 4483 tris
2265 4432 2319 4484 S.
2354 4433 2675 4504 Walburgae
2705 4436 3052 4491 Winniboldi
3084 4442 3344 4494 membra
3385 4449 3509 4512 post
3568 4449 3681 4499 tres
3713 4447 3834 4501 dies

2135 4523 2331 4571 octavo
2388 4520 2492 4590 (52)
2544 4523 2827 4579 Kalendas
2897 4526 3156 4582 Octobris
3213 4546 3280 4583 ex
3337 4532 3536 4588 eadem
3596 4536 3831 4590 ecclesia

2136 4606 2421 4672 tollentes,
2454 4611 2524 4664 ad
2554 4614 2822 4669 eumdem
2848 4615 3033 4671 locum
3066 4621 3506 4675 transtulerunt.

2137 4910 2408 4960 castitatis
2427 4910 2719 4980 munditia,
2768 4913 2900 4967 adeo
2949 4910 3205 4971 uirorum.
3241 4910 3414 4975 tactus
3468 4926 3523 4976 in
3578 4927 3694 4980 vita
3735 4942 3835 4980 sua

2136 4992 2344 5065 semper
2372 4979 2676 5062 inhorruit,
2708 4986 2767 5034 ut
2796 4987 2964 5065 etiam
2983 4994 3123 5065 post
3170 5000 3411 5055 mortem,
3444 5010 3564 5049 cum
3587 4979 3681 5051 uir
3710 4979 3832 5065 qui-

2137 5048 2280 5131 dam_
2320 5064 2512 5132 corpus
2533 5052 2672 5134 ‘ejus
2724 5048 3089 5134 sepeiiendum
3104 5130 3132 5134 *Δ
3156 5048 3507 5134 contingeret,
3532 5048 3615 5121 "ei
3634 5048 3659 5050 ﬂ
3682 5048 3835 5123 testi-

2136 5124 2373 5199 mOIiium
2401 5123 2650 5199 pristina
2687 5125 2942 5179 custodiae
2977 5130 3246 5195 puritatis
3288 5123 3505 5191 statim,
3530 5143 3742 5195 concuti
3784 5144 3835 5194 et

2138 5195 2360 5244 tremere
2387 5195 2564 5260 capit.

2208 5262 2322 5326 (48)
2357 5262 2451 5316 Ms.
2486 5265 2643 5330 Ant.,
2673 5265 3086 5322 internuntium.

2208 5332 2322 5471 (49)
2349 5334 2443 5386 Ms.
2488 5334 2647 5398 Ultr.,
2674 5337 2943 5392 audierat.

2234 5406 2321 5471 50)
2371 5404 2506 5457 Ser..
2548 5407 2796 5461 Vatiione
2823 5413 2872 5463 et
2906 5410 2943 5464 Α

2234 5406 2321 5471 50)
2371 5404 2506 5457 Ser..
2548 5407 2796 5461 Valtione
2823 5413 2872 5463 et
2906 5410 3183 5475 Alungum
3211 5424 3331 5465 cum
3353 5412 3582 5471 Habita.

2210 5476 2314 5615 éSt)
2344 5475 2441 5529 Ms.
2472 5476 2639 5544 Ultr.,
2670 5484 2875 5534 octavo.

2232 5548 2324 5615 52)
2353 5546 2535 5613 Idem,
2566 5551 2780 5615 quinto.

2232 5548 2324 5615 52)
2353 5546 2535 5613 Idem,
2566 5551 2780 5616 quinto.
