4010 6194
309 305 448 357 1095

983 422 1206 479 CAPUT
1258 421 1330 476 II.

306 516 443 570 Pars
471 515 832 584 reliquiarum
861 513 914 568 S.
955 512 1267 578 Walburgis
1315 510 1519 564 donata
1564 509 1788 564 Liubila
1846 508 2006 562 abba-

557 607 704 658 tissae
769 602 1036 669 lngluvies
1073 601 1276 668 aliique
1321 599 1497 653 morbi
1532 598 1754 653 sublati.

381 694 433 746 6.
505 691 614 746 Sed
671 694 977 761 postquam
1035 688 1364 741 beatissima
1417 687 1725 756 Walburga
1773 687 2005 758 Heysta-

307 784 496 834 tenses
549 780 694 834 ﬁnes
741 794 846 849 per
902 777 1266 848 semetipsam
1339 776 1567 830 visitare
1614 775 1848 846 dignata
1899 779 2001 836 est,

309 867 552 940 contigit
579 872 773 938 postea
804 870 865 919 ut
899 871 1219 919 memorata
1265 863 1720 918 sanctimonialis
1765 861 2008 916 Liubula

310 973 341 1010 a
372 955 490 1009 suis
518 953 860 1027 propinquis
907 953 1156 1006 multum
1206 951 1314 1006 sibi
1368 951 1757 1006 invidentibus
1793 950 1874 1003 ita
1901 965 2003 1006 co-

309 1049 646 1109 arctaretur,
676 1047 740 1096 ut
767 1046 883 1096 tam
945 1041 1228 1094 violenter
1255 1056 1428 1111 quam
1479 1039 1775 1110 ingeniose
1821 1055 1856 1093 a
1903 1055 2006 1093 sua

308 1133 510 1188 eadem
551 1137 810 1186 materna
865 1147 1045 1201 prope
1078 1131 1460 1200 expelleretur
1488 1128 1842 1182 hareditate.
1894 1127 2001 1182 Sed

310 1221 686 1276 saluberrime
741 1219 931 1280 anxia,
967 1219 1112 1273 inito
1152 1218 1388 1273 consilio
1439 1218 1605 1288 petiit
1662 1217 1732 1271 ab
1769 1218 2001 1287 Heysta-

306 1309 488 1364 tensis
523 1308 779 1364 Ecclesia
819 1307 1170 1362 Ercenbaldo
1200 1307 1476 1373 antistite,
1511 1310 1574 1359 ut
1629 1305 1738 1359 sibi
1795 1320 2005 1359 conce-

308 1398 586 1453 derentur
616 1397 670 1453 S.
731 1397 1055 1467 Walburga
1086 1395 1363 1466 reliquia,
1397 1399 1677 1466 quatenus
1728 1394 1776 1448 si
1814 1394 1913 1448 illa
1944 1393 2004 1449 in

308 1487 621 1540 obtinenda
698 1502 802 1540 sua
878 1491 1136 1538 materna
1226 1486 1563 1554 praevaleret
1643 1483 2002 1552 haereditate,

307 1575 455 1630 hanc
485 1575 707 1630 Christo
740 1589 973 1644 suaque
1000 1573 1209 1643 virgini
1249 1573 1571 1642 Walburga
1605 1573 1737 1643 jure
1795 1589 2003 1644 perpe-

310 1672 407 1720 tuo
438 1665 808 1718 condonaret.
837 1662 1000 1727 Quod
1028 1663 1164 1732 quia
1192 1678 1225 1715 a
1275 1663 1391 1715 Deo
1442 1661 1688 1731 sumpsit
1745 1661 1999 1723 initium,

309 1754 380 1807 ab
411 1753 537 1823 ipso
559 1752 732 1806 etiam
762 1749 1076 1804 terminum
1109 1750 1320 1803 habere
1351 1748 1742 1803 felicissimum
1770 1749 1999 1803 meruit.

307 1845 474 1895 Anno
505 1840 682 1911 igitur
712 1839 782 1893 ab
816 1839 1216 1892 Incarnatione
1253 1837 1480 1891 Domini
1526 1837 2002 1908 octingentesimo

309 1931 687 2000 nonagesimo
718 1927 910 1994 tertio,
943 1933 1217 1998 regnante
1248 1927 1569 1997 Arnulpho,
1621 1932 1887 1996 apertum
1919 1931 2006 1981 est

309 2020 636 2090 sepulcrum
694 2017 1013 2086 Walburga
1068 2014 1410 2069 beatissima
1459 2015 1717 2086 virginis,
1770 2015 1831 2068 in
1887 2031 2002 2086 quo

309 2113 567 2178 tempore
599 2105 818 2177 Otgarii
845 2103 1097 2174 episcopi
1136 2104 1326 2157 fuerat
1374 2104 1666 2170 collocata,
1712 2108 1884 2174 atque
1932 2104 2004 2159 ob

310 2197 667 2266 sepulturam
709 2194 780 2247 ab
839 2192 1041 2246 eodem
1085 2192 1353 2262 episcopo
1392 2192 1585 2245 minus
1639 2196 2004 2262 procuratam

309 2283 368 2337 in
393 2283 632 2348 visione,
666 2285 731 2335 ut
752 2276 1305 2349 jam'prascriptum
1361 2283 1466 2342 est,
1525 2277 1773 2333 multum
1814 2283 2004 2333 auste-

309 2373 449 2427 riter
476 2369 901 2441 increpabatur.

382 2466 433 2514 7.
463 2459 571 2530 (53)
623 2456 879 2526 Contigit
924 2454 1266 2508 miraculum
1300 2471 1331 2508 a
1396 2456 1602 2509 saeculo
1656 2455 2003 2523 inauditum,

311 2547 724 2618 multiplicibus
747 2551 916 2616 atque
941 2543 1424 2598 manifestissimis
1463 2548 1822 2614 compertum
1851 2543 2007 2598 testi-

313 2637 540 2692 moniis.
574 2635 845 2700 Quadam
873 2633 1170 2704 cujusdam
1205 2632 1438 2686 familia
1485 2633 1709 2698 ancilla,
1770 2632 2004 2686 nomine

308 2727 414 2797 (54)
447 2725 800 2790 Fritherada,
835 2724 970 2778 dum
998 2721 1337 2776 familiarius
1367 2721 1582 2776 caeteris
1630 2722 1690 2775 in
1730 2721 2004 2792 obsequio

311 2816 398 2870 sui
432 2815 650 2870 domini
677 2829 910 2884 suaque
941 2811 1137 2865 uxoris
1163 2811 1386 2864 assidue
1429 2811 1815 2877 ancillaretur,
1849 2809 2004 2864 subi-

309 2909 496 2960 tanea
520 2902 880 2973 aegritudinis
911 2900 1174 2955 molestia
1206 2899 1548 2970 carpebatur
1578 2917 1591 2954 :
1627 2899 1687 2954 in
1727 2917 1841 2971 qua
1867 2900 2004 2954 dum

312 2992 714 3048 miserabiliter
738 2991 914 3045 biduo
969 2994 1287 3054 vexaretur,
1337 2988 1630 3060 paulisper
1685 2989 2001 3055 convaluit;

311 3083 408 3137 sed
464 3086 625 3136 tanta
677 3078 888 3135 deinde
946 3077 1223 3132 succrevit
1275 3076 1383 3130 sibi
1439 3077 1742 3148 ingluvies,
1796 3080 1862 3131 ut
1891 3093 2009 3131 non

310 3169 553 3225 saturari
587 3170 898 3234 ullatenus,
927 3166 1024 3221 sed
1057 3165 1146 3219 vix
1195 3165 1502 3220 refocillari
1559 3166 1860 3236 potuisset.
1903 3165 2009 3219 Cui

311 3261 449 3315 dum
480 3258 790 3330 plurimam
817 3257 938 3326 ejus
967 3255 1283 3326 propinqui
1317 3254 1498 3307 victus
1536 3254 1759 3323 copiam
1804 3253 2009 3323 impri-

314 3349 422 3402 mis
454 3347 969 3412 administrassent,
1006 3344 1218 3414 illaque
1255 3343 1324 3396 de
1371 3343 1461 3396 die
1492 3342 1551 3395 in
1605 3342 1758 3396 diem
1795 3343 2011 3412 majora

311 3453 540 3507 semper
562 3434 817 3490 subsidia
854 3432 1300 3504 concupisceret,
1350 3430 1487 3502 quid
1532 3430 1601 3484 de
1637 3447 1702 3483 ea
1758 3431 2012 3485 facerent

312 3525 554 3580 sollicite
586 3529 828 3578 tractare
873 3525 1190 3594 caperunt.
1243 3519 1511 3573 Nondum
1570 3519 1725 3572 enim
1784 3518 2008 3572 incessu

310 3615 626 3677 fruebatur,
680 3613 775 3666 sed
821 3610 1141 3665 scabellulis
1199 3606 1471 3661 ﬂebiliter
1520 3607 1804 3676 reptabat.
1855 3607 2011 3660 Tunc

312 3720 415 3759 suo
444 3717 796 3773 suorumque
845 3699 1085 3754 consilio
1117 3702 1445 3767 parentum,
1495 3695 1789 3750 dominam
1821 3695 2008 3764 petiit,

313 3799 377 3848 ut
406 3792 658 3864 prafata
684 3788 922 3860 virginis
964 3787 1277 3840 oratorium
1311 3785 1465 3839 adire
1516 3789 1854 3838 mereretur.
1889 3783 2010 3847 Quo

313 3882 613 3954 permisso,
637 3879 773 3934 dum
787 3876 1020 3932 veniens
1047 3875 1328 3928 instanter
1339 3872 1706 3944 supplicaret,
1730 3871 1821 3926 die
1838 3873 2008 3925 tertio

313 3971 588 4026 debilium
621 3968 836 4039 pedum
868 3965 1073 4035 adepta
1101 3967 1185 4017 est
1209 3962 1534 4016 sanitatem.
1578 3961 1739 4023 Quod
1770 3959 2010 4014 audiens

314 4059 603 4130 pradicta
634 4056 864 4111 familia
896 4053 1162 4108 dominus
1180 4050 1458 4115 videlicet,
1483 4049 1720 4120 ejusque
1752 4049 2012 4115 domina,

314 4148 486 4203 nimis
516 4146 831 4218 gaudentes
861 4141 1325 4196 acceleraverunt
1355 4139 1490 4192 illuc
1504 4137 1828 4207 pervenire,
1860 4147 2011 4190 eam-

313 4238 560 4308 demque
584 4233 848 4288 ancillam
883 4231 939 4286 S.
972 4228 1295 4298 Walburga
1328 4226 1387 4280 in
1426 4225 1837 4297 proprietatem
1894 4225 2008 4279 ibi-

314 4328 444 4380 dem
471 4323 689 4395 jugiter
718 4321 789 4376 ad
819 4317 1187 4374 serviendum
1214 4316 1512 4370 dederunt.
1572 4314 1678 4369 Sed
1719 4314 2007 4368 abbatissa

311 4414 552 4485 prafata
580 4409 799 4465 Liubila
837 4408 944 4462 hoc
972 4405 1176 4469 tenuit,
1213 4403 1407 4474 ibique
1465 4402 1621 4456 illam
1670 4402 2010 4473 aliquandiu

315 4517 549 4556 manere
588 4497 948 4569 permittens,
980 4497 1351 4566 post;paucos
1402 4491 1521 4546 dies
1576 4491 1825 4546 dominis
1890 4491 2009 4544 suis

313 4588 665 4644 incolumem
696 4583 935 4639 remisit.

386 4681 436 4732 8.
490 4676 597 4732 Sed
648 4689 780 4728 mox
837 4677 904 4726 ut
949 4686 1213 4743 regressa
1271 4673 1376 4736 est,
1433 4667 1675 4739 pristino
1729 4667 2008 4738 languore

312 4770 574 4836 correpta
617 4769 720 4819 est.
779 4762 987 4817 Videns
1044 4764 1232 4814 autem
1285 4755 1560 4829 pradicta
1613 4755 1847 4810 domina
1893 4771 2009 4810 non

316 4858 530 4912 bonum
559 4852 864 4909 consilium
890 4850 1086 4919 fuisse,
1128 4848 1283 4919 quod
1323 4846 1441 4900 ullo
1488 4844 1660 4900 modo
1711 4861 1744 4898 a
1799 4859 2009 4899 mona-

312 4945 488 5001 sterio
520 4947 650 5015 post
677 4941 979 4995 sanitatem
1009 4937 1408 5000 abduceretur,
1467 4949 1598 4988 cum
1641 4932 2008 4988 festinatione

314 5051 440 5090 eam
471 5033 749 5087 reducens
781 5028 1031 5084 ecclesia
1061 5026 1122 5080 in
1177 5022 1478 5095 proprium
1537 5021 1773 5076 tradidit
1827 5021 2012 5076 famu-

315 5126 516 5190 latum,
592 5119 900 5190 statimque
956 5114 1274 5180 convaluit;
1323 5112 1419 5168 sed
1495 5111 1604 5182 (55)
1658 5110 2012 5165 intolerabili

313 5213 465 5283 gula
495 5210 753 5283 appetitu
778 5206 1142 5278 fatigabatur.
1169 5201 1279 5258 Sed
1309 5202 1446 5256 dum
1483 5200 1655 5254 nimis
1680 5199 1815 5254 inde
1847 5199 2008 5254 labo-

385 5355 502 5429 (53)
559 5350 870 5429 Sequentia
926 5346 1202 5429 miracula
1274 5361 1343 5429 ex
1389 5341 1722 5429 Wolfhardo
1777 5341 2007 5429 selecti}:

312 5415 786 5494 Qu‘od'prim’um,
815 5425 1081 5475 narratur
1119 5418 1190 5472 ab
1224 5417 1367 5494 col.
1398 5431 1480 5494 ut,
1521 5429 1580 5494 _c.
1644 5415 1698 5477 3,
1766 5415 2012 5482 contigit

314 5485 407 5551 an.
436 5485 560 5564 895,
592 5485 827 5549 biennio
857 5496 983 5562 post
997 5487 1275 5564 corporis
1297 5485 1756 5564 translationem.

385 5567 496 5639 (54)
528 5553 649 5632 lita,
680 5568 837 5631 Ant.,
858 5553 1212 5616 Frichera'da.
1245 5558 1397 5622 Sur.,
1430 5553 1760 5610 Fn’derada.

1401 295 1789 354 ADELBOLDI
1829 295 2342 354 TRAJECTENSIS
2381 297 2720 355 EPISCOPI.

3684 307 3705 357 1
3716 305 3841 356 096

2045 426 2090 479 Α
2118 437 2250 474 rans
2279 421 2783 484 verecundaretur,
2836 421 2982 477 inito
3032 421 3268 477 consilio
3312 423 3627 494 prudenter
3676 439 3842 478 con-

2118 509 2266 564 fessa
2296 517 2382 564 est
2406 511 2516 564 hoc
2557 511 2784 566 cuidam
2822 511 3107 566 Thiedildi
3148 512 3405 582 ejusdem
3473 513 3832 567 monasterii

2116 599 2507 670 procuratrici,
2553 604 2836 670 quatenus
2892 601 3014 670 ejus
3065 600 3417 655 orationibus
3451 601 3524 655 ab
3583 601 3695 655 hac
3727 602 3825 655 in-

2115 687 2362 742 satiabili
2382 688 2634 759 ingluvie
2679 688 3093 744 sublevaretur.
3134 689 3270 753 Qua
3322 690 3445 760 ejus
3503 690 3828 745 afflictioni

2115 792 2431 846 compassa,
2463 776 2711 845 {salubre
2772 778 3099 848 excogitans
3139 779 3464 847 consilium,
3497 780 3635 834 fecit
3691 796 3832 835 eam

2114 865 2370 934 accipere
2400 865 2686 920 benedicti
2717 867 2884 936 panis
2922 867 3246 937 portionem
3274 884 3307 921 a
3350 868 3610 939 quodam
3648 884 3833 923 vene-

2113 953 2281 1007 rabili
2315 953 2666 1025 presbytero,
2720 955 2956 1008 nomine
3005 956 3112 1024 (56)
3163 955 3505 1011 Reimundo.
3571 958 3643 1012 Ut
3675 974 3828 1028 ergo

2114 1058 2179 1096 ex
2210 1058 2277 1097 eo
2319 1043 2585 1114 gustavit,
2635 1043 2714 1098 ita
2745 1044 3023 1115 paulatim
3079 1045 3222 1099 miro
3265 1045 3436 1100 modo
3481 1046 3828 1102 decrescere

2111 1129 2285 1201 coepit
2312 1136 2366 1184 et
2412 1130 2741 1200 annihilari,
2779 1137 2844 1187 ut
2869 1138 3038 1188 antea
3078 1134 3372 1188 consuevit
3415 1137 3824 1206 augmentari,

2114 1221 2176 1271 ut
2207 1219 2436 1273 tandem
2470 1220 2615 1274 nihil
2660 1221 2817 1275 aliud
2863 1222 3031 1277 edere
3077 1223 3190 1277 nisi
3234 1239 3463 1278 caseum
3509 1228 3566 1278 et
3613 1224 3828 1279 bibere

2113 1306 2222 1360 nisi
2252 1307 2410 1361 lactis
2438 1308 2601 1363 valde
2619 1308 2910 1364 modicum
2945 1311 3092 1364 circa
3121 1311 3239 1365 fere
3261 1310 3565 1365 dimidium
3590 1327 3828 1366 annum

2112 1395 2411 1466 potuisset.
2445 1397 2648 1450 Postea
2672 1413 2806 1451 vero
2838 1398 2918 1452 ita
2954 1398 3039 1452 illi
3066 1399 3296 1469 penitus
3339 1399 3652 1470 corporalis
3715 1416 3832 1454 nu-

2111 1484 2366 1538 trimenti
2393 1484 2600 1539 defecit
2626 1485 2996 1553 desiderium,
3028 1492 3093 1540 ut
3137 1488 3183 1540 si
3208 1487 3516 1558 aliquando
3558 1493 3831 1542 tentaret

2112 1571 2181 1625 de
2240 1572 2435 1642 aliquo
2487 1578 2720 1644 gustare
2803 1574 2998 1628 statim
3077 1576 3444 1629 evomuisset.
3501 1577 3642 1630 Cum
3668 1593 3826 1630 vero

2117 1659 2227 1713 sibi
2252 1660 2489 1713 omnino
2516 1658 2638 1714 sine
2679 1659 2850 1714 celeri
2894 1661 3115 1714 vomitu
3169 1662 3314 1715 nihil
3352 1678 3521 1732 posse
3574 1668 3826 1734 gustare

2117 1747 2346 1801 credula
2388 1746 2712 1814 exstitisset,
2748 1749 2970 1820 rogavit
2998 1749 3334 1820 praedictam
3387 1750 3483 1804 Dei
3529 1749 3821 1806 famulam

2114 1834 2469 1889 Thiedildem
2497 1839 2562 1889 ut
2582 1836 2722 1890 nihil
2758 1837 2944 1891 vitalis
2992 1837 3262 1908 stipendii
3307 1838 3394 1892 illi
3422 1838 3810 1909 impenderet,

2115 1938 2246 1976 cum
2277 1939 2448 1977 omne
2477 1924 2634 1994 quod
2663 1924 3027 1994 impenderet
3065 1927 3428 1997 perdidisset.
3469 1929 3622 1982 Tunc
3677 1943 3806 1982 rem

2116 2027 2149 2064 a
2174 2011 2380 2065 saculo
2420 2011 2740 2067 inauditam
2771 2014 3104 2084 stupefacta,
3137 2015 3324 2069 ullum
3363 2015 3575 2087 quippe
3597 2032 3818 2086 corpus

2113 2115 2280 2170 posse
2314 2100 2528 2171 absque
2573 2101 2848 2155 alimento
2907 2103 3106 2157 tandiu
3152 2103 3365 2173 vivere,
3414 2105 3566 2175 quod
3619 2105 3691 2159 de
3743 2121 3816 2158 ea

2114 2193 2330 2258 ageret,
2384 2189 2558 2243 nimis
2614 2190 2910 2244 astuabat.
2965 2191 3217 2246 Tandem
3253 2193 3327 2246 ad
3370 2194 3604 2247 alteram
3649 2194 3814 2247 illius

2115 2277 2452 2331 monasterii
2481 2279 2774 2332 ecclesiam
2803 2279 2881 2333 ibi
2911 2295 3088 2351 prope
3113 2280 3363 2350 positam
3407 2297 3530 2336 eam
3574 2282 3814 2350 direxit,

2115 2367 2528 2421 commendans
2558 2383 2682 2421 eam
2723 2367 2946 2422 cuidam
3001 2384 3070 2423 ex
3117 2370 3476 2424 consortibus
3501 2370 3640 2441 ejus,
3675 2387 3812 2441 qua

2114 2455 2329 2510 ibidem
2357 2457 2718 2526 procuratrix
2749 2456 3059 2531 constituta
3087 2463 3225 2512 erat.
3259 2457 3443 2522 Quam
3490 2459 3813 2529 suscipiens

2115 2559 2247 2597 cum
2277 2544 2439 2598 omni
2475 2544 2776 2614 diligentia
2826 2546 3165 2611 observavit,
3223 2563 3435 2618 sexque
3495 2548 3810 2602 hebdoma-

2117 2632 2206 2687 dis
2228 2633 2345 2686 fere
2372 2648 2565 2686 secum
2606 2633 2880 2693 detinuit:
2926 2634 2987 2688 in
3017 2635 3227 2706 quibus
3276 2651 3405 2689 eam
3456 2635 3598 2690 nihil
3649 2653 3814 2690 man-

2117 2722 2351 2776 ducasse
2371 2723 2458 2776 vel
2475 2722 2685 2776 bibisse
2723 2722 3102 2777 certissimum
3135 2724 3260 2778 fuit.

2189 2813 2241 2864 9.
2274 2810 2489 2875 Quibus
2518 2810 2777 2880 expletis,
2819 2811 2973 2865 venit
3019 2813 3257 2882 prafata
3311 2812 3622 2868 Thiedildis
3663 2813 3820 2868 hanc

2117 2897 2366 2966 visitare,
2426 2899 2578 2970 quod
2631 2899 2846 2954 factum
2886 2899 3088 2954 fuisset
3143 2901 3444 2972 comperit.
3494 2903 3653 2956 Tunc
3714 2904 3820 2958 Dei

2045 2991 2089 3049 α
2122 2987 2325 3041 ancilla
2355 2987 2666 3042 Thiedildis
2691 2988 2927 3043 diversis
2971 2989 3152 3043 modis
3204 2997 3261 3045 et
3301 2990 3597 3044 blanditiis
3647 2991 3820 3061 capit

2121 3090 2249 3129 eam
2273 3075 2586 3144 exhortari,
2617 3075 2812 3130 dicens
2845 3093 2858 3131 :
2887 3097 2915 3126 «
2941 3077 3088 3144 Noli,
3136 3077 3470 3133 charissima
3517 3078 3664 3146 filia,
3699 3080 3817 3133 noli

2118 3160 2456 3232 hujusmodi
2499 3163 2885 3218 obstinatione
2917 3168 2973 3218 te
3021 3164 3306 3230 seducere,
3351 3165 3449 3220 sed
3506 3167 3706 3236 potius
3747 3167 3811 3220 ad

2119 3255 2372 3304 mentem
2421 3252 2671 3305 accelera
2717 3253 2923 3318 redire,
2975 3258 3030 3307 et
3060 3253 3350 3307 alimonia
3391 3253 3641 3325 aliquid,
3694 3255 3811 3309 tibi-

2121 3339 2351 3409 metipsi
2380 3339 2705 3407 consulens,
2737 3341 3006 3411 percipe;
3038 3342 3084 3396 si
3122 3358 3257 3396 vero
3295 3343 3559 3412 quolibet
3605 3344 3807 3398 falleris

2119 3427 2536 3497 phantasmate.
2582 3429 2760 3483 fatere
2799 3429 2938 3496 ﬁlia,
2971 3436 3028 3484 et
3068 3431 3185 3485 noli
3231 3431 3612 3499 erubescere;
3651 3433 3803 3487 credo

2119 3531 2223 3586 pro
2250 3521 2402 3571 certo
2431 3517 2478 3570 si
2510 3516 2734 3586 feceris,
2767 3519 2922 3589 quod
2954 3535 3085 3573 mox
3121 3520 3370 3574 domina
3425 3526 3648 3576 nostra
3693 3536 3805 3592 pre—

2119 3603 2280 3656 cibus
2309 3605 2616 3676 adjuveris.
2645 3607 2740 3659 His
2757 3607 2965 3661 auditis
2986 3608 3058 3662 ob
3083 3605 3322 3662 nimiam
3347 3608 3440 3679 obj
3452 3611 3804 3679 urgationem

2121 3693 2482 3759 erubescens,
2506 3694 2616 3764 (57)
2645 3701 2839 3750 coacta
2868 3696 3124 3751 tentabat
3147 3696 3366 3768 aliquid
3414 3706 3668 3768 gustare,
3709 3714 3805 3752 nec

2119 3786 2358 3851 poterat.
2420 3782 2530 3836 Sed
2578 3799 2650 3837 ne
2708 3783 3056 3839 exhortantis
3114 3785 3214 3838 Dei
3275 3785 3500 3839 ancilla
3566 3786 3808 3839 suasoria

2120 3870 2290 3924 verba
2320 3875 2690 3925 contemnere
2729 3872 3041 3938 videretur,
3073 3873 3240 3943 petiit
3267 3873 3377 3927 sibi
3431 3875 3502 3928 de
3550 3874 3809 3929 deteriori

2120 3958 2300 4012 sicera
2353 3960 2672 4030 porrigere.
2725 3961 2800 4014 Ex
2857 3977 2970 4031 qua
3019 3961 3155 4016 dum
3206 3964 3613 4032 permodicum
3643 3965 3810 4018 invita

2118 4047 2492 4117 degustasset,
2529 4064 2662 4102 mox
2707 4065 2810 4119 per
2835 4066 3005 4103 nares
3034 4055 3091 4104 et
3124 4066 3228 4121 per
3266 4052 3465 4106 oculos
3501 4053 3562 4107 id
3593 4069 3804 4123 parum,

2121 4136 2271 4206 quod
2305 4135 2642 4206 degustavit,
2665 4137 2878 4208 erupit,
2909 4139 2990 4192 ita
3021 4143 3087 4192 ut
3115 4155 3247 4193 mox
3277 4156 3428 4194 caca
3472 4141 3805 4196 efficeretur.

2119 4225 2277 4278 Tunc
2327 4226 2400 4279 ad
2449 4227 2863 4280 monasterium
2931 4227 3164 4282 reducta
3213 4245 3330 4282 non
3387 4236 3524 4300 post
3573 4231 3808 4285 multum

2119 4313 2393 4384 temporis
2418 4314 2604 4368 visum
2635 4315 3022 4386 recuperavit;
3054 4317 3150 4370 sed
3182 4317 3242 4370 in
3275 4318 3501 4383 eadem,
3525 4336 3640 4390 qua
3661 4321 3809 4389 prius

2117 4402 2334 4456 cunctis
2391 4402 2750 4474 obstupenda
2792 4403 3154 4458 detinebatur
3188 4405 3561 4474 abstinentia,
3613 4410 3808 4479 perdu-

2117 4490 2281 4545 ravit.
2325 4492 2584 4562 Cumque
2618 4492 2893 4563 pradicta
2935 4493 3369 4548 materfamilias
3425 4500 3667 4568 totaque
3718 4499 3806 4552 illa

2117 4579 2393 4649 puellaris
2413 4581 2782 4651 congregatio
2809 4581 2879 4636 de
2904 4581 3234 4652 hujusmodi
3263 4583 3528 4639 inaudita
3556 4602 3805 4657 unquam

2117 4683 2287 4722 causa
2316 4668 2488 4723 nimis
2517 4669 3002 4740 obstupescerent,
3033 4671 3178 4725 inito
3206 4671 3468 4739 consilio,
3507 4675 3804 4743 prasnlem

2116 4757 2529 4826 venerandum,
2589 4757 2662 4812 ad
2713 4759 2878 4830 cujus
2925 4759 3216 4814 diacesim
3284 4759 3342 4814 id
3395 4762 3808 4816 monasterium

2118 4844 2550 4915 subjiciebatnr,
2583 4845 2884 4914 adierunt;
2910 4862 3150 4918 remque
3175 4863 3278 4918 per
3307 4847 3577 4903 ordinem
3609 4849 3682 4904 ab
3708 4848 3808 4902 ini-

2116 4931 2196 4986 tio
2226 4937 2446 5000 gestam
2476 4939 2876 5003 narraverunt,
2909 4935 3062 5006 quod
3102 4935 3225 5006 ejus
3273 4935 3604 5005 prudentia
3649 4951 3812 5008 super

2118 5021 2229 5075 hoc
2284 5021 2611 5077 incredibili
2659 5023 2825 5094 signo
2877 5023 3169 5078 videretur
3210 5040 3332 5078 esse
3370 5024 3812 5080 discernendum

2121 5114 2178 5163 et
2207 5111 2594 5164 statuendum.
2635 5111 2734 5165 llle
2797 5127 2928 5166 vero
2979 5111 3087 5166 hoc
3143 5112 3338 5168 audito
3383 5113 3812 5185 obstupescens,

2118 5198 2280 5253 nullo
2311 5199 2485 5254 modo
2511 5199 2800 5269 credulus,
2821 5199 3126 5255 verebatur
3146 5217 3218 5256 ne
3247 5201 3443 5272 aliqua
3461 5202 3817 5257 milleformis

2192 5339 2300 5409 (55)
2328 5339 2574 5394 Additur
2605 5339 2666 5396 in
2696 5355 2804 5396 ms.
2838 5344 3074 5396 Antuer.
3107 5342 3341 5410 singulis
3367 5341 3580 5397 diebus.

2192 5410 2302 5481 (56)
2323 5411 2467 5464 Aliis
2496 5412 2796 5481 Remundo,
2817 5412 3114 5482 Himundo,
3145 5412 3454 5481 Immundo,
3476 5413 3720 5470 Mundo.

2191 5484 2302 5547 (57)
2334 5484 2391 5536 In
2433 5499 2568 5538 mss.
2605 5485 2739 5538 Ant.
2780 5488 2839 5538 et
2864 5483 2920 5538 S.
2963 5485 3106 5538 Max.
3147 5483 3484 5548 addebatur,
3517 5485 3750 5539 tacebat.
