4014 6200
140 298 268 350 1097

1512 295 1671 350 VITA
1708 298 1763 350 S.
1811 298 2239 354 WALBURGIS.

3482 302 3623 357 1098

134 427 349 483 diaboli
378 425 587 480 astutia
614 425 812 479 delusa
836 425 988 479 visus
1014 423 1318 479 hominum
1354 424 1596 492 falleret,
1648 428 1818 497 eique
1855 436 1898 487 Α
1932 446 2084 483 nunc
2119 430 2188 483 ad
2229 430 2524 483 ecclesiam
2571 431 2827 483 eundum
2874 434 2979 497 est,
3021 446 3152 484 cum
3196 431 3441 485 necdum
3500 431 3627 502 pul-

132 513 420 568 alimoniae
450 512 784 566 refocillatio
824 513 882 566 in
932 512 1332 566 secretioribus
1386 513 1588 582 positas
1643 512 1825 582 quali-

132 616 361 672 cunque
391 605 513 654 arte
561 600 1077 654 administraretur.
1129 602 1287 653 Tunc
1328 616 1460 654 cum
1510 601 1626 654 suis
1682 600 1828 654 inito

133 690 399 757 consilio,
432 696 745 759 vocatoque
768 689 837 742 de
859 688 1209 742 monasterio
1239 688 1296 742 S.
1328 689 1648 759 Walburgaa
1670 688 1829 742 valde

135 779 404 847 religioso
460 778 812 847 presbytero,
859 779 1193 832 auctoritate
1224 778 1563 848 pontiﬁciali
1619 780 1829 831 iterum

135 868 464 935 iterumque
528 865 823 918 mandavit
880 872 943 919 ut
964 866 1225 919 eamdem
1255 866 1544 932 ancillam,
1594 867 1664 920 de
1719 882 1833 935 qua

134 953 456 1024 loquimur,
497 953 560 1005 in
591 969 753 1006 suam
793 958 1117 1022 susceptam
1160 953 1505 1020 custodiam,
1538 969 1610 1006 ne
1639 953 1833 1023 aliqua

136 1047 350 1100 astutia
375 1046 655 1099 humanos
700 1047 921 1101 falleret
967 1047 1219 1114 obtutus,
1255 1046 1580 1099 cautissime
1640 1046 1831 1100 obser-

137 1139 319 1187 varet.
353 1133 516 1197 Quod
550 1138 607 1186 et
636 1133 787 1199 fecit,
823 1138 896 1199 et,
928 1139 988 1186 ut
1036 1133 1193 1202 prius
1224 1137 1519 1186 narratum
1569 1133 1773 1197 fuerat,
1804 1150 1837 1185 a

138 1239 204 1275 se
285 1220 720 1290 diligentissime
789 1225 1145 1291 compertum
1203 1220 1472 1290 episcopo
1530 1220 1832 1273 nuntiavit.

136 1313 301 1365 Tunc
358 1310 563 1379 praesul
612 1309 771 1362 omni
817 1309 1173 1363 dubitatione
1221 1309 1447 1363 detersa
1503 1307 1665 1378 quasi
1715 1308 1838 1377 jam

140 1399 477 1465 compulsus
508 1397 767 1451 credidit.
817 1398 905 1451 Sic
946 1397 1193 1467 denique
1263 1397 1447 1450 adhuc
1503 1396 1750 1449 triennio
1807 1411 1840 1447 a

140 1488 202 1540 S.
248 1486 468 1539 Martini
517 1485 691 1539 missa
732 1502 909 1554 usque
960 1486 1029 1538 ad
1057 1485 1222 1538 illum
1271 1485 1616 1538 consistebat
1663 1484 1836 1536 diem.

144 1573 509 1641 Operabatur
548 1579 741 1626 tamen
788 1573 950 1641 juxta
988 1571 1273 1625 facultatis
1318 1572 1616 1624 modulum
1672 1570 1840 1639 quid-

144 1660 294 1731 quid
341 1660 425 1713 illi
467 1661 652 1713 fuerat
692 1660 1037 1728 injunctum.
1092 1659 1501 1713 Eucharistiam
1535 1673 1668 1711 vero
1693 1673 1844 1726 quo—-

147 1750 263 1803 ties
293 1764 518 1802 sumere
570 1747 880 1811 nitebatur,
932 1747 1044 1799 nisi
1097 1762 1227 1798 cum
1283 1746 1440 1799 omni
1481 1745 1845 1798 festinatione

148 1836 470 1890 dormitum
529 1835 657 1899 iret,
706 1850 833 1886 mox
886 1833 1295 1886 vomitabunda
1346 1832 1618 1885 constitit.
1674 1832 1847 1895 Quid-

151 1923 296 1993 quid
327 1938 463 1990 ergo
504 1937 654 1974 nunc
701 1921 970 1973 humanae
1008 1921 1235 1973 videtur
1258 1919 1614 1989 impossibile
1660 1919 1850 1972 imbe-

152 2009 403 2074 cillitati,
435 2008 784 2061 omnimodis
822 2008 1030 2061 divinae
1060 2006 1395 2060 facillimum
1428 2022 1547 2058 esse
1586 2006 1852 2058 credatur

155 2094 467 2165 majestati.

237 2186 323 2236 l0.
354 2185 464 2249 (58)
496 2183 696 2235 Postea
724 2181 901 2251 igitur
948 2181 1429 2251 prudentissimus
1480 2180 1540 2233 in
1586 2179 1855 2233 omnibus

161 2271 570 2325 Ercamboldus
606 2271 811 2323 missus
840 2269 979 2322 illuc
1022 2286 1150 2323 cum
1181 2270 1297 2322 suis
1327 2269 1452 2322 aliis
1482 2269 1619 2322 boni
1666 2267 1856 2321 meriti

156 2359 299 2412 viris
349 2358 857 2427 archipresbyteris
908 2359 1311 2426 corpusculum
1372 2358 1548 2410 beatae
1619 2356 1857 2425 virginis

156 2446 333 2517 jussit
404 2446 593 2510 effodi,
670 2445 1085 2513 inventumque
1142 2446 1446 2513 diligenter
1501 2445 1853 2497 contrectari.

160 2533 326 2597 Quod
358 2531 534 2585 nimia
561 2531 942 2600 trepidatione
975 2548 1103 2584 cum
1137 2532 1343 2585 divinis
1376 2532 1640 2585 laudibus
1670 2532 1861 2584 adim-

161 2622 388 2691 plentes
416 2619 741 2673 effodiendo
786 2619 1131 2671 invenerunt
1185 2618 1457 2688 reliquias
1488 2617 1860 2671 sanctissima:

164 2708 427 2778 virginis,
482 2707 727 2760 nimium
779 2707 1151 2770 adamandas,
1191 2707 1354 2776 quasi
1403 2706 1564 2760 tenui
1619 2706 1861 2759 humore

163 2797 528 2851 madefactas.
574 2795 709 2859 Quae
754 2795 1017 2864 quamvis
1081 2798 1305 2847 tantum
1362 2799 1552 2847 essent
1600 2794 1859 2860 roscidm,

164 2885 331 2939 nullo
378 2889 571 2937 tamen
626 2889 789 2952 pacto
843 2883 1045 2936 saltem
1102 2898 1249 2935 unus
1313 2882 1633 2951 pulviculus
1689 2881 1866 2934 valuit

1937 525 2057 570 sata
2110 518 2463 571 matutinalia
2505 518 2666 588 signa
2700 520 3061 572 sonuerunt?
3113 520 3226 589 Ego
3254 520 3466 589 quippe
3525 536 3630 574 nec

1937 606 2070 659 illuc
2099 606 2317 659 incessu
2368 608 2579 675 pedum
2615 606 2730 659 ullo
2792 608 2964 660 modo
2995 623 3235 677 pergere
3275 609 3456 673 valeo,
3521 608 3631 661 nisi

1941 695 2182 748 aliorum
2234 694 2499 748 manibus
2542 696 2786 749 deducta
2823 694 3007 747 fuero.
3037 714 3066 745 ιι
3101 695 3209 758 Qui
3240 696 3321 748 ait
3355 712 3367 748 :
3421 715 3448 746 «
3485 696 3633 749 Vade

1940 782 2201 849 celerius,
2252 799 2326 835 ne
2359 783 2620 848 moreris,
2645 784 2915 852 quoniam
2951 783 3322 837 Williboldus
3372 785 3634 837 eamdem

1941 886 2073 923 cum
2102 886 2313 940 magno
2346 872 2575 940 agmine
2608 871 2840 923 intravit
2869 870 3188 935 ecclesiam,
3230 872 3478 940 qualiter
3506 887 3634 924 san-

1942 964 2087 1011 ctam
2117 974 2374 1012 sororem
2406 974 2567 1011 suam
2602 959 2954 1013 reconditam
2985 958 3215 1024 habeas,
3250 964 3359 1011 ate
3412 959 3638 1011 curiose

1942 1047 2281 1118 perquirere
2316 1046 2529 1100 volens.
2566 1066 2593 1097 »
2626 1046 2762 1110 Qum
2802 1047 3013 1110 statim,
3052 1062 3115 1099 ac
3166 1047 3214 1099 si
3243 1046 3389 1099 nihil
3422 1046 3638 1099 incom-

1946 1136 2100 1189 modi
2138 1135 2450 1205 perferens,
2484 1135 2746 1201 surrexit,
2786 1141 2843 1188 et
2882 1135 2950 1188 de
2980 1134 3106 1187 loco
3142 1134 3208 1187 ad
3258 1135 3447 1187 locum
3493 1132 3639 1185 exsi-

1948 1224 2116 1290 liens,
2175 1223 2488 1288 basilicam,
2555 1223 2626 1277 ad
2673 1240 2845 1293 quam
2894 1222 3156 1285 tetendit,
3214 1222 3473 1289 ingressa
3535 1224 3638 1283 est,

1949 1311 2157 1365 divinas
2214 1312 2533 1365 clementia:
2589 1318 2759 1381 atque
2822 1312 3002 1364 beatas
3048 1310 3260 1379 virgini
3324 1309 3643 1379 gratiarum

1950 1398 2199 1452 actiones
2230 1416 2334 1469 pro
2367 1401 2572 1468 adepta
2599 1399 2865 1468 sospitate
2899 1397 3185 1467 rependit.

2026 1490 2107 1540 l2.
2142 1487 2387 1549 Quidam
2418 1499 2607 1539 autem
2651 1502 2868 1555 pauper
2898 1503 2928 1538 a
2962 1485 3252 1538 nativitate
3304 1488 3644 1547 contractus,

1954 1574 2115 1644 quasi
2170 1574 2454 1644 quoddam
2513 1579 2845 1626 cerneretur
2903 1577 3248 1637 monstrum,
3302 1572 3440 1624 dum
3498 1571 3650 1623 inter

1954 1664 2147 1733 plures
2172 1662 2243 1715 ad
2281 1662 2335 1716 S.
2372 1662 2691 1731 Walburgae
2737 1662 3053 1730 patrocinia
3098 1660 3515 1729 confugientes,
3566 1659 3648 1710 vi-

1957 1756 2080 1804 ctus
2137 1750 2354 1819 pariter
2410 1755 2468 1801 et
2506 1748 2745 1802 remedii
2802 1748 3069 1801 solatium
3129 1751 3432 1816 quaereret,
3488 1748 3652 1798 nocte

1958 1837 2205 1906 quadam
2238 1836 2345 1888 sibi
2372 1836 2679 1888 dormienti
2718 1835 2987 1905 apparuit
3014 1834 3343 1887 beatissima
3383 1832 3564 1901 virgo,
3598 1836 3657 1885 et

1961 1929 2023 1977 ut
2078 1922 2149 1975 ad
2199 1922 2495 1975 ecclesiam
2535 1928 2820 1991 pergeret,
2874 1922 3197 1991 imperavit.
3249 1921 3372 1984 Quo
3415 1937 3655 1990 respon—

1959 2011 2130 2064 dente
2190 2026 2248 2062 se
2301 2009 2510 2078 algoris
2567 2008 2938 2078 asperitatem
2991 2010 3446 2076 perhorrescere,
3507 2008 3660 2060 ideo-

1962 2113 2073 2167 que
2103 2113 2208 2150 nec
2236 2113 2269 2149 a
2301 2097 2421 2149 loco
2451 2095 2659 2165 quietis
2690 2095 2901 2148 audere
2948 2111 3006 2147 se
3056 2095 3257 2148 saltem
3288 2095 3529 2162 erigere.
3573 2094 3659 2146 Ad

1962 2202 2134 2257 quem
2179 2187 2278 2239 illa
2309 2184 2534 2238 blandis
2561 2183 2853 2253 respondit
2876 2183 3063 2237 verbis
3098 2199 3109 2236 :
3155 2202 3182 2233 «
3212 2183 3384 2248 Vade,
3415 2182 3656 2246 miselle,

1964 2272 2243 2337 celeriter,
2277 2272 2551 2341 quoniam
2584 2289 2690 2337 ego
2738 2276 2792 2323 te
2833 2272 2903 2325 ab
2935 2272 3103 2340 hujus
3158 2271 3391 2340 frigoris
3447 2269 3661 2338 asperi-

1966 2365 2079 2412 tate
2110 2375 2225 2428 qua
2256 2375 2409 2412 nunc
2455 2358 2725 2428 afﬂigeris
2774 2363 3101 2429 protegens,
3150 2357 3335 2411 calida
3402 2356 3663 2410 membra

1966 2447 2417 2513 administrabo;
2485 2446 2746 2517 mihique
2806 2446 2915 2516 (59)
2971 2462 3075 2516 pro
3116 2446 3348 2500 redditae
3409 2444 3664 2499 sanitatis

1971 2536 2294 2589 mercedula
2324 2535 2648 2599 scabellula,
2682 2535 2891 2605 quibus
2918 2535 3102 2589 adhuc
3140 2534 3317 2588 uteris
3355 2532 3665 2588 incurvatis

1971 2623 2225 2689 artubus,
2289 2623 2359 2676 ad
2408 2623 2705 2676 ecclesiam
2776 2623 3121 2692 suspendere
3182 2621 3433 2675 debebis.
3469 2640 3495 2672 ι)
3558 2619 3666 2682 Qui

1972 2710 2233 2780 quamvis
2294 2710 2607 2781 pigerrime
2675 2712 2744 2763 ad
2794 2711 3089 2764 ecclesiam
3145 2725 3411 2780 pergens,
3470 2707 3668 2778 ibique

1973 2799 2271 2867 paululum
2302 2804 2708 2863 commoratus,
2744 2800 2813 2852 ad
2843 2814 3011 2852 suum
3033 2798 3238 2852 anxius
3266 2797 3439 2851 rediit
3474 2794 3668 2865 hospi-

1973 2886 2141 2939 tium.
2200 2886 2360 2940 Mane
2408 2893 2599 2939 autem
2647 2886 2795 2940 facto
2844 2887 3055 2940 iterum
3101 2901 3393 2955 regressus
3437 2884 3575 2938 illuc
3614 2888 3672 2937 et

166 2972 438 3026 manibus
487 2969 911 3023 attrectantium
952 2969 1264 3023 adhaerere.
1329 2969 1562 3022 Sublata
1609 2974 1744 3021 tunc
1797 2984 1866 3020 ex
1904 2979 1945 3034 ς,
1978 2979 2110 3028 ante
2162 2974 2343 3028 beata;
2394 2974 2635 3043 virginis
2694 2976 2964 3028 feretrum
3025 2991 3083 3029 se
3138 2974 3468 3045 proﬁciens,
3526 2972 3676 3025 circa,

168 3058 537 3131 Heystatensi
600 3056 945 3111 monasterio
1017 3056 1337 3126 corpusculi
1393 3071 1567 3109 sacras
1631 3055 1868 3125 virginis

167 3149 461 3219 portione,
508 3150 683 3216 prout
724 3145 1026 3214 episcopus
1083 3145 1359 3199 dictatum
1399 3144 1618 3210 habuit,
1667 3143 1866 3196 turbu-

170 3234 530 3290 lentissimas
559 3250 774 3287 maeror
811 3241 869 3286 et
908 3233 1153 3302 ejulatus
1189 3232 1675 3302 Heystatensibus,
1706 3231 1869 3301 quasi

175 3331 362 3380 totam
408 3332 734 3378 matronam
788 3323 897 3376 sibi
943 3323 1193 3375 ablatam
1245 3321 1608 3382 deﬂentibus,
1641 3327 1872 3374 exortus

171 3418 282 3469 est.
340 3415 565 3466 Interea
614 3411 753 3465 dum
802 3415 960 3464 tanta
1007 3408 1189 3479 optati
1247 3409 1503 3462 muneris
1554 3408 1875 3477 patrocinia

75 3514 82 3529 ‘
172 3517 308 3557 cum
343 3516 552 3569 magna
582 3498 994 3553 exsultantium
1035 3498 1216 3567 gloria
1258 3497 1327 3549 ad
1368 3496 1559 3549 locum
1611 3496 1709 3566 qui
1749 3496 1877 3549 dici-

174 3596 274 3644 tur
316 3589 650 3643 Movenhem
705 3587 1070 3647 ducerentur,
1117 3585 1351 3655 quidam
1407 3584 1552 3637 forte
1604 3583 1876 3653 epilepti-

176 3694 281 3733 cus
308 3693 454 3748 puer
484 3676 627 3730 sacri
655 3674 926 3745 ponderis
982 3674 1190 3727 feretro
1215 3672 1468 3739 obvians,
1529 3670 1633 3724 sub
1674 3671 1878 3724 eodem

179 3782 241 3819 se
278 3765 600 3829 incurvans,
648 3764 832 3833 ipsam
872 3779 1045 3833 quam
1079 3760 1344 3833 quaesivit
1376 3760 1682 3814 sanitatem
1724 3774 1879 3812 rece-

180 3854 291 3924 pit.
370 3853 525 3906 Tunc
581 3852 790 3917 subito,
860 3856 926 3905 ut
980 3866 1178 3904 omnes
1249 3853 1636 3903 commeantes
1695 3846 1885 3901 testati

186 3945 342 4006 sunt,
374 3945 533 3994 tanta
573 3940 631 3992 in
662 3939 863 3993 eodem
913 3939 1035 3991 loco
1069 3937 1261 3992 odoris
1293 3935 1619 4005 redolentia
1672 3934 1883 3987 confla-

188 4028 396 4100 gravit,
440 4034 507 4082 ut
550 4043 715 4081 nares
745 4026 1220 4097 praetereuntium
1267 4026 1357 4079 vel
1414 4022 1888 4094 subsequentium

192 4117 472 4171 feretrum
510 4115 659 4170 ferre
684 4114 778 4168 vix
804 4114 1144 4184 potuissent.

862 4202 1082 4256 CAPUT
1120 4201 1212 4254 IlI.

379 4292 553 4346 Varia
581 4291 849 4344 miracula
887 4305 982 4358 ope
1014 4289 1071 4343 S.
1109 4284 1425 4355 Walburgis
1457 4289 1708 4355 patrata.

272 4383 358 4434 11.
392 4380 706 4449 Postquam
754 4393 890 4447 ergo
939 4374 1311 4430 sanctissimas
1358 4372 1595 4444 virginis
1650 4371 1897 4441 pignora

202 4482 380 4537 supra
433 4472 692 4519 sanctum
763 4464 1025 4534 praedicti
1081 4460 1415 4516 monasterii
1480 4461 1654 4513 altare
1717 4459 1898 4511 locata

200 4563 355 4624 sunt,
401 4557 665 4628 sequenti
716 4561 881 4610 nocte
912 4553 1152 4624 contigit
1203 4552 1547 4607 abbatissam
1597 4550 1899 4605 Liubulam

206 4647 423 4702 ibidem
448 4645 694 4700 adfuisse
720 4660 734 4710 ;
758 4645 1010 4715 dumque
1032 4643 1149 4696 illic
1163 4641 1345 4695 tribus
1367 4640 1597 4694 detenta
1614 4637 1900 4706 noctibus,

207 4738 366 4808 gravi
418 4736 684 4807 podagrae
730 4734 931 4789 morbo
980 4733 1247 4787 laborans
1279 4747 1336 4784 se
1392 4729 1582 4800 sopori
1632 4728 1901 4791 dedisset,

208 4825 388 4880 astitit
439 4824 491 4877 ei
522 4823 759 4894 quidam
812 4822 1136 4875 veneranda
1166 4818 1373 4873 canitie
1404 4817 1663 4883 clericus,
1724 4814 1906 4868 Willi-

208 4913 437 4981 boldus,
484 4916 549 4965 ut
595 4910 849 4965 creditur
897 4909 1219 4980 episcopus,
1252 4906 1307 4961 S.
1362 4905 1684 4974 Walburgae
1732 4903 1909 4956 frater

211 5000 427 5075 (quiin
457 5000 659 5055 eodem
706 5000 832 5053 loco
886 5013 1049 5052 suam
1086 4995 1502 5067 proprietatem
1549 4991 1909 5046 haereditario

208 5094 340 5161 jure
371 5090 541 5158 longe
574 5092 702 5140 ante
733 5086 1002 5140 donatam
1036 5084 1259 5150 habuit)
1288 5096 1530 5150 eamque
1560 5080 1912 5149 compellans

215 5181 293 5233 ita
325 5177 406 5231 ait
441 5193 453 5229 :
492 5196 518 5225 «
557 5175 814 5240 Liubula,
863 5189 965 5227 cur
1007 5170 1265 5226 dormis?
1295 5185 1473 5239 quare
1504 5184 1619 5221 non
1676 5183 1915 5237 surgens

216 5267 288 5322 ad
342 5264 638 5319 ecclesiam
696 5261 983 5333 pergis?»
1024 5260 1108 5314 Ad
1158 5274 1331 5329 quem
1385 5258 1519 5310 illa:
1584 5274 1611 5306 (ι
1656 5257 1724 5309 Ut
1777 5255 1917 5326 quid

292 5392 410 5460 (58)
440 5386 749 5460 Sequentia
793 5401 857 5438 ex
900 5385 940 5437 1.
974 5399 989 5436 ι
1044 5380 1623 5460 Wolfhardisumpta
1653 5382 1804 5460 sunt,
1863 5384 1920 5432 et

224 5450 675 5516 cohaerentium
705 5457 776 5509 iis
806 5472 933 5525 quae
966 5470 1023 5506 n.
1069 5456 1100 5507 6
1133 5453 1305 5525 hujus
1352 5450 1809 5525 Vitaspleguntur.

296 5530 406 5601 (59)
434 5529 558 5583 Mss.
605 5518 844 5594 Treviri,
887 5529 1013 5595 post
1055 5518 1326 5577 redditam
1384 5522 1672 5574 sanitatem
1726 5518 1924 5572 scabel‘

587 5634 858 5699 PATROL.
913 5632 1084 5701 CXL.

1974 3064 2202 3116 tertiam
2240 3063 2442 3115 horam
2500 3063 2689 3117 subito
2724 3063 3063 3133 palpitando
3094 3079 3153 3116 se
3192 3062 3363 3132 ccepit
3413 3061 3672 3114 volutare

1978 3150 2038 3203 in
2099 3150 2429 3219 pavimento
2489 3156 2545 3203 et
2620 3151 2986 3219 protendere,
3056 3156 3111 3205 et
3162 3150 3493 3213 scabellula,
3551 3147 3675 3201 sine

1979 3238 2187 3307 quibus
2242 3254 2542 3307 nunquam
2604 3254 2663 3291 se
2697 3239 2767 3292 de
2826 3239 2951 3292 loco
2982 3237 3289 3291 transferre
3349 3237 3555 3307 potuit,
3613 3249 3678 3288 ac

1981 3325 2026 3378 si
2061 3324 2335 3378 divinitus
2390 3342 2421 3378 e
2470 3325 2736 3379 manibus
2770 3326 2982 3391 evulsa,
3033 3330 3163 3378 ante
3213 3325 3391 3378 altare
3421 3324 3680 3394 projecta

1983 3418 2132 3466 sunt.
2161 3411 2363 3481 Sicque
2406 3413 2679 3466 membris
2711 3412 2981 3466 omnibus
3039 3411 3401 3467 consolidatis
3458 3415 3679 3465 erectus

1985 3499 2316 3566 ambulavit,
2363 3504 2422 3552 et
2475 3500 2872 3553 convalescens
2938 3500 2999 3552 in
3055 3499 3254 3553 eadem
3312 3498 3548 3553 ecclesia
3606 3498 3681 3552 ad

1984 3586 2105 3640 dies
2144 3586 2275 3639 vitae
2308 3602 2426 3639 suae
2465 3586 2687 3639 validus
2717 3591 2771 3639 et
2801 3585 3104 3639 incolumis
3144 3589 3273 3656 post
3303 3585 3540 3639 modum
3578 3585 3680 3638 ad-

1988 3674 2352 3729 ministravit.
3146 3690 3149 3695 ε

2064 3765 2148 3817 13.
2177 3762 2361 3816 Allata
2391 3766 2479 3816 est
2526 3762 2596 3815 ad
2614 3761 2767 3816 idem
2804 3760 3226 3816 monasterium
3257 3760 3523 3831 quaedam
3558 3775 3686 3814 mu-

1992 3852 2117 3920 lier,
2148 3854 2382 3907 nomine
2413 3852 2821 3922 Reginsundis,
2848 3852 2931 3905 ita
2962 3851 3237 3906 membris
3276 3851 3546 3905 omnibus
3583 3850 3690 3904 de-

1994 3941 2233 4008 bilitata,
2266 3945 2331 3994 ut
2381 3940 2495 3993 nisi
2542 3944 2641 3993 aut
2669 3939 2932 3993 vehiculo
2974 3939 3198 3994 duobus
3228 3944 3328 3993 aut
3367 3954 3494 3992 eam
3525 3936 3690 3991 inﬂe-

1996 4030 2079 4083 xis
2128 4030 2279 4083 inter
2310 4045 2370 4082 se
2415 4027 2662 4082 brachiis
2707 4027 3072 4098 portantibus
3110 4028 3269 4081 nullo
3301 4026 3471 4080 modo
3509 4029 3693 4079 trans-

1998 4119 2136 4173 ferri
2175 4118 2404 4188 uspiam
2434 4118 2732 4187 potuisset.
2780 4118 2918 4181 Quae
2949 4121 3080 4171 ante
3113 4118 3314 4184 altare,
3358 4131 3532 4186 super
3580 4128 3696 4184 quo

2000 4205 2239 4276 virginis
2277 4205 2554 4259 feretrum
2583 4205 3004 4271 continebatur,
3038 4220 3069 4257 a
3116 4202 3234 4257 suis
3277 4203 3555 4273 exposita,
3606 4216 3697 4254 ce-

2003 4292 2297 4347 lerrimam
2357 4291 2565 4361 adepta
2619 4296 2706 4345 est
2750 4291 3075 4357 sanitatem,
3134 4290 3209 4344 ita
3264 4295 3330 4343 ut
3376 4288 3500 4343 sine
3554 4288 3699 4341 alte-

2002 4381 2123 4436 rius
2154 4380 2329 4434 ductu
2350 4395 2453 4449 per
2474 4395 2533 4434 se
2550 4379 2961 4446 efficacissime,
2987 4394 3331 4449 quocunque
3355 4378 3549 4443 vellet,
3570 4390 3703 4447 per-

2006 4474 2187 4539 geret,
2220 4469 2413 4522 Jesum
2444 4468 2733 4523 Christum
2777 4473 2833 4522 et
2863 4483 3033 4521 sacra:
3078 4466 3317 4537 virginis
3379 4463 3706 4535 gloriﬁcans

2010 4557 2236 4609 merita.

2088 4643 2168 4696 14.
2228 4641 2502 4705 Quasdam
2564 4641 2736 4695 etiam
2795 4641 3005 4693 mulier
3057 4639 3126 4693 de
3180 4639 3316 4692 villa
3372 4642 3709 4707 nuncupata

2011 4729 2329 4795 Stofohem,
2398 4728 2674 4782 vocabulo
2728 4727 2921 4796 Geyla,
2979 4741 3109 4780 cum
3167 4725 3489 4779 advenisset
3534 4724 3712 4777 festus

2012 4816 2391 4871 dedicationis
2445 4815 2600 4868 illius
2656 4814 2906 4867 ecclesiae
2968 4829 3191 4867 annuus
3261 4812 3400 4876 dies,
3444 4810 3714 4866 omnibus

2016 4907 2075 4960 in
2132 4906 2231 4958 illa
2285 4903 2521 4973 regione
2572 4900 3102 4970 solemnizantibus,
3165 4900 3265 4954 illa
3321 4900 3438 4953 sola
3490 4896 3716 4970 procaci

2018 4992 2213 5047 animo
2244 4990 2689 5061 parvipendens,
2743 5006 2906 5043 suam
2956 4990 3212 5060 ingressa
3267 4994 3353 5041 est
3408 4986 3716 5041 hiemalem

2020 5086 2205 5136 zetam
2260 5085 2317 5132 et
2354 5078 2772 5145 curciboldum,
2833 5094 3007 5148 quem
3061 5077 3135 5131 ad
3191 5076 3501 5130 texendum
3558 5073 3720 5144 prius

2022 5174 2273 5222 erectum
2295 5166 2513 5227 habuit,
2540 5166 2700 5220 ﬂexis
2722 5166 2895 5235 coepit
2913 5171 3103 5219 texere
3134 5164 3390 5235 digitulis
3442 5164 3719 5228 dexterae;

2025 5257 2124 5312 sed
2154 5272 2285 5309 cum
2319 5254 2540 5309 duabus
2586 5255 2803 5308 vicibus
2834 5270 2903 5307 ex
2934 5253 3046 5323 (60)
3085 5252 3325 5323 glomite
3356 5250 3473 5305 sive
3504 5257 3727 5305 tramea

2028 5378 2217 5517 Μῶα)
2247 5444 2629 5510 Wolfhardus,
2668 5445 2890 5513 glomice
2914 5459 3005 5499 seu
3036 5448 3243 5499 trama.

3337 5626 3417 5682 35
