4014 6200
332 271 464 322 1099

1041 265 1428 320 ADELBOLDI
1465 263 1970 320 TRAJECTENSIS
2009 263 2323 320 EPISCOPI
2367 264 2527 318 VITA
2567 265 2620 319 S.
2665 266 3094 322 WALBURGIS.

3697 275 3833 324 1100

329 419 500 474 quam
536 416 711 454 manu
739 398 969 458 tenebat
1013 397 1071 451 in
1101 399 1274 452 telam
1331 403 1748 467 transponeret,
1791 397 2018 450 inhaesit
2057 403 2098 452 A
2130 412 2220 450 me
2253 396 2446 466 potius
2477 371 2650 467 quam
2683 396 2750 450 ab
2771 397 2918 463 aliis,
2941 414 3113 468 quam
3154 398 3461 454 mirificum
3487 400 3578 465 sit,
3627 400 3833 455 audire

327 493 411 544 illi
445 488 765 543 miserrime
791 488 1038 540 insertus
1068 487 1265 540 manui
1316 488 1560 556 glomex,
1602 485 2017 538 intumescente

325 584 443 633 toto
475 579 716 641 lacerto;
754 577 846 628 sed
882 592 1011 645 quae
1048 571 1348 628 adfuerant
1379 574 1730 628 muliercula:
1757 579 2016 627 tentave-

326 671 462 720 runt
507 666 786 718 inclusum
854 662 962 733 (6|)
1015 663 1310 733 glomitem
1369 657 2016 732 singillatim'dissuere

328 756 436 825 (62)
470 754 580 807 filis
612 751 747 820 (63).

400 845 482 896 15.
517 840 757 904 Quidam
786 839 874 891 vir
902 838 1135 891 nomine
1191 838 1596 892 Ercamboldus
1628 837 1866 907 expletis
1891 837 2016 907 jam

322 931 432 1000 (64)
467 929 701 998 triginta
735 931 951 996 septem
989 926 1464 992 hebdomadibus,
1499 926 1637 980 dum
1665 924 1879 978 nullius
1928 941 2015 994 ge-

323 1019 474 1071 neris
503 1017 628 1070 cibo
672 1017 758 1068 vel
791 1019 930 1085 potu
973 1015 1334 1084 aliquatenus
1389 1014 1538 1066 vesci
1578 1013 1878 1083 potuisset,
1911 1029 2014 1066 nec

322 1113 511 1159 tamen
560 1105 770 1173 pedum
827 1103 1048 1156 incessu
1098 1103 1480 1168 fraudaretur,
1539 1101 1647 1154 nisi
1709 1101 2012 1171 languidus

318 1199 586 1263 pergeret
614 1209 726 1262 quo
756 1192 942 1245 vellet.
991 1193 1236 1244 Tantum
1279 1206 1514 1243 ovorum
1545 1189 1686 1242 raris
1741 1189 2010 1242 meditul-

317 1282 427 1349 liis,
454 1279 961 1348 modicissimoque
1001 1278 1310 1348 leguminis
1347 1277 1619 1347 suffragio
1668 1277 1757 1330 vix
1788 1277 2008 1346 pendu-

317 1372 432 1423 lam
463 1368 814 1422 refocillabat
856 1368 1056 1420 anxius
1105 1367 1300 1432 vitam,
1348 1382 1552 1436 gerens
1609 1365 2007 1418 macilentissi-

318 1474 475 1510 mum
509 1461 562 1509 et
606 1455 1043 1508 imbecillimum
1085 1470 1216 1508 cum
1245 1455 1360 1506 vita
1391 1453 1497 1506 sibi
1527 1453 1753 1522 ingrata
1801 1468 2008 1522 corpu-

317 1548 559 1610 sculum,
609 1560 713 1596 nec
743 1543 859 1596 vini
910 1543 995 1595 vel
1046 1542 1235 1594 sicerae
1275 1547 1506 1610 gustum
1562 1557 1659 1593 ore
1723 1541 2007 1593 ullatenus

316 1635 647 1702 contingere
693 1631 1100 1684 delectabatur.
1147 1630 1301 1682 Tunc
1337 1627 1446 1681 sibi
1498 1641 1648 1696 aegre
1697 1625 2006 1678 dormienti

316 1736 414 1771 vox
465 1718 674 1772 blanda
712 1733 845 1769 eum
884 1717 963 1769 ita
1003 1716 1207 1768 affatur
1242 1732 1254 1768 :
1303 1736 1324 1763 ι
1363 1716 1492 1779 Cur,
1535 1712 1743 1783 inquit,
1795 1711 2010 1765 desidia

316 1808 707 1875 languescens,
768 1805 1028 1871 neglecto
1076 1808 1191 1856 tuae
1239 1802 1586 1855 valetudinis
1631 1799 1906 1867 remedio,
1940 1800 2008 1854 de

317 1896 411 1945 tua
441 1893 531 1945 via
563 1892 642 1944 sic
674 1891 905 1945 omnino
937 1890 1239 1959 desperas?
1266 1893 1383 1959 Age
1414 1905 1570 1959 ergo,
1597 1888 1751 1958 quod
1802 1903 2007 1941 moneo

309 1978 448 2046 jam,
485 1978 554 2030 de
584 1976 669 2030 tui
699 1982 875 2030 status
904 1974 1339 2044 recuperatione
1371 1989 1624 2040 securus,
1658 1978 1714 2025 et
1761 1972 1832 2025 ad
1881 1988 2007 2025 mo-

313 2065 627 2118 nasterium
669 2064 1040 2118 Mouvenhem
1088 2062 1225 2116 vade
1270 2062 1530 2126 festinus,
1581 2061 1775 2130 ibique
1827 2060 2008 2114 beatae

313 2152 551 2220 virginis
578 2151 800 2205 meritis
840 2149 1219 2219 adjuvaberis.
1271 2150 1529 2220 Cumque
1578 2149 1715 2202 illuc
1767 2147 2008 2200 celerius

313 2257 555 2305 veneris,
616 2240 954 2292 inventurus
1000 2254 1058 2290 es
1113 2237 1326 2291 ibidem
1383 2243 1500 2290 tres
1548 2235 2008 2290 sanctimoniales

313 2345 473 2382 secus
511 2329 688 2381 altare
739 2331 957 2380 stantes
1007 2341 1134 2395 qua?
1177 2325 1286 2396 (65)
1313 2325 1416 2378 tibi
1445 2329 1834 2378 consecratum
1885 2339 2009 2376 san-

313 2417 548 2486 guinem
580 2414 811 2470 Domini
843 2415 912 2468 de
945 2414 1119 2468 calice
1148 2413 1575 2483 propinabunt;
1627 2428 1800 2482 quem
1869 2411 2006 2464 dum

315 2506 387 2559 ab
429 2505 540 2557 illis
589 2503 888 2573 acceperis,
941 2518 1073 2555 mox
1126 2502 1332 2556 edendi
1385 2500 1734 2570 bibendique
1793 2500 2006 2569 absque

315 2594 433 2646 ulla
462 2590 820 2645 dubitatione
853 2591 1150 2644 delectatio
1194 2591 1300 2643 tibi
1348 2589 1723 2642 associabitur
1762 2594 1817 2642 et
1872 2605 2002 2658 pro-

315 2680 655 2751 sperabitur.
693 2699 718 2729 »
771 2681 887 2733 Hoc
928 2679 1103 2748 igitur
1131 2678 1524 2732 saluberrimae
1555 2679 1704 2730 vocis
1752 2676 2006 2746 impulsu

315 2770 762 2841 expergefactus,
789 2785 1014 2822 summa
1035 2784 1162 2821 cum
1195 2767 1481 2822 celeritate
1515 2767 1581 2820 ad
1613 2767 1736 2835 jam
1791 2766 2004 2819 dictum

205 2901 214 2906 -
313 2859 722 2913 monasterium
766 2857 1042 2910 adductus
1072 2859 1174 2922 est,
1199 2855 1300 2925 qui
1340 2855 1458 2908 illic
1510 2855 1580 2908 ab
1631 2854 1888 2908 oratione
1947 2871 2005 2908 se

2129 491 2350 555 oportet
2385 500 2397 538 :
2432 489 2506 552 et,
2543 501 2612 538 ne
2647 501 2736 538 me
2763 486 2972 556 aliquis
3011 487 3266 541 divinam
3305 488 3499 541 fallere
3530 489 3832 543 conscien-

2126 572 2266 626 tiam
2299 573 2440 626 velle
2473 573 2812 642 suspicetur,
2839 577 3016 626 testor
3044 575 3246 641 Deum,
3277 591 3449 645 quem
3467 576 3616 629 nihil
3652 577 3834 630 latere

2127 666 2333 732 potest,
2364 666 2494 715 ante
2533 662 2696 731 cujus
2740 662 2962 728 assisto,
3019 663 3149 716 licet
3195 663 3484 732 indignus,
3514 665 3724 729 altare,
3781 670 3836 718 et

2125 749 2180 804 S.
2223 750 2612 819 Walburgam,
2661 749 2822 819 cujus
2875 749 3121 804 nimium
3165 752 3494 820 compulsus
3550 752 3835 823 suffragia

2123 837 2416 908 requisivi,
2449 854 2540 890 me
2572 837 2717 891 nihil
2773 837 2903 891 ficta
2933 839 3027 892 sed
3059 838 3326 904 veridica,
3370 839 3430 892 in
3488 840 3598 894 hoc
3649 842 3832 895 mira-

2123 927 2272 993 culo,
2306 927 2632 979 narratione
2671 926 3004 988 relaturum,
3052 932 3225 996 prout
3255 928 3522 998 possibile
3577 935 3672 982 est
3719 931 3832 983 hu-

2123 1029 2311 1068 manae
2339 1014 2654 1084 fragilitati.
2691 1035 2711 1061 ι

2197 1107 2277 1156 17.
2312 1106 2476 1156 Anno
2526 1118 2759 1172 quoque
2809 1102 2918 1171 (66)
2949 1102 3148 1173 priori,
3191 1121 3304 1172 quo
3352 1104 3518 1158 famis
3551 1107 3829 1160 atrocitas

2119 1186 2330 1239 multos
2378 1184 2698 1253 afﬂixerat,!
2723 1185 2964 1254 contigit
3017 1185 3161 1240 duos
3207 1203 3512 1256 pauperes,
3551 1189 3826 1242 eamdem

2119 1273 2286 1326 famis
2317 1273 2684 1326 acerbitatem
2717 1273 2786 1326 de
2817 1274 2943 1327 loco
2988 1274 3059 1327 ad
3097 1274 3305 1340 locum,
3358 1276 3428 1329 de
3470 1278 3720 1346 regione
3752 1279 3824 1332 ad

2119 1362 2415 1432 regionem
2435 1361 2743 1431 confugere
2779 1377 2790 1416 :
2815 1366 2952 1414 tunc
2972 1362 3214 1432 contigit
3244 1363 3551 1432 quemdam
3579 1366 3823 1419 tertium

2119 1451 2185 1503 de
2214 1448 2528 1519 longinqua
2551 1451 2787 1519 regione
2805 1465 3119 1520 pauperem
3147 1451 3260 1502 illis
3292 1451 3555 1504 associari
3587 1469 3600 1504 :
3645 1469 3819 1522 quem

2118 1538 2217 1591 ubi
2275 1538 2362 1591 vel
2414 1538 2563 1592 unde
2617 1544 2886 1609 pergeret
2941 1539 3111 1592 vellet
3181 1540 3677 1608 interrogantibus
3733 1558 3822 1595 re-

2118 1626 2350 1696 spondit
2402 1643 2481 1693 se,
2514 1627 2660 1679 sicut
2695 1627 2888 1696 plures
2936 1627 3079 1680 velle
3103 1627 3402 1695 cognitum
3432 1633 3535 1694 est,
3583 1628 3633 1682 S.
3667 1630 3820 1682 Wal-

2055 1679 2092 1731 Β
2119 1679 2316 1784 b‘urgaa
2350 1679 2666 1784 patrocinia
2695 1679 3113 1784 ‘quaasiturum.
3161 1679 3320 1767 'lfunc
3368 1679 3535 1768 illi
3676 1679 3821 1771 ill—u—c

2119 1802 2410 1872 inquiunt,
2443 1803 2618 1856 eundi
2649 1802 2995 1856 desiderium
3026 1808 3130 1870 est,
3161 1802 3370 1856 habeto
3401 1819 3500 1856 nos
3547 1803 3818 1872 ejusdem

2115 1889 2340 1943 itineris
2369 1896 2426 1943 et
2481 1890 2886 1943 consolationis
2934 1889 3244 1956 consocios,
3280 1895 3344 1944 ut
3399 1891 3566 1944 simul
3610 1895 3812 1946 multae

2116 1977 2557 2047 longinquitatis
2596 1977 2852 2047 pericula
2896 1982 3278 2046 transeuntes,
3331 1978 3546 2032 mutuis
3593 1980 3814 2033 contor-

2115 2070 2306 2119 temur
2337 2065 2584 2118 auxiliis.
2628 2067 2768 2119 Nam
2821 2070 2878 2119 et
2911 2081 3012 2118 nos
3057 2067 3129 2120 ad
3177 2065 3440 2118 eumdem
3486 2066 3681 2119 locum
3727 2068 3814 2121 ire

2116 2154 2504 2224 disponentes,
2565 2153 2748 2207 victus
2799 2154 2995 2224 inopia
3054 2154 3298 2206 nimium
3369 2154 3690 2219 constricti,
3756 2160 3815 2208 et

2117 2242 2302 2295 adhuc
2327 2241 2515 2311 jejuni
2553 2242 2904 2312 gradientes,
2941 2241 3031 2295 vix
3075 2241 3390 2296 vacillando
3441 2259 3642 2312 gressu
3690 2260 3815 2296 am-

2113 2330 2313 2384 bulare
2361 2330 2637 2383 valemus.
2685 2351 2706 2378 »
2737 2331 2952 2394 Quibus
2984 2329 3224 2400 simplex
3245 2331 3541 2384 conviator
3575 2347 3587 2383 :
3633 2353 3660 2380 (ι
3693 2332 3814 2397 Eia,

2114 2417 2445 2483 confratres,
2499 2417 2708 2488 inquit,
2770 2417 2979 2487 prolixi
3037 2417 3259 2471 itineris
3323 2419 3815 2488 longinquitatem

2117 2504 2356 2559 Domino
2386 2507 2515 2559 Jesu
2572 2503 2796 2559 Christo
2825 2507 3314 2568 commendantes,
3374 2507 3661 2575 angustias
3711 2508 3813 2561 de-

2113 2609 2416 2662 ponamus.
2452 2595 2517 2647 Et
2547 2595 2821 2664 quoniam
2840 2594 3176 2648 meridianas
3208 2595 3582 2664 requietionis
3613 2595 3817 2649 immi-

2113 2685 2211 2734 net
2236 2685 2484 2750 tempus,
2516 2697 2837 2750 quaeramus
2865 2680 2961 2734 ubi
2984 2681 3372 2750 disjejunandi
3401 2681 3819 2752 modicumque

2113 2769 2397 2839 pausandi
2438 2775 2606 2838 aptus
2653 2769 2900 2822 inveniri
2943 2771 3123 2840 possit
3174 2771 3426 2822 locellus.
3467 2791 3487 2816 ι)
3548 2769 3673 2833 Quo
3731 2771 3819 2823 in-

2113 2861 2304 2921 vento,
2360 2871 2489 2909 cum
2529 2855 2974 2923 discumberent,
3022 2865 3080 2910 et
3134 2873 3264 2910 cum
3295 2857 3505 2926 priores
3559 2858 3818 2910 consocii

312 2946 540 3015 erigens
567 2945 872 3015 compertis
891 2946 1054 3014 juxta
1086 2945 1260 2997 altare
1292 2943 1474 2996 tribus
1495 2942 1773 2995 matronis
1817 2948 1999 2995 astan-
2040 2955 2078 3010 ο
2115 2944 2258 2997 nihil
2296 2948 2650 2997 commeatus
2690 2960 2882 2997 secum
2921 2944 3130 2998 habere
3179 2950 3695 3014 conquererentur,
3734 2946 3817 2998 ait

312 3034 484 3100 tibus,
517 3034 795 3087 visionem
838 3048 1016 3104 quem
1053 3032 1273 3086 viderat
1304 3031 1568 3097 exsolvit;
1613 3046 1881 3100 moxque,
1939 3035 2003 3084 ut

311 3123 379 3177 de
406 3127 599 3175 sancto
628 3123 801 3175 calice
833 3121 1170 3190 degustavit,
1200 3120 1380 3174 adfuit
1412 3120 1465 3172 ei
1496 3135 1772 3188 magnum
1795 3118 2002 3172 edendi

309 3218 362 3264 et
403 3210 635 3263 bibendi
667 3209 1034 3274 desiderium,
1085 3207 1275 3274 sicque
1329 3207 1696 3260 comesrionis
1743 3212 1800 3259 et
1845 3206 2003 3260 bibi-

311 3297 481 3351 tionis
513 3296 800 3365 totiusque
828 3311 1118 3365 corporeae
1158 3294 1499 3347 valetudinis
1530 3293 1782 3346 remedio
1817 3293 2003 3364 acqui-

310 3385 438 3450 sito,
468 3400 599 3437 cum
629 3383 809 3437 nimia
840 3381 1214 3436 exsultatione
1262 3382 1496 3436 domum
1526 3381 1828 3435 incolumis
1871 3382 1999 3436 red-

309 3473 395 3539 iit,
441 3478 498 3526 et
544 3472 603 3526 in
654 3471 854 3525 eadem
892 3470 1285 3525 incolumitate
1332 3485 1512 3539 usque
1552 3469 1622 3523 ad
1651 3469 1829 3524 tinem
1872 3469 2000 3524 vitae

307 3561 709 3632 perseveravit.

331 3655 344 3661 '
379 3653 463 3704 16.
495 3649 746 3718 Contigit
775 3647 1022 3701 nimium
1065 3646 1350 3713 mirabile,
1385 3651 1442 3700 et
1471 3646 1581 3699 nisi
1611 3645 2000 3716 plurimorum

303 3738 720 3808 approbaretur
749 3736 1098 3807 cognitione,
1126 3735 1287 3788 valde
1313 3735 1648 3789 incredibile
1682 3735 1804 3805 (sed
1854 3735 1997 3789 divi-

303 3843 389 3880 nae
439 3826 714 3897 Majestati
764 3825 907 3878 nihil
959 3829 1182 3879 constat
1235 3824 1636 3893 impossibile),
1673 3823 1999 3877 inauditum

303 3931 488 3984 nuper
516 3931 548 3967 a
577 3914 784 3967 szeculo
816 3914 1066 3983 signum.
1096 3914 1242 3966 Dum
1265 3912 1442 3982 igitur
1467 3912 1718 3965 maxima
1744 3912 1997 3983 undique

300 4003 710 4057 confluentium
750 4002 1096 4072 populorum
1128 4001 1198 4054 ad
1233 4001 1287 4055 S.
1343 4000 1664 4070 Walburgze
1703 4000 1995 4055 basilicam

301 4092 468 4145 turba
521 4092 875 4156 conveniret,
929 4090 1113 4145 adfuit
1157 4090 1310 4144 inter
1363 4090 1494 4143 illos
1541 4089 1778 4159 quidam
1833 4087 1993 4140 inco-

301 4179 492 4249 gnitus
519 4178 700 4242 exsul,
740 4177 1031 4247 peregrini
1071 4176 1269 4231 habitu
1314 4181 1467 4229 stans
1513 4175 1604 4228 vel
1640 4175 1854 4244 jacens,
1893 4173 1992 4244 qui

297 4267 447 4320 inter
493 4271 726 4320 caateros
773 4266 1046 4319 attentius
1094 4271 1150 4319 et
1207 4264 1512 4318 instantius
1571 4264 1768 4326 oravit,
1815 4278 1988 4334 quem

298 4354 580 4408 abbatissa
646 4353 885 4406 Liubula
939 4353 1172 4406 intuens
1233 4354 1385 4406 inter
1441 4356 1678 4406 caeteros
1741 4351 1990 4406 ﬂebilius

296 4440 864 4510 perseverantiusque
915 4457 1102 4493 orasse
1144 4440 1442 4506 admirata,
1488 4441 1755 4494 eumdem
1801 4440 1872 4494 ad
1930 4456 1988 4493 se

294 4527 481 4581 vocari
511 4526 814 4597 praecepit;
862 4531 918 4581 et
949 4527 1077 4597 quis
1107 4529 1194 4580 vel
1231 4527 1384 4582 unde
1415 4532 1562 4580 esset
1610 4527 1855 4581 nimium
1883 4543 1986 4580 cu-

290 4615 436 4670 riose
473 4615 866 4686 interrogavit.
911 4617 991 4670 Ad
1044 4633 1218 4686 quam
1247 4615 1343 4668 ille
1378 4632 1390 4669 :
1430 4634 1459 4666 «
1487 4615 1723 4682 Gratias,
1775 4616 1980 4687 inquit,

292 4707 406 4759 Deo
434 4705 814 4775 omnipotenti
867 4721 998 4775 ago,
1054 4705 1153 4775 qui
1201 4721 1293 4760 me
1332 4703 1700 4758 sanctissimae
1747 4704 1984 4774 virginis

288 4795 609 4864 Walburgaa
640 4794 860 4847 meritis
898 4795 968 4848 de
1000 4794 1264 4848 maxima:
1311 4793 1662 4848 confusionis
1693 4794 1978 4859 seandalo,

285 4883 751 4953 indignissimum
810 4887 1168 4952 peccatorem
1236 4883 1478 4937 liberare
1542 4882 1810 4952 dignatus
1876 4887 1976 4936 est.

287 4972 447 5036 Quod
477 4977 594 5026 tam
634 4987 732 5026 vos
782 4971 874 5025 hic
905 4972 1076 5025 modo
1127 4977 1458 5041 praasentes,
1511 4987 1686 5042 quam
1717 4987 1918 5027 omnes
1947 4987 1980 5025 a

357 5148 470 5214 (61)
511 5147 604 5200 Ms.
639 5146 692 5200 S.
721 5147 886 5211 Max.,
919 5147 1215 5214 glomicem.

357 5216 462 5284 (62)
503 5218 656 5270 Idem
685 5222 740 5270 et
767 5220 922 5282 Ant.,
950 5217 1218 5270 membris.

353 5289 466 5355 (63)
509 5288 802 5350 Quomodo
851 5288 1050 5341 eadem
1094 5286 1324 5351 femina,
1384 5285 1659 5349 invocata,
1702 5287 1756 5340 S.
1821 5286 1974 5340 Wal-

278 5356 460 5425 burge
490 5358 717 5428 saepius,
765 5364 962 5411 sanata
1006 5358 1098 5424 sit,
1140 5358 1386 5428 refertur
1417 5373 1446 5410 a
1495 5357 1822 5428 Wolfhardo
1866 5357 1969 5410 1.1.

349 5427 463 5495 (64)
529 5427 626 5482 Ms.
693 5429 856 5494 Ultr.,
913 5430 1164 5495 triginta.
1233 5427 1614 5496 Wolfhardus,
1671 5429 1872 5497 septem
1923 5433 1972 5480 et

278 5499 495 5565 viginti.

2113 3031 2213 3102 qui
2256 3031 2589 3100 supervenit
2625 3031 2738 3102 (67)
2789 3033 3082 3086 conviator
3132 3033 3371 3086 tertius:
3427 3055 3447 3080 ι
3483 3034 3609 3086 Jam
3660 3050 3815 3088 nunc

2115 3119 2245 3173 lassi
2294 3119 2760 3189 conquiescentes
2818 3120 2888 3174 de
2943 3120 3084 3173 meis
3139 3121 3401 3190 pransuri
3459 3121 3809 3175 cibusculis:

2112 3208 2476 3276 postmodum
2510 3223 2576 3260 ea
2605 3207 2827 3261 ratione
2863 3207 3238 3275 dormiamus,
3291 3212 3354 3262 ut
3385 3209 3660 3263 nimirum
3684 3214 3797 3262 ter-

2113 3293 2227 3347 tius
2265 3311 2524 3348 securam
2572 3294 2829 3364 vigiliam
2881 3296 3145 3350 exhibeat
3187 3297 3429 3356 duobus,
3484 3311 3544 3350 ut
3593 3298 3670 3350 sic
3716 3313 3810 3366 ge-

2110 3383 2268 3435 mina
2309 3382 2738 3436 refocillationis
2775 3387 2832 3436 et
2860 3383 3212 3453 pausationis
3252 3385 3607 3437 recreatione
3663 3386 3807 3438 rele-

2110 3470 2225 3523 vati
2244 3475 2486 3540 emptam
2517 3471 2577 3524 in
2615 3472 2859 3524 Domino
2887 3471 3309 3540 profectionem
3358 3471 3748 3540 perﬁciamus.
3779 3492 3806 3520 ι

2112 3558 2332 3622 Quibus
2362 3560 2468 3612 hoc
2503 3559 2722 3613 bonum
2771 3560 3072 3613 consilium
3121 3559 3396 3614 insidiose
3438 3560 3808 3630 approbanti-

2111 3647 2238 3715 bus,
2270 3647 2515 3717 sumpsit
2546 3649 2690 3701 alter
2717 3647 2786 3702 de
2805 3648 3028 3702 duobus
3058 3649 3336 3702 consociis
3358 3664 3627 3702 somnum
3657 3648 3803 3701 ima-

2109 3735 2432 3805 ginarium;
2494 3736 2592 3789 sed
2638 3735 2840 3789 tertius
2871 3737 2970 3807 qui
3035 3737 3388 3806 supervenit,
3439 3737 3804 3790 mortiferum

2109 3827 2279 3893 atque
2310 3823 2706 3879 novissimum.
2742 3825 2884 3877 Nam
2909 3824 3175 3892 protinus
3203 3830 3399 3878 contra
3436 3825 3805 3878 innocentem

2107 3912 2518 3978 consurgentes
2551 3909 2958 3963 nefandissime
2999 3911 3437 3964 interemerunt.

2182 3999 2264 4050 18.
2294 3996 2414 4060 Quo
2463 4001 2810 4067 perpetrato,
2866 3998 3005 4068 quid
3049 3999 3119 4052 de
3167 3997 3496 4052 mortificati
3527 3999 3802 4053 cadavere

2106 4084 2434 4154 impiissimi
2465 4090 2720 4155 agerent,
2755 4087 3138 4156 coangustati,
3171 4086 3408 4140 tandem
3438 4102 3642 4141 eorum
3661 4088 3805 4141 alter

2106 4171 2441 4226 horribilem
2506 4172 2785 4226 sarcinam
2855 4174 3101 4245 propriis
3172 4174 3455 4244 coaptavit
3518 4174 3802 4240 humeris,

2103 4260 2387 4330 cmpitque
2439 4260 2806 4330 perscrutari,
2846 4261 2945 4315 ubi
2992 4262 3053 4315 in
3084 4262 3343 4332 quolibet
3385 4262 3551 4316 devio
3580 4263 3669 4316 vel
3703 4263 3807 4317 ab-

2101 4349 2218 4405 dito
2281 4350 2690 4404 mortificatum
2756 4351 3108 4422 exposuisset
3165 4352 3310 4406 loco.
3373 4352 3624 4406 Tandem
3697 4352 3807 4406 hoc

2097 4438 2348 4504 invento,
2372 4440 2510 4493 dum
2536 4440 2865 4510 amplexum
2887 4457 2921 4495 a
2951 4455 3010 4494 se
3045 4455 3250 4510 corpus
3295 4444 3597 4494 conaretur
3624 4440 3805 4510 depo-

2098 4542 2256 4592 nere,
2317 4528 2487 4596 coepit
2525 4546 2558 4582 a
2603 4532 2832 4582 mortuo
2883 4527 3044 4581 vivus
3096 4527 3307 4581 arctius
3365 4527 3708 4596 constringi,
3739 4534 3807 4583 ut

2097 4616 2254 4669 nullo
2273 4617 2574 4671 conanime
2617 4617 2837 4671 funeris
2865 4617 3094 4687 pondus
3127 4634 3161 4670 a
3185 4633 3243 4671 se
3263 4617 3546 4687 potuisset
3583 4617 3807 4686 disjun-

2096 4719 2248 4772 gere.
2279 4703 2424 4767 Quid
2454 4705 2664 4759 faceret
2692 4704 3153 4760 infelicissimus?
3198 4705 3416 4760 Anxius
3452 4720 3802 4775 quocunque

2091 4807 2331 4862 pergere
2362 4793 2692 4859 studuisset,
2715 4793 3182 4848 indeclinabilem
3225 4794 3316 4847 sui
3346 4793 3614 4846 facinoris
3660 4808 3798 4862 pro-

2092 4879 2353 4933 ditricem
2376 4880 2446 4934 ad
2477 4897 2535 4934 se
2579 4881 2940 4935 tenacissime
2985 4881 3460 4951 conglutinatam,
3494 4881 3804 4935 horrorem

2091 4967 2309 5021 cunctis
2338 4967 2642 5037 incutiens,
2703 4969 3100 5040 comportavit.
3173 4969 3274 5023 Cui
3333 4969 3552 5023 interea
3599 4969 3805 5039 fatiga-

2159 5140 2275 5211 (65)
2316 5142 2524 5196 Wolfh.
2565 5143 2630 5197 de
2668 5144 2863 5198 altaris
2918 5145 3081 5200 calice
3127 5149 3430 5200 consecrato
3483 5144 3586 5198 tibi
3618 5159 3801 5211 pocu-

2085 5212 2198 5265 lum
2225 5215 2527 5281 porrigent.

2156 5285 2265 5356 (66)
2304 5286 2468 5356 Anno
2500 5285 2624 5350 894,
2665 5288 2725 5337 ut
2757 5285 3067 5354 probatum
3114 5285 3182 5339 ad
3213 5301 3336 5356 cap.
3371 5288 3426 5353 2,
3455 5285 3494 5339 l.
3555 5302 3594 5338 ll
3642 5286 3801 5340 Wol-

2081 5352 2286 5414 fhardi,
2322 5354 2421 5407 ubi
2446 5355 2566 5407 haec
2597 5352 2926 5409 narrantur.

2153 5423 2266 5492 (67)
2309 5424 2408 5478 Ms.
2433 5425 2573 5478 Ultr.
2597 5430 2654 5480 et
2681 5425 2920 5492 Trevir.,
2947 5431 3284 5481 commeator.
