4014 6200
220 292 341 341 tIUl

1277 293 1342 344 IN
1374 290 1781 347 OPUSCULUM
1825 289 2274 352 SUBSEQUENS
2313 287 2652 343 MONITUM.

3580 294 3713 344 1102

210 421 405 475 biliter
435 420 504 474 de
536 421 661 474 loco
685 422 754 475 ad
787 421 977 475 locum
997 421 1227 491 vaganti
1250 422 1483 491 quidam
1516 421 1623 474 sibi
1648 421 1911 491 cognitus
1949 425 1992 477 Α
2022 420 2119 473 lati
2180 418 2421 488 ponderi
2467 417 2723 488 ignotam
2768 417 3090 487 acquireret
3146 419 3520 488 sepulturam,
3582 436 3715 475 cum

214 509 505 575 obviavit;
557 510 653 563 sed
698 515 996 579 conspecto
1049 515 1222 563 tanta:
1283 510 1680 563 borribilitatis
1738 525 1910 563 onere

211 612 361 666 pene
394 597 670 650 exanimis
702 598 1104 666 expallescens,
1146 598 1379 651 tandem
1427 598 1619 651 animo
1672 612 1911 667 recupe-

213 686 356 747 rato,
426 699 528 735 cur
591 686 705 735 tam
766 683 1051 737 horriﬁcse
1105 684 1274 738 molis
1328 684 1556 753 bajulus
1608 683 1911 736 exstitisset

213 776 616 841 percunctatus
645 777 748 825 est.
786 774 857 824 At
886 772 1005 838 ille,
1040 778 1103 825 ut
1129 773 1238 826 sibi
1268 772 1537 826 familiari
1568 772 1753 826 amico
1784 789 1908 825 cre-

215 860 385 913 dulus
438 865 708 913 cunctum
776 861 945 929 hujus
1011 861 1582 915 commachinationis
1643 860 1909 914 ordinem

215 947 520 1013 referebat,
554 953 610 1001 et
640 953 702 1001 ut
731 964 849 1001 suae
890 949 1229 1003 calamitatis
1277 950 1673 1003 commisertus
1719 964 1913 1018 grave-

214 1035 410 1089 dinem
448 1052 563 1105 qua
607 1037 926 1089 miserrime
977 1037 1481 1106 comprimebatur,
1533 1053 1567 1089 a
1612 1054 1669 1089 se
1713 1038 1910 1090 exclu—

214 1123 351 1177 dere
399 1124 649 1193 quodam
705 1124 876 1177 modo
926 1125 1344 1193 comprobaret.
1404 1127 1561 1178 Tunc
1609 1124 1704 1178 ille
1746 1125 1910 1178 facile

212 1227 317 1264 suo
344 1210 527 1264 amico
560 1226 726 1279 posse
757 1228 1085 1264 succurrere
1111 1212 1411 1280 arbitrans,
1447 1218 1673 1283 arrepto
1722 1212 1910 1281 gladio

213 1314 389 1369 quem
426 1314 618 1352 secum
670 1299 908 1365 ferebat,
963 1300 1291 1354 mortiﬁcati
1339 1302 1595 1371 corporis
1648 1301 1906 1364 brachia,

211 1386 486 1456 gestantis
552 1386 723 1440 amici
788 1387 1067 1441 cervicem
1143 1387 1409 1441 vivaciter
1471 1388 1908 1458 complexantia,

212 1474 583 1541 articulatim,
617 1475 727 1527 nisi
759 1475 925 1528 aliter
948 1474 1261 1545 nequisset,
1314 1476 1644 1529 abscindere
1693 1476 1908 1540 volens,

213 1567 500 1631 quatenus
533 1579 701 1616 suum
749 1563 818 1617 ab
862 1564 1033 1634 hujus
1063 1563 1308 1617 inauditi
1354 1564 1587 1618 ludibrii
1637 1564 1911 1616 violentia

214 1655 442 1703 erueret
469 1650 739 1704 amicum.
788 1651 919 1718 Sed,
963 1668 1055 1705 res
1100 1651 1245 1704 mira
1294 1658 1351 1706 et
1395 1652 1700 1722 stupenda,
1750 1657 1806 1705 et
1849 1650 1909 1703 in

216 1737 463 1790 Domino
492 1738 623 1790 Jesu
657 1737 879 1791 Christo
911 1738 1230 1792 laudanda!
1267 1756 1396 1792 mox
1429 1744 1492 1793 ut
1523 1755 1725 1792 manus
1756 1738 1911 1791 illius

218 1825 430 1877 mortui
462 1825 816 1878 cohaerentes
846 1827 1085 1879 lacertos
1127 1827 1433 1895 attigerant
1477 1826 1910 1891 abscindendos,

219 1912 547 1965 abscissoris
598 1929 806 1981 corpus
839 1914 1001 1983 quasi
1048 1913 1410 1967 tenacissimo
1458 1914 1739 1967 bitumine
1782 1930 1915 1965 con-

221 1998 615 2066 glutinabatur
662 1999 776 2051 illis
814 2000 1056 2053 duobus.
1108 2001 1216 2053 Sed
1265 2001 1459 2053 statim
1503 2000 1697 2053 divina
1743 2000 1915 2052 mise-

221 2086 443 2140 ratione
474 2093 849 2155 compunctus
875 2104 1110 2141 suorum
1144 2088 1422 2141 scelerum
1460 2086 1916 2157 collacrymando

222 2174 619 2239 reminiscens,
696 2176 1035 2243 precabatur
1130 2182 1412 2246 quatenus
1476 2176 1759 2228 immensa
1818 2174 1918 2227 Dei

223 2262 526 2315 clementia
568 2278 671 2332 per
728 2264 788 2317 Β.
852 2264 1171 2333 Walburgaa
1221 2264 1492 2334 suffragia
1546 2264 1653 2316 sibi
1713 2263 1915 2316 miser-

222 2350 374 2403 rimo
433 2350 796 2421 nimiumque
845 2352 1166 2406 facinoroso
1243 2352 1505 2405 misereri
1561 2352 1913 2421 dignaretur.

225 2436 329 2491 Cui
382 2438 712 2507 bujusmodi
757 2440 1121 2509 supplicanti,
1173 2456 1388 2510 suaque
1436 2440 1505 2493 ad
1552 2439 1607 2493 S.
1662 2440 1919 2492 Walbur-

224 2542 357 2595 gam
390 2532 517 2579 vota
548 2528 858 2581 multifaria
888 2528 1247 2597 pollicitanti,
1287 2529 1651 2597 multumque
1685 2527 1919 2596 ejulanti

226 2614 529 2667 disnexum
562 2620 648 2668 est
695 2630 922 2684 corpus,
975 2620 1030 2668 et
1076 2616 1320 2669 nimium
1369 2616 1549 2669 libero
1595 2618 1921 2669 consolatus

226 2701 497 2754 utebatur
533 2702 771 2763 incessu,
824 2703 1024 2755 erectis
1069 2704 1248 2756 oculis
1306 2719 1368 2756 ac
1416 2703 1682 2757 manibus
1740 2705 1920 2757 Deum

228 2803 453 2857 semper
482 2793 538 2841 et
565 2788 801 2858 ubique,
848 2795 1216 2860 sanctamque
1246 2790 1572 2859 gloriﬁcans
1600 2790 1912 2860 virginem.

302 2878 385 2929 19.
452 2876 608 2928 Tunc
668 2876 882 2945 pariter
946 2878 1193 2930 terriﬁco
1259 2878 1614 2931 sarcinarum
1670 2879 1922 2948 pondere

228 2977 411 3031 usque
443 2962 513 3015 ad
546 2963 706 3016 littus
730 2963 915 3017 Rheni
944 2964 1346 3030 comitabatur,
1389 2964 1585 3035 ibique
1628 2965 1765 3018 dum
1818 2965 1921 3018 ali-

232 3029 576 3119 quantulum
608 3051 972 3117 constitisset,
1006 3029 1374 3122 praescriptus
1406 3029 1581 3106 miser
1610 3053 1753 3106 tanti
1784 3069 1921 3105 one-
1961 3029 1999 3082 Ο

231 3138 309 3190 ris
339 3138 611 3207 gravitate
642 3143 697 3191 et
728 3139 1017 3192 dedecoris
1047 3140 1380 3194 confusione
1413 3140 1676 3207 afflictus,
1709 3141 1927 3193 malens

233 3225 437 3278 mortis
458 3226 649 3279 subire
677 3226 995 3294 interitum,
1022 3244 1193 3297 quam
1225 3229 1571 3282 detestabilis
1603 3234 1659 3281 et
1688 3228 1927 3297 ingratae

230 3313 367 3366 vitae
397 3313 691 3368 fastidium
725 3314 942 3368 diutius
971 3316 1271 3381 sustinere,
1306 3316 1493 3370 Rheni
1530 3318 1755 3370 alveum
1785 3331 1923 3369 con-

233 3402 532 3470 scendens,
564 3408 845 3473 quatenus
874 3404 953 3457 sic
983 3404 1094 3458 sibi
1123 3421 1340 3475 suoque
1380 3404 1671 3458 cadaveris
1715 3420 1927 3475 coagu-

306 3560 415 3630 (68)
443 3560 752 3631 Sequentia
775 3561 939 3615 aliter
969 3565 1163 3615 narrat
1192 3561 1572 3615 Wolfhardus.

2022 508 2181 561 omni
2210 508 2431 576 impetu
2457 523 2515 558 se
2536 505 2915 575 praecipitavit
2944 507 3001 558 in
3051 505 3204 559 illius
3250 506 3438 576 abyssi
3485 510 3709 579 voragi-

2020 612 2155 649 nem
2181 594 2311 665 (68).
2348 594 2455 647 Sed
2490 594 2723 647 Rhenus
2773 594 2917 646 tanti
2963 594 3217 648 criminis
3266 595 3713 664 immunditiam,

2022 700 2184 737 suam
2212 683 2469 753 praedam
2497 698 2611 735 non
2643 697 2761 734 esse
2788 698 3163 751 praesumens,
3196 684 3413 754 absque
3454 685 3570 737 ulla
3602 700 3718 737 mo-

2021 772 2148 825 rula
2175 771 2519 841 parricidam
2550 786 2679 823 cum
2712 786 2813 821 suo
2848 771 3168 823 morticinio
3201 771 3390 826 vivum
3440 772 3508 825 ad
3558 772 3717 825 littus

2021 860 2325 913 revomuit.
2361 858 2719 929 Stupefactus
2766 863 2957 911 autem
3003 858 3363 929 nimiumque
3411 860 3716 914 exterritus

2021 948 2279 1017 ejusdem
2313 946 2624 1013 conviator,
2655 952 2712 999 et
2742 946 2810 999 de
2840 946 2963 1016 ejus
3003 946 3323 1015 direptione
3364 947 3534 1000 nimis
3580 965 3714 1001 con-

2020 1036 2334 1106 gratulans,
2369 1036 2516 1087 sicut
2548 1035 2617 1087 de
2647 1033 2880 1087 alterius
2910 1034 3231 1086 calamitate
3279 1035 3711 1105 collacrymans,

2019 1124 2252 1177 tandem
2283 1122 2665 1176 miserabilem
2711 1138 2841 1175 cum
2891 1122 3202 1175 miserabili
3255 1138 3426 1175 onere
3473 1124 3721 1177 derelin-

2021 1227 2226 1281 quens,
2254 1211 2323 1264 ad
2354 1211 2411 1265 S.
2459 1210 2781 1279 Walburgae
2824 1210 3236 1263 monasterium
3274 1210 3495 1263 concito
3548 1228 3718 1265 cursu

2022 1300 2272 1361 advenit,
2306 1300 2505 1370 reique
2548 1303 2721 1368 gestae
2770 1298 2976 1350 seriem
3017 1313 3120 1367 per
3156 1298 3416 1351 ordinem
3464 1299 3715 1352 veridico

2022 1404 2119 1442 ore
2148 1388 2363 1441 ibidem
2392 1386 2609 1440 cunctis
2638 1386 2907 1449 narravit,
2931 1386 3258 1455 summique
3281 1386 3601 1455 juramenti
3621 1403 3718 1457 ap-

2021 1474 2359 1544 probatione
2439 1473 2750 1536 afﬁrmare,
2829 1473 2874 1525 si
2940 1473 3386 1542 permitteretur,
3458 1473 3715 1527 libentis-

2022 1563 2163 1616 sime
2196 1562 2395 1615 voluit.
2432 1563 2631 1615 Fertur
2672 1576 2921 1630 namque
2950 1561 3220 1629 praefatus
3245 1561 3462 1614 funeris
3488 1562 3720 1631 captivi—

2019 1655 2133 1704 tate
2164 1651 2452 1711 detentus,
2497 1650 2553 1702 Β.
2602 1648 2925 1717 Walburgas
2974 1648 3206 1718 virginis
3256 1648 3535 1718 praesidia
3567 1666 3718 1719 sape

1952 1759 1991 1811 Β
2024 1739 2272 1793 voluisse
2302 1737 2479 1799 adire,
2510 1736 2602 1789 sed
2628 1752 2926 1806 nunquam
2966 1735 3123 1789 illius
3172 1737 3422 1790 ecclesiae
3471 1737 3720 1791 conﬁnia

2024 1842 2187 1895 posse
2243 1826 2602 1893 contingere,
2662 1830 2722 1876 ut
2774 1824 2996 1894 liquido
3054 1830 3472 1879 monstraretur
3519 1827 3720 1895 quanti

2023 1918 2214 1966 reatus
2256 1912 2521 1965 existeret
2569 1912 2797 1965 vinculo
2848 1912 3168 1981 colligatus,
3223 1914 3323 1983 qui
3371 1915 3450 1966 sic
3498 1916 3717 1983 procul,

2024 2017 2097 2054 ne
2129 2000 2199 2054 ad
2242 1999 2297 2053 S.
2328 1999 2651 2066 Walburgaa
2699 1999 3112 2051 monasterium
3161 2000 3274 2051 ullo
3305 2001 3477 2053 modo
3509 2001 3721 2069 pertin-

2025 2102 2159 2156 gere
2186 2091 2396 2155 posset,
2433 2091 2809 2138 coerceretur.
2865 2086 3024 2138 Hunc
3064 2086 3229 2138 multi
3260 2102 3388 2138 cum
3413 2087 3535 2155 jam
3567 2104 3717 2157 saepe

2025 2173 2161 2228 dicti
2226 2173 2415 2227 oneris
2469 2174 2642 2239 mole,
2698 2173 2797 2242 qui
2842 2178 2976 2226 tunc
3032 2173 3307 2243 temporis
3357 2175 3716 2241 exstiterunt,

2025 2262 2293 2315 viderunt
2346 2278 2359 2314 :
2416 2262 2569 2315 unde
2624 2265 2844 2314 constat
2901 2278 3266 2332 nequaquam
3318 2279 3438 2317 esse
3486 2263 3717 2332 falsum,

2028 2349 2183 2419 quod
2213 2355 2329 2403 tam
2355 2350 2739 2419 plurimorum
2779 2350 3137 2403 attestatione
3183 2367 3305 2404 esse
3355 2368 3552 2405 verum
3600 2368 3720 2406 cor-

2027 2438 2351 2491 roboratur.

2099 2528 2187 2579 20.
2218 2528 2349 2580 Haec
2379 2525 2569 2596 itaque
2597 2527 2761 2596 signa
2793 2529 2849 2579 et
2877 2526 3138 2597 prodigia
3182 2526 3273 2580 hic
3318 2543 3468 2581 nunc
3510 2528 3721 2598 scripto

2028 2615 2464 2684 comprehensa,
2505 2631 2628 2684 quae
2681 2614 2873 2668 divina
2913 2615 3180 2684 majestas
3228 2616 3285 2668 in
3330 2616 3426 2669 illa
3474 2617 3723 2670 novitate

2032 2701 2439 2755 sublevationis
2477 2718 2544 2755 ex
2593 2708 2970 2756 monumento
3014 2703 3354 2773 corpusculi,
3392 2705 3506 2757 Deo
3536 2710 3591 2758 et
3620 2704 3725 2757 bo—

2031 2791 2283 2844 minibus
2345 2790 2679 2844 adamandaa
2735 2790 2973 2860 virginis
3016 2792 3256 2861 peregit,
3306 2792 3553 2845 multum
3601 2793 3724 2846 lau-

2033 2879 2219 2933 danda
2245 2884 2300 2931 et
2328 2879 2664 2932 admiranda
2695 2884 2846 2932 sunt.
2888 2879 2998 2933 Sed
3024 2880 3208 2933 adhuc
3254 2880 3312 2933 in
3357 2880 3592 2933 diversis
3621 2896 3727 2949 per

2033 2971 2218 3019 totum
2251 2966 2599 3019 Francorum
2639 2981 2883 3035 regnum
2915 2966 3244 3035 provinciis,
3298 2982 3427 3036 quae
3472 2966 3730 3036 ejusdem

2034 3054 2276 3124 virginis
2340 3055 2714 3125 reliquiarum
2784 3054 3117 3125 pignoribus
3179 3055 3478 3108 illustratus
3538 3055 3733 3109 consi-

2037 3148 2213 3208 stunt,
2282 3142 2539 3212 quotidie
2604 3143 2771 3212 plura
2850 3143 3361 3213 excellentioraque
3444 3146 3735 3212 pra‘conio

2036 3229 2207 3299 digna
2239 3228 2571 3282 efﬁciuntur
2598 3245 2702 3297 per
2724 3230 2918 3282 Jesum
2961 3228 3248 3281 Christum
3297 3230 3605 3283 Dominum
3640 3246 3739 3283 no-

2036 3323 2242 3384 strum,
2274 3317 2366 3370 cui
2394 3321 2478 3371 est
2516 3332 2647 3370 cum
2677 3318 2841 3370 Patre
2873 3321 2928 3371 et
2958 3316 3173 3387 Spiritu
3220 3321 3413 3371 sancto
3463 3318 3735 3389 perennis

2037 3406 2222 3476 gloria
2251 3405 2312 3459 in
2343 3405 2547 3460 saecula
2567 3407 2925 3460 saeculorum.
2959 3409 3160 3459 Amen.

1071 3857 1142 3911 IN
1185 3857 1600 3913 OPUSCULUM
1638 3857 2084 3921 SUBSEQUENS
2126 3858 2191 3912 R.
2235 3859 2297 3912 P.
2340 3858 2703 3912 BERNARDI
2741 3860 2915 3913 PEZII

1724 4022 2256 4096 MONITUM.

934 4186 1264 4239 Dissertatio
1288 4187 1567 4254 isagogica
1597 4185 1659 4239 in
1688 4189 1829 4239 tom.
1861 4187 1938 4240 III
1973 4187 2237 4240 Thesauri
2259 4185 2523 4241 Anecdot.
2554 4187 2777 4251 noviss.,
2806 4201 2937 4257 pag.
2970 4203 3052 4240 ιιι.

317 4455 668 4526 Opusculum
700 4456 765 4509 de
795 4455 1173 4511 Crassitudine
1204 4456 1460 4524 Sphseraa,
1488 4455 1557 4509 ad
1589 4454 1937 4525 Sylvestrum
1964 4456 2034 4520 II,
2083 4457 2254 4526 antea;
2282 4453 2649 4526 Gerbertum,
2696 4454 2995 4508 scribendo
3046 4471 3241 4509 ansam
3289 4457 3540 4526 praebuit
3585 4459 3747 4513 Adel-

250 4524 421 4581 boldo
452 4526 739 4580 difﬁcilior
768 4526 1005 4595 quidam
1056 4527 1211 4579 locus
1258 4525 1527 4596 Macrobii
1566 4539 1735 4595 super
1781 4526 2069 4579 somnium
2112 4524 2414 4594 Scipionis,
2464 4524 2559 4577 ubi
2602 4524 2681 4578 ait
2729 4531 3054 4594 compertum
3104 4542 3214 4580 esse
3259 4524 3411 4596 apud
3454 4536 3749 4594 geometras

243 4600 629 4667 peritissimos,
670 4603 729 4650 ut
759 4594 815 4649 iii
855 4597 1061 4650 duobus
1102 4598 1344 4663 circulis,
1379 4599 1428 4649 si
1456 4594 1782 4649 diametrum
1828 4599 1990 4650 unius
2039 4596 2265 4664 duplum
2315 4598 2387 4648 sit
2434 4596 2707 4667 diametro,
2743 4600 2988 4658 alterius,
3035 4597 3151 4664 ejus
3193 4594 3386 4651 circuli
3424 4601 3749 4666 crassitudo,

251 4667 407 4736 cujus
437 4669 769 4720 diametrum
798 4667 1025 4735 duplum
1070 4670 1163 4730 sit,
1215 4668 1431 4735 octupla
1472 4669 1545 4721 sit
1579 4667 1938 4720 crassitudini
1966 4667 2113 4720 illius
2145 4667 2353 4728 circuli,
2390 4668 2545 4734 cujus
2573 4666 2900 4734 subduplum
2930 4671 3008 4719 est
3035 4668 3378 4730 diametrum,
3423 4674 3526 4721 etc.
3566 4670 3751 4732 Quam

255 4735 577 4791 dectrinam
608 4738 746 4791 dum
787 4743 1045 4790 accurate
1096 4738 1341 4806 explicat
1391 4736 1756 4803 Adelboldus,
1808 4752 1929 4789 rem
1974 4743 2166 4789 tamen
2219 4751 2448 4789 omnem
2500 4737 2569 4788 ad
2619 4736 2949 4789 Silvestrum
2999 4735 3181 4788 defert
3211 4752 3222 4788 :
3252 4738 3314 4789 In
3356 4738 3439 4791 his
3484 4740 3750 4805 omnibus,

253 4807 463 4878 inquit,
496 4810 546 4862 si
575 4824 714 4873 erro,
749 4823 839 4861 oro
868 4813 930 4860 ut
959 4808 1033 4860 ad
1070 4811 1218 4860 viam
1262 4810 1513 4860 veritatis
1559 4808 1808 4860 reducar.
1850 4809 1915 4859 Si
1961 4809 2107 4860 viam
2154 4812 2317 4871 teneo,
2335 4806 2873 4878 inihilominuspeto
2910 4810 2971 4858 ut
3011 4809 3099 4858 via
3134 4821 3253 4878 qua:
3282 4822 3375 4878 me
3419 4808 3757 4862 dubitantem

256 4875 395 4931 tenet
425 4881 483 4931 in
526 4878 776 4943 tenebris,
818 4880 988 4931 vestri
1034 4892 1283 4932 assensus
1328 4880 1658 4931 auctoritate
1703 4879 1983 4930 illustrata
2030 4879 2282 4931 reluceat.
2332 4877 2410 4928 Ex
2455 4875 2663 4943 quibus
2712 4875 2979 4928 discimus
3022 4877 3223 4944 quanti
3271 4876 3525 4931 Silvestri
3572 4880 3759 4932 erudi-

254 4949 474 5002 tionem
503 4948 701 5001 fecerit
730 4948 1102 5014 Adelboldus,
1132 4949 1231 5018 qui
1262 4949 1371 5001 hoc
1401 4949 1678 5017 scriptum
1710 4951 1840 5000 ante
1873 4963 2089 5000 annum
2123 4949 2256 5018 l003
2295 4946 2403 5018 qui
2425 4946 2659 4998 ultimus
2701 4945 3124 5018 Silvestrofuit,
3158 4946 3355 5018 debuit
3392 4948 3753 5003 concinnare.

257 5019 319 5073 Id
354 5035 422 5072 ex
451 5019 577 5073 cod.
616 5035 719 5071 ms.
772 5015 1166 5072 membraneo'
1192 5034 1475 5071 annorum
1515 5015 1917 5071 sexcentorum
1958 5017 2320 5071 bibliothecas
2367 5015 2802 5083 Tegernseensis
2858 5016 3024 5069 nobis
3069 5017 3447 5086 suppeditavit
3493 5019 3650 5074 adm.
3688 5019 3755 5073 R.

255 5094 310 5143 et
340 5090 411 5143 cl.
465 5091 526 5143 P.
578 5090 903 5159 Alphonsus
950 5089 1191 5145 Hueber.
1240 5088 1379 5141 alias
1411 5088 1639 5141 anobis
1691 5088 2185 5159 laudatussAlius
2234 5087 2540 5159 est_codex
2592 5086 2878 5159 Petrensis
2926 5087 3181 5159 ejusdem
3233 5090 3416 5140 astatis
3466 5088 3636 5155 ιιι-12,
3687 5091 3758 5144 ad

252 5176 428 5231 quem
490 5156 671 5213 idem'
705 5160 1045 5229 opusculum
1096 5159 1411 5231 exegimus.
1470 5160 1765 5231 Postremo
1814 5156 2556 5231 cl._Ed_mund_us_Martene
2603 5156 2663 5231 in
2703 5156 2913 5231 Itinere
2972 5173 3076 5210 suo
3124 5158 3757 5231 litterario_Gallicano,

252 5226 398 5300 part.
453 5247 511 5296 ιι,
561 5233 647 5295 92,
701 5226 941 5283 testatur
985 5245 1043 5283 se
1091 5230 1153 5282 in
1204 5226 1431 5300 abbatia
1478 5228 1922 5300 Cheminonensi
1968 5228 2223 5281 dioecesis
2271 5227 2696 5280 Catalaunensis
2740 5226 2944 5280 vidisse
2990 5243 3123 5296 opus
3152 5228 3452 5282 Adalboldi
3478 5230 3754 5285 adSilve—

254 5299 428 5355 Strum
457 5316 661 5369 papam
686 5303 758 5354 De
788 5302 1009 5366 circulo,
1042 5305 1175 5363 etc.,
1208 5299 1363 5370 quod
1389 5299 1511 5352 sine
1540 5299 1715 5353 dubio
1741 5299 1848 5352 hoc
1878 5299 2069 5367 ipsum
2100 5302 2357 5351 nostrum
2391 5302 2492 5351 est.
