  <div class='ocr_page' id='page_1' title='image "/cluster/home/n/w/nwhite01/storage/ocr_20150623/140/hvd.32044054760004/557.png"; bbox 0 0 4010 6194; ppageno 0'>
   <div class='ocr_carea' id='block_1_1' title="bbox 287 277 420 330">
    <p class='ocr_par' dir='ltr' id='par_1_1' title="bbox 287 277 420 330">
     <span class='ocr_line' id='line_1_1' title="bbox 287 277 420 330; baseline 0.03 -3"><span class='ocrx_word' id='word_1_1' title='bbox 287 277 420 330; x_wconf 90' lang='grc'><strong>1103</strong></span> 
     </span>
    </p>
   </div>
   <div class='ocr_carea' id='block_1_2' title="bbox 1381 281 2672 343">
    <p class='ocr_par' dir='ltr' id='par_1_2' title="bbox 1381 281 2672 343">
     <span class='ocr_line' id='line_1_2' title="bbox 1381 281 2672 343; baseline 0.003 -7"><span class='ocrx_word' id='word_1_2' title='bbox 1381 281 1774 339; x_wconf 81' lang='lat' dir='ltr'><strong>ADELBOLDI</strong></span> <span class='ocrx_word' id='word_1_3' title='bbox 1809 284 2321 343; x_wconf 80' lang='lat' dir='ltr'><strong>TRAJECTENSIS</strong></span> <span class='ocrx_word' id='word_1_4' title='bbox 2359 285 2672 343; x_wconf 87' lang='lat' dir='ltr'><strong>EPlSCOPI</strong></span> 
     </span>
    </p>
   </div>
   <div class='ocr_carea' id='block_1_3' title="bbox 3649 288 3788 341">
    <p class='ocr_par' dir='ltr' id='par_1_3' title="bbox 3649 288 3788 341">
     <span class='ocr_line' id='line_1_3' title="bbox 3649 288 3788 341; baseline 0.007 -2"><span class='ocrx_word' id='word_1_5' title='bbox 3649 288 3788 341; x_wconf 71' lang='grc'><strong>1104</strong></span> 
     </span>
    </p>
   </div>
   <div class='ocr_carea' id='block_1_4' title="bbox 1661 592 2387 680">
    <p class='ocr_par' dir='ltr' id='par_1_4' title="bbox 1661 592 2387 680">
     <span class='ocr_line' id='line_1_4' title="bbox 1661 592 2387 680; baseline 0.004 -3"><span class='ocrx_word' id='word_1_6' title='bbox 1661 592 2387 680; x_wconf 91' lang='lat' dir='ltr'><strong>ADELBOLDI</strong></span> 
     </span>
    </p>
   </div>
   <div class='ocr_carea' id='block_1_5' title="bbox 1184 785 2884 844">
    <p class='ocr_par' dir='ltr' id='par_1_5' title="bbox 1184 785 2884 844">
     <span class='ocr_line' id='line_1_5' title="bbox 1184 785 2884 844; baseline 0.001 -4"><span class='ocrx_word' id='word_1_7' title='bbox 1184 785 1495 842; x_wconf 87' lang='lat' dir='ltr'><strong>EPISCOPI</strong></span> <span class='ocrx_word' id='word_1_8' title='bbox 1531 787 2050 843; x_wconf 78' lang='lat' dir='ltr'><strong>TRAJECTENSIS.</strong></span> <span class='ocrx_word' id='word_1_9' title='bbox 2093 787 2380 844; x_wconf 81' lang='lat' dir='ltr'><strong>ORDINIS</strong></span> <span class='ocrx_word' id='word_1_10' title='bbox 2417 787 2471 843; x_wconf 92' lang='lat' dir='ltr'><strong>S.</strong></span> <span class='ocrx_word' id='word_1_11' title='bbox 2516 787 2884 844; x_wconf 86' lang='lat' dir='ltr'><strong>BENEDICTI</strong></span> 
     </span>
    </p>
   </div>
   <div class='ocr_carea' id='block_1_6' title="bbox 1772 959 2294 1060">
    <p class='ocr_par' dir='ltr' id='par_1_6' title="bbox 1772 959 2294 1060">
     <span class='ocr_line' id='line_1_6' title="bbox 1772 959 2294 1060; baseline 0.002 -2"><span class='ocrx_word' id='word_1_12' title='bbox 1772 959 2294 1060; x_wconf 91' lang='lat' dir='ltr'><strong>LIBELLUS</strong></span> 
     </span>
    </p>
   </div>
   <div class='ocr_carea' id='block_1_7' title="bbox 280 1185 3792 1343">
    <p class='ocr_par' dir='ltr' id='par_1_7' title="bbox 280 1185 3792 1343">
     <span class='ocr_line' id='line_1_7' title="bbox 280 1185 3792 1343; baseline 0.001 -23"><span class='ocrx_word' id='word_1_13' title='bbox 280 1187 436 1320; x_wconf 88' lang='lat' dir='ltr'>DE</span> <span class='ocrx_word' id='word_1_14' title='bbox 540 1185 1102 1343; x_wconf 9' lang='lat' dir='ltr'><strong>RATIO-NE</strong></span> <span class='ocrx_word' id='word_1_15' title='bbox 1203 1186 1964 1322; x_wconf 83' lang='lat' dir='ltr'><strong>INVENIENDI</strong></span> <span class='ocrx_word' id='word_1_16' title='bbox 2059 1189 3073 1327; x_wconf 80' lang='lat' dir='ltr'><strong>CBASSITUDINEM</strong></span> <span class='ocrx_word' id='word_1_17' title='bbox 3169 1190 3792 1327; x_wconf 58' lang='lat' dir='ltr'><strong>SPHAEBE.</strong></span> 
     </span>
    </p>
   </div>
   <div class='ocr_carea' id='block_1_8' title="bbox 1414 1424 2651 1488">
    <p class='ocr_par' dir='ltr' id='par_1_8' title="bbox 1414 1424 2651 1488">
     <span class='ocr_line' id='line_1_8' title="bbox 1414 1424 2651 1488; baseline 0.002 -4"><span class='ocrx_word' id='word_1_18' title='bbox 1414 1425 1538 1484; x_wconf 90' lang='lat' dir='ltr'><strong>AD</strong></span> <span class='ocrx_word' id='word_1_19' title='bbox 1599 1424 2224 1487; x_wconf 87' lang='lat' dir='ltr'><strong>SILVESTRUM</strong></span> <span class='ocrx_word' id='word_1_20' title='bbox 2283 1425 2350 1486; x_wconf 94' lang='lat' dir='ltr'><strong>II</strong></span> <span class='ocrx_word' id='word_1_21' title='bbox 2411 1427 2486 1487; x_wconf 92' lang='lat' dir='ltr'><strong>P.</strong></span> <span class='ocrx_word' id='word_1_22' title='bbox 2546 1427 2651 1488; x_wconf 91' lang='lat' dir='ltr'><strong>M.</strong></span> 
     </span>
    </p>
   </div>
   <div class='ocr_carea' id='block_1_9' title="bbox 521 1592 3555 1674">
    <p class='ocr_par' dir='ltr' id='par_1_9' title="bbox 521 1592 3555 1674">
     <span class='ocr_line' id='line_1_9' title="bbox 521 1592 3555 1674; baseline 0.001 -21"><span class='ocrx_word' id='word_1_23' title='bbox 521 1594 740 1654; x_wconf 70' lang='lat' dir='ltr'><strong>Prodit</strong></span> <span class='ocrx_word' id='word_1_24' title='bbox 775 1614 932 1653; x_wconf 85' lang='lat' dir='ltr'><strong>nunc</strong></span> <span class='ocrx_word' id='word_1_25' title='bbox 969 1595 1232 1673; x_wconf 71' lang='lat' dir='ltr'><strong>primum</strong></span> <span class='ocrx_word' id='word_1_26' title='bbox 1273 1594 1334 1652; x_wconf 79' lang='lat' dir='ltr'><strong>z&#39;n</strong></span> <span class='ocrx_word' id='word_1_27' title='bbox 1373 1592 1561 1652; x_wconf 84' lang='lat' dir='ltr'><strong>lucem</strong></span> <span class='ocrx_word' id='word_1_28' title='bbox 1601 1611 1678 1652; x_wconf 76' lang='lat' dir='ltr'><strong>ex</strong></span> <span class='ocrx_word' id='word_1_29' title='bbox 1702 1592 1871 1652; x_wconf 87' lang='lat' dir='ltr'><strong>codd.</strong></span> <span class='ocrx_word' id='word_1_30' title='bbox 1896 1613 2033 1653; x_wconf 87' lang='lat' dir='ltr'><strong>mss.</strong></span> <span class='ocrx_word' id='word_1_31' title='bbox 2075 1594 2433 1674; x_wconf 80' lang='lat' dir='ltr'><strong>z&#39;nclytorum</strong></span> <span class='ocrx_word' id='word_1_32' title='bbox 2476 1596 2972 1655; x_wconf 71' lang='lat' dir='ltr'><strong>monasteriorum</strong></span> <span class='ocrx_word' id='word_1_33' title='bbox 3019 1594 3071 1653; x_wconf 89' lang='grc' dir='ltr'><em>Τ</em></span> <span class='ocrx_word' id='word_1_34' title='bbox 3065 1598 3470 1673; x_wconf 76' lang='lat' dir='ltr'><strong>egernseensz&#39;s</strong></span> <span class='ocrx_word' id='word_1_35' title='bbox 3499 1609 3555 1655; x_wconf 83' lang='lat' dir='ltr'><strong>et</strong></span> 
     </span>
    </p>
   </div>
   <div class='ocr_carea' id='block_1_10' title="bbox 560 1681 3496 1763">
    <p class='ocr_par' dir='ltr' id='par_1_10' title="bbox 560 1681 3496 1763">
     <span class='ocr_line' id='line_1_10' title="bbox 560 1681 3496 1763; baseline 0 -21"><span class='ocrx_word' id='word_1_36' title='bbox 560 1682 1114 1742; x_wconf 68' lang='lat' dir='ltr'><strong>Sancti-Petrensis</strong></span> <span class='ocrx_word' id='word_1_37' title='bbox 1141 1681 1394 1754; x_wconf 74' lang='lat' dir='ltr'><strong>Salz&#39;sb.,</strong></span> <span class='ocrx_word' id='word_1_38' title='bbox 1429 1699 1609 1761; x_wconf 80' lang='lat' dir='ltr'><strong>opera</strong></span> <span class='ocrx_word' id='word_1_39' title='bbox 1639 1681 1795 1741; x_wconf 88' lang='lat' dir='ltr'><strong>adm.</strong></span> <span class='ocrx_word' id='word_1_40' title='bbox 1836 1682 1906 1742; x_wconf 75' lang='grc' dir='ltr'><strong>Β.</strong></span> <span class='ocrx_word' id='word_1_41' title='bbox 1938 1682 2015 1741; x_wconf 87' lang='lat' dir='ltr'><strong>D.</strong></span> <span class='ocrx_word' id='word_1_42' title='bbox 2049 1682 2124 1741; x_wconf 91' lang='lat' dir='ltr'><strong>P.</strong></span> <span class='ocrx_word' id='word_1_43' title='bbox 2157 1682 2456 1762; x_wconf 79' lang='lat' dir='ltr'><strong>Alphonsz&#39;</strong></span> <span class='ocrx_word' id='word_1_44' title='bbox 2480 1683 2743 1757; x_wconf 80' lang='lat' dir='ltr'><strong>Hueber,</strong></span> <span class='ocrx_word' id='word_1_45' title='bbox 2777 1695 2986 1743; x_wconf 64' lang='lat' dir='ltr'><strong>ascetw</strong></span> <span class='ocrx_word' id='word_1_46' title='bbox 3022 1684 3496 1763; x_wconf 71' lang='lat' dir='ltr'><strong>Tegernsemse’s.</strong></span> 
     </span>
    </p>
   </div>
   <div class='ocr_carea' id='block_1_11' title="bbox 674 1847 3395 1921">
    <p class='ocr_par' dir='ltr' id='par_1_11' title="bbox 674 1847 3395 1921">
     <span class='ocr_line' id='line_1_11' title="bbox 674 1847 3395 1921; baseline 0 -17"><span class='ocrx_word' id='word_1_47' title='bbox 674 1849 864 1920; x_wconf 79' lang='lat' dir='ltr'><strong>(Apud</strong></span> <span class='ocrx_word' id='word_1_48' title='bbox 894 1850 960 1904; x_wconf 75' lang='grc' dir='ltr'><strong>Β.</strong></span> <span class='ocrx_word' id='word_1_49' title='bbox 984 1851 1045 1904; x_wconf 88' lang='grc' dir='ltr'><strong>Ρ.</strong></span> <span class='ocrx_word' id='word_1_50' title='bbox 1079 1849 1432 1904; x_wconf 90' lang='lat' dir='ltr'><strong>Bernardum</strong></span> <span class='ocrx_word' id='word_1_51' title='bbox 1461 1847 1712 1916; x_wconf 89' lang='lat' dir='ltr'><strong>Pezium,</strong></span> <span class='ocrx_word' id='word_1_52' title='bbox 1747 1849 2006 1902; x_wconf 83' lang='lat' dir='ltr'><strong>Thesaur.</strong></span> <span class='ocrx_word' id='word_1_53' title='bbox 2037 1849 2298 1904; x_wconf 74' lang='lat' dir='ltr'><strong>Anecdot.</strong></span> <span class='ocrx_word' id='word_1_54' title='bbox 2331 1852 2528 1904; x_wconf 77' lang='lat' dir='ltr'><strong>noviss.</strong></span> <span class='ocrx_word' id='word_1_55' title='bbox 2557 1855 2700 1904; x_wconf 89' lang='lat' dir='ltr'><strong>tom.</strong></span> <span class='ocrx_word' id='word_1_56' title='bbox 2735 1851 2830 1917; x_wconf 89' lang='lat' dir='ltr'><strong>Ill,</strong></span> <span class='ocrx_word' id='word_1_57' title='bbox 2860 1854 3019 1921; x_wconf 90' lang='lat' dir='ltr'><strong>parte</strong></span> <span class='ocrx_word' id='word_1_58' title='bbox 3049 1866 3107 1914; x_wconf 80' lang='grc' dir='ltr'><strong>ιι,</strong></span> <span class='ocrx_word' id='word_1_59' title='bbox 3141 1851 3248 1904; x_wconf 92' lang='lat' dir='ltr'><strong>col.</strong></span> <span class='ocrx_word' id='word_1_60' title='bbox 3280 1852 3395 1919; x_wconf 82' lang='lat'><strong>85.)</strong></span> 
     </span>
    </p>
   </div>
   <div class='ocr_carea' id='block_1_12' title="bbox 1851 2015 2223 2026">
    <p class='ocr_par' dir='ltr' id='par_1_12' title="bbox 1851 2015 2223 2026">
     <span class='ocr_line' id='line_1_12' title="bbox 1851 2015 2223 2026; baseline 0.005 -2"><span class='ocrx_word' id='word_1_61' title='bbox 1851 2015 2223 2026; x_wconf 79' lang='lat'>.———_</span> 
     </span>
    </p>
   </div>
   <div class='ocr_carea' id='block_1_13' title="bbox 356 2153 3791 2228">
    <p class='ocr_par' dir='ltr' id='par_1_13' title="bbox 356 2153 3791 2228">
     <span class='ocr_line' id='line_1_13' title="bbox 356 2153 3791 2228; baseline -0.001 -13"><span class='ocrx_word' id='word_1_62' title='bbox 356 2159 599 2216; x_wconf 89' lang='lat' dir='ltr'><strong>Domino</strong></span> <span class='ocrx_word' id='word_1_63' title='bbox 644 2158 932 2213; x_wconf 78' lang='lat' dir='ltr'><strong>SILvasrao</strong></span> <span class='ocrx_word' id='word_1_64' title='bbox 972 2171 1196 2210; x_wconf 91' lang='lat' dir='ltr'><strong>summo</strong></span> <span class='ocrx_word' id='word_1_65' title='bbox 1227 2165 1283 2209; x_wconf 87' lang='lat' dir='ltr'><strong>et</strong></span> <span class='ocrx_word' id='word_1_66' title='bbox 1314 2153 1575 2225; x_wconf 79' lang='lat' dir='ltr'><strong>pontifici</strong></span> <span class='ocrx_word' id='word_1_67' title='bbox 1619 2157 1674 2208; x_wconf 90' lang='lat' dir='ltr'><strong>et</strong></span> <span class='ocrx_word' id='word_1_68' title='bbox 1721 2154 1978 2225; x_wconf 91' lang='lat' dir='ltr'><strong>philoso-</strong></span> <span class='ocrx_word' id='word_1_69' title='bbox 2015 2162 2059 2214; x_wconf 81' lang='grc' dir='ltr'><strong>Α</strong></span> <span class='ocrx_word' id='word_1_70' title='bbox 2161 2155 2310 2221; x_wconf 85' lang='lat' dir='ltr'><strong>Quid</strong></span> <span class='ocrx_word' id='word_1_71' title='bbox 2362 2171 2498 2227; x_wconf 86' lang='lat' dir='ltr'><strong>ergo</strong></span> <span class='ocrx_word' id='word_1_72' title='bbox 2550 2156 2646 2223; x_wconf 87' lang='lat' dir='ltr'>sit,</span> <span class='ocrx_word' id='word_1_73' title='bbox 2699 2156 3021 2228; x_wconf 87' lang='lat' dir='ltr'><strong>quibusque</strong></span> <span class='ocrx_word' id='word_1_74' title='bbox 3081 2157 3596 2227; x_wconf 81' lang='lat' dir='ltr'><strong>imaginationibus</strong></span> <span class='ocrx_word' id='word_1_75' title='bbox 3645 2159 3791 2212; x_wconf 87' lang='lat' dir='ltr'><strong>circa</strong></span> 
     </span>
    </p>
   </div>
   <div class='ocr_carea' id='block_1_14' title="bbox 283 2241 1978 2322">
    <p class='ocr_par' dir='ltr' id='par_1_14' title="bbox 283 2241 1978 2322">
     <span class='ocr_line' id='line_1_14' title="bbox 283 2241 1978 2322; baseline -0.005 -18"><span class='ocrx_word' id='word_1_76' title='bbox 283 2251 400 2322; x_wconf 86' lang='lat' dir='ltr'><strong>pho</strong></span> <span class='ocrx_word' id='word_1_77' title='bbox 435 2251 792 2303; x_wconf 76' lang='lat' dir='ltr'><strong>ADELBOLDUS</strong></span> <span class='ocrx_word' id='word_1_78' title='bbox 831 2244 1198 2299; x_wconf 88' lang='lat' dir='ltr'><strong>scholasticus</strong></span> <span class='ocrx_word' id='word_1_79' title='bbox 1243 2243 1372 2297; x_wconf 62' lang='lat' dir='ltr'><strong>vitae</strong></span> <span class='ocrx_word' id='word_1_80' title='bbox 1417 2248 1475 2297; x_wconf 90' lang='lat' dir='ltr'><strong>et</strong></span> <span class='ocrx_word' id='word_1_81' title='bbox 1515 2241 1803 2297; x_wconf 89' lang='lat' dir='ltr'><strong>felicitatis</strong></span> <span class='ocrx_word' id='word_1_82' title='bbox 1850 2258 1978 2312; x_wconf 90' lang='lat' dir='ltr'><strong>per-</strong></span> 
     </span>
    </p>
   </div>
   <div class='ocr_carea' id='block_1_15' title="bbox 283 2338 646 2409">
    <p class='ocr_par' dir='ltr' id='par_1_15' title="bbox 283 2338 646 2409">
     <span class='ocr_line' id='line_1_15' title="bbox 283 2338 646 2409; baseline -0.008 -16"><span class='ocrx_word' id='word_1_83' title='bbox 283 2338 646 2409; x_wconf 89' lang='lat' dir='ltr'><strong>petuitatem.</strong></span> 
     </span>
    </p>
   </div>
   <div class='ocr_carea' id='block_1_16' title="bbox 354 2418 1983 2493">
    <p class='ocr_par' dir='ltr' id='par_1_16' title="bbox 354 2418 1983 2493">
     <span class='ocr_line' id='line_1_16' title="bbox 354 2418 1983 2493; baseline -0.004 -14"><span class='ocrx_word' id='word_1_84' title='bbox 354 2425 530 2479; x_wconf 81' lang='lat' dir='ltr'>Valde</span> <span class='ocrx_word' id='word_1_85' title='bbox 585 2439 815 2493; x_wconf 85' lang='lat' dir='ltr'><strong>peccare</strong></span> <span class='ocrx_word' id='word_1_86' title='bbox 871 2425 954 2476; x_wconf 90' lang='lat' dir='ltr'><strong>est</strong></span> <span class='ocrx_word' id='word_1_87' title='bbox 1004 2419 1252 2492; x_wconf 86' lang='lat' dir='ltr'><strong>publicis</strong></span> <span class='ocrx_word' id='word_1_88' title='bbox 1308 2420 1594 2474; x_wconf 91' lang='lat' dir='ltr'><strong>intentum</strong></span> <span class='ocrx_word' id='word_1_89' title='bbox 1637 2418 1983 2473; x_wconf 81' lang='lat' dir='ltr'><strong>utilitatibus</strong></span> 
     </span>
    </p>
   </div>
   <div class='ocr_carea' id='block_1_17' title="bbox 282 2507 1980 2584">
    <p class='ocr_par' dir='ltr' id='par_1_17' title="bbox 282 2507 1980 2584">
     <span class='ocr_line' id='line_1_17' title="bbox 282 2507 1980 2584; baseline -0.004 -18"><span class='ocrx_word' id='word_1_90' title='bbox 282 2513 522 2584; x_wconf 82' lang='lat' dir='ltr'><strong>privatis</strong></span> <span class='ocrx_word' id='word_1_91' title='bbox 549 2511 868 2581; x_wconf 86' lang='lat' dir='ltr'><strong>inquietare</strong></span> <span class='ocrx_word' id='word_1_92' title='bbox 895 2507 1392 2563; x_wconf 90' lang='lat' dir='ltr'><strong>conventionibus.</strong></span> <span class='ocrx_word' id='word_1_93' title='bbox 1436 2507 1543 2563; x_wconf 91' lang='lat' dir='ltr'><strong>Sed</strong></span> <span class='ocrx_word' id='word_1_94' title='bbox 1594 2508 1704 2561; x_wconf 92' lang='lat' dir='ltr'><strong>hoc</strong></span> <span class='ocrx_word' id='word_1_95' title='bbox 1747 2507 1980 2578; x_wconf 90' lang='lat' dir='ltr'><strong>ingenio</strong></span> 
     </span>
    </p>
   </div>
   <div class='ocr_carea' id='block_1_18' title="bbox 285 2595 1984 2667">
    <p class='ocr_par' dir='ltr' id='par_1_18' title="bbox 285 2595 1984 2667">
     <span class='ocr_line' id='line_1_18' title="bbox 285 2595 1984 2667; baseline -0.004 -13"><span class='ocrx_word' id='word_1_96' title='bbox 285 2606 472 2654; x_wconf 90' lang='lat' dir='ltr'><strong>vestro</strong></span> <span class='ocrx_word' id='word_1_97' title='bbox 503 2599 749 2667; x_wconf 77' lang='lat' dir='ltr'><strong>confido,</strong></span> <span class='ocrx_word' id='word_1_98' title='bbox 774 2604 838 2653; x_wconf 92' lang='lat' dir='ltr'><strong>ut</strong></span> <span class='ocrx_word' id='word_1_99' title='bbox 869 2599 1039 2652; x_wconf 85' lang='lat' dir='ltr'><strong>simul</strong></span> <span class='ocrx_word' id='word_1_100' title='bbox 1081 2602 1138 2650; x_wconf 89' lang='lat' dir='ltr'><strong>et</strong></span> <span class='ocrx_word' id='word_1_101' title='bbox 1184 2597 1268 2650; x_wconf 85' lang='lat' dir='ltr'><strong>rei</strong></span> <span class='ocrx_word' id='word_1_102' title='bbox 1310 2596 1555 2666; x_wconf 75' lang='lat' dir='ltr'><strong>publicae</strong></span> <span class='ocrx_word' id='word_1_103' title='bbox 1604 2595 1782 2665; x_wconf 86' lang='lat' dir='ltr'><strong>possit</strong></span> <span class='ocrx_word' id='word_1_104' title='bbox 1829 2595 1984 2648; x_wconf 86' lang='lat' dir='ltr'><strong>sufti-</strong></span> 
     </span>
    </p>
   </div>
   <div class='ocr_carea' id='block_1_19' title="bbox 283 2683 1983 2756">
    <p class='ocr_par' dir='ltr' id='par_1_19' title="bbox 283 2683 1983 2756">
     <span class='ocr_line' id='line_1_19' title="bbox 283 2683 1983 2756; baseline -0.005 -13"><span class='ocrx_word' id='word_1_105' title='bbox 283 2705 433 2756; x_wconf 85' lang='lat' dir='ltr'><strong>cere,</strong></span> <span class='ocrx_word' id='word_1_106' title='bbox 487 2693 545 2742; x_wconf 88' lang='lat' dir='ltr'><strong>et</strong></span> <span class='ocrx_word' id='word_1_107' title='bbox 574 2687 738 2755; x_wconf 89' lang='lat' dir='ltr'><strong>mihi,</strong></span> <span class='ocrx_word' id='word_1_108' title='bbox 780 2703 845 2741; x_wconf 86' lang='lat' dir='ltr'><strong>ex</strong></span> <span class='ocrx_word' id='word_1_109' title='bbox 891 2687 1000 2740; x_wconf 91' lang='lat' dir='ltr'><strong>hoc</strong></span> <span class='ocrx_word' id='word_1_110' title='bbox 1046 2685 1201 2755; x_wconf 89' lang='lat' dir='ltr'><strong>quod</strong></span> <span class='ocrx_word' id='word_1_111' title='bbox 1253 2700 1471 2755; x_wconf 62' lang='lat' dir='ltr'><strong>quaero,</strong></span> <span class='ocrx_word' id='word_1_112' title='bbox 1522 2683 1864 2736; x_wconf 81' lang='lat' dir='ltr'><strong>satisfacere.</strong></span> <span class='ocrx_word' id='word_1_113' title='bbox 1916 2684 1983 2736; x_wconf 89' lang='lat' dir='ltr'><strong>Et</strong></span> 
     </span>
    </p>
   </div>
   <div class='ocr_carea' id='block_1_20' title="bbox 281 2770 1981 2846">
    <p class='ocr_par' dir='ltr' id='par_1_20' title="bbox 281 2770 1981 2846">
     <span class='ocr_line' id='line_1_20' title="bbox 281 2770 1981 2846; baseline -0.005 -15"><span class='ocrx_word' id='word_1_114' title='bbox 281 2782 477 2832; x_wconf 89' lang='lat' dir='ltr'><strong>tamen</strong></span> <span class='ocrx_word' id='word_1_115' title='bbox 507 2781 720 2830; x_wconf 85' lang='lat' dir='ltr'><strong>temere</strong></span> <span class='ocrx_word' id='word_1_116' title='bbox 757 2791 887 2846; x_wconf 90' lang='lat' dir='ltr'><strong>ago,</strong></span> <span class='ocrx_word' id='word_1_117' title='bbox 936 2779 992 2827; x_wconf 91' lang='lat' dir='ltr'><strong>et</strong></span> <span class='ocrx_word' id='word_1_118' title='bbox 1039 2788 1158 2826; x_wconf 88' lang='lat' dir='ltr'><strong>non</strong></span> <span class='ocrx_word' id='word_1_119' title='bbox 1200 2772 1534 2843; x_wconf 87' lang='lat' dir='ltr'><strong>ignorauter</strong></span> <span class='ocrx_word' id='word_1_120' title='bbox 1582 2787 1774 2841; x_wconf 88' lang='lat' dir='ltr'><strong>pecco,</strong></span> <span class='ocrx_word' id='word_1_121' title='bbox 1825 2770 1981 2841; x_wconf 90' lang='lat' dir='ltr'><strong>quod</strong></span> 
     </span>
    </p>
   </div>
   <div class='ocr_carea' id='block_1_21' title="bbox 282 2859 1982 2934">
    <p class='ocr_par' dir='ltr' id='par_1_21' title="bbox 282 2859 1982 2934">
     <span class='ocr_line' id='line_1_21' title="bbox 282 2859 1982 2934; baseline -0.005 -14"><span class='ocrx_word' id='word_1_122' title='bbox 282 2872 509 2920; x_wconf 88' lang='lat' dir='ltr'><strong>tantum</strong></span> <span class='ocrx_word' id='word_1_123' title='bbox 568 2865 750 2918; x_wconf 90' lang='lat' dir='ltr'><strong>virum</strong></span> <span class='ocrx_word' id='word_1_124' title='bbox 803 2862 968 2934; x_wconf 89' lang='lat' dir='ltr'><strong>quasi</strong></span> <span class='ocrx_word' id='word_1_125' title='bbox 1019 2861 1524 2915; x_wconf 88' lang='lat' dir='ltr'><strong>conscholasticum</strong></span> <span class='ocrx_word' id='word_1_126' title='bbox 1572 2859 1801 2929; x_wconf 88' lang='lat' dir='ltr'><strong>juvenis</strong></span> <span class='ocrx_word' id='word_1_127' title='bbox 1848 2875 1982 2912; x_wconf 91' lang='lat' dir='ltr'><strong>con-</strong></span> 
     </span>
    </p>
   </div>
   <div class='ocr_carea' id='block_1_22' title="bbox 281 2949 1978 3020">
    <p class='ocr_par' dir='ltr' id='par_1_22' title="bbox 281 2949 1978 3020">
     <span class='ocr_line' id='line_1_22' title="bbox 281 2949 1978 3020; baseline -0.004 -15"><span class='ocrx_word' id='word_1_128' title='bbox 281 2955 472 3010; x_wconf 86' lang='lat' dir='ltr'><strong>venio.</strong></span> <span class='ocrx_word' id='word_1_129' title='bbox 523 2953 632 3007; x_wconf 91' lang='lat' dir='ltr'><strong>Sed</strong></span> <span class='ocrx_word' id='word_1_130' title='bbox 681 2951 964 3006; x_wconf 86' lang='lat' dir='ltr'><strong>confessio</strong></span> <span class='ocrx_word' id='word_1_131' title='bbox 1021 2949 1239 3020; x_wconf 80' lang='lat' dir='ltr'><strong>peccati</strong></span> <span class='ocrx_word' id='word_1_132' title='bbox 1283 2949 1507 3002; x_wconf 86' lang='lat' dir='ltr'><strong>veniam</strong></span> <span class='ocrx_word' id='word_1_133' title='bbox 1567 2963 1681 3001; x_wconf 92' lang='lat' dir='ltr'><strong>non</strong></span> <span class='ocrx_word' id='word_1_134' title='bbox 1733 2953 1978 3014; x_wconf 91' lang='lat' dir='ltr'><strong>tantum,</strong></span> 
     </span>
    </p>
   </div>
   <div class='ocr_carea' id='block_1_23' title="bbox 283 3036 1982 3113">
    <p class='ocr_par' dir='ltr' id='par_1_23' title="bbox 283 3036 1982 3113">
     <span class='ocr_line' id='line_1_23' title="bbox 283 3036 1982 3113; baseline -0.004 -17"><span class='ocrx_word' id='word_1_135' title='bbox 283 3043 431 3110; x_wconf 87' lang='lat' dir='ltr'><strong>dico,</strong></span> <span class='ocrx_word' id='word_1_136' title='bbox 483 3041 712 3113; x_wconf 73' lang='lat' dir='ltr'><strong>quaerit,</strong></span> <span class='ocrx_word' id='word_1_137' title='bbox 763 3040 860 3094; x_wconf 91' lang='lat' dir='ltr'><strong>sed</strong></span> <span class='ocrx_word' id='word_1_138' title='bbox 907 3039 1102 3108; x_wconf 82' lang='lat' dir='ltr'><strong>exigit.</strong></span> <span class='ocrx_word' id='word_1_139' title='bbox 1155 3039 1409 3092; x_wconf 84' lang='lat' dir='ltr'><strong>Fortasse</strong></span> <span class='ocrx_word' id='word_1_140' title='bbox 1464 3036 1726 3107; x_wconf 83' lang='lat' dir='ltr'><strong>cogitatis</strong></span> <span class='ocrx_word' id='word_1_141' title='bbox 1788 3040 1849 3089; x_wconf 92' lang='lat' dir='ltr'><strong>ut</strong></span> <span class='ocrx_word' id='word_1_142' title='bbox 1903 3036 1982 3089; x_wconf 88' lang='lat' dir='ltr'><strong>sic</strong></span> 
     </span>
    </p>
   </div>
   <div class='ocr_carea' id='block_1_24' title="bbox 280 3124 1978 3201">
    <p class='ocr_par' dir='ltr' id='par_1_24' title="bbox 280 3124 1978 3201">
     <span class='ocr_line' id='line_1_24' title="bbox 280 3124 1978 3201; baseline -0.005 -15"><span class='ocrx_word' id='word_1_143' title='bbox 280 3147 508 3201; x_wconf 90' lang='lat' dir='ltr'><strong>peccem</strong></span> <span class='ocrx_word' id='word_1_144' title='bbox 546 3135 606 3183; x_wconf 92' lang='lat' dir='ltr'><strong>ut</strong></span> <span class='ocrx_word' id='word_1_145' title='bbox 631 3145 722 3182; x_wconf 90' lang='lat' dir='ltr'><strong>me</strong></span> <span class='ocrx_word' id='word_1_146' title='bbox 752 3143 1016 3198; x_wconf 89' lang='lat' dir='ltr'><strong>peccasse</strong></span> <span class='ocrx_word' id='word_1_147' title='bbox 1060 3126 1339 3196; x_wconf 87' lang='lat' dir='ltr'><strong>poenitere</strong></span> <span class='ocrx_word' id='word_1_148' title='bbox 1369 3124 1570 3190; x_wconf 89' lang='lat' dir='ltr'><strong>nolim,</strong></span> <span class='ocrx_word' id='word_1_149' title='bbox 1604 3140 1665 3177; x_wconf 92' lang='lat' dir='ltr'><strong>ac</strong></span> <span class='ocrx_word' id='word_1_150' title='bbox 1695 3124 1823 3178; x_wconf 89' lang='lat' dir='ltr'><strong>ideo</strong></span> <span class='ocrx_word' id='word_1_151' title='bbox 1855 3125 1978 3178; x_wconf 89' lang='lat' dir='ltr'><strong>sine</strong></span> 
     </span>
    </p>
   </div>
   <div class='ocr_carea' id='block_1_25' title="bbox 281 3212 1980 3288">
    <p class='ocr_par' dir='ltr' id='par_1_25' title="bbox 281 3212 1980 3288">
     <span class='ocr_line' id='line_1_25' title="bbox 281 3212 1980 3288; baseline -0.005 -15"><span class='ocrx_word' id='word_1_152' title='bbox 281 3221 470 3274; x_wconf 87' lang='lat' dir='ltr'><strong>fructu</strong></span> <span class='ocrx_word' id='word_1_153' title='bbox 500 3216 853 3288; x_wconf 72' lang='lat' dir='ltr'><strong>pmnitentiae</strong></span> <span class='ocrx_word' id='word_1_154' title='bbox 889 3215 1172 3269; x_wconf 84' lang='lat' dir='ltr'><strong>confessio</strong></span> <span class='ocrx_word' id='word_1_155' title='bbox 1195 3229 1300 3267; x_wconf 90' lang='lat' dir='ltr'><strong>nec</strong></span> <span class='ocrx_word' id='word_1_156' title='bbox 1330 3213 1556 3266; x_wconf 89' lang='lat' dir='ltr'><strong>veniam</strong></span> <span class='ocrx_word' id='word_1_157' title='bbox 1586 3212 1790 3266; x_wconf 86' lang='lat' dir='ltr'><strong>debeat</strong></span> <span class='ocrx_word' id='word_1_158' title='bbox 1819 3228 1980 3283; x_wconf 66' lang='lat' dir='ltr'><strong>qum-</strong></span> 
     </span>
    </p>
   </div>
   <div class='ocr_carea' id='block_1_26' title="bbox 282 3300 1980 3373">
    <p class='ocr_par' dir='ltr' id='par_1_26' title="bbox 282 3300 1980 3373">
     <span class='ocr_line' id='line_1_26' title="bbox 282 3300 1980 3373; baseline -0.004 -12"><span class='ocrx_word' id='word_1_159' title='bbox 282 3323 429 3373; x_wconf 91' lang='lat' dir='ltr'><strong>rere,</strong></span> <span class='ocrx_word' id='word_1_160' title='bbox 486 3322 593 3360; x_wconf 89' lang='lat' dir='ltr'><strong>nec</strong></span> <span class='ocrx_word' id='word_1_161' title='bbox 648 3304 1044 3358; x_wconf 85' lang='lat' dir='ltr'><strong>remissionem</strong></span> <span class='ocrx_word' id='word_1_162' title='bbox 1101 3301 1352 3372; x_wconf 89' lang='lat' dir='ltr'><strong>aliquam</strong></span> <span class='ocrx_word' id='word_1_163' title='bbox 1406 3301 1652 3370; x_wconf 81' lang='lat' dir='ltr'><strong>exigere.</strong></span> <span class='ocrx_word' id='word_1_164' title='bbox 1709 3300 1792 3354; x_wconf 77' lang='lat' dir='ltr'><strong>Ad</strong></span> <span class='ocrx_word' id='word_1_165' title='bbox 1857 3300 1980 3354; x_wconf 76' lang='lat' dir='ltr'><strong>haec</strong></span> 
     </span>
    </p>
   </div>
   <div class='ocr_carea' id='block_1_27' title="bbox 281 3388 1976 3466">
    <p class='ocr_par' dir='ltr' id='par_1_27' title="bbox 281 3388 1976 3466">
     <span class='ocr_line' id='line_1_27' title="bbox 281 3388 1976 3466; baseline -0.004 -17"><span class='ocrx_word' id='word_1_166' title='bbox 281 3394 638 3466; x_wconf 88' lang='lat' dir='ltr'><strong>respondebo</strong></span> <span class='ocrx_word' id='word_1_167' title='bbox 699 3391 855 3463; x_wconf 89' lang='lat' dir='ltr'><strong>quia,</strong></span> <span class='ocrx_word' id='word_1_168' title='bbox 905 3391 952 3444; x_wconf 91' lang='lat' dir='ltr'><strong>si</strong></span> <span class='ocrx_word' id='word_1_169' title='bbox 1008 3389 1421 3460; x_wconf 80' lang='lat' dir='ltr'><strong>benignitatem</strong></span> <span class='ocrx_word' id='word_1_170' title='bbox 1470 3392 1712 3441; x_wconf 86' lang='lat' dir='ltr'><strong>vestram</strong></span> <span class='ocrx_word' id='word_1_171' title='bbox 1763 3388 1824 3442; x_wconf 92' lang='lat' dir='ltr'><strong>in</strong></span> <span class='ocrx_word' id='word_1_172' title='bbox 1869 3388 1976 3442; x_wconf 85' lang='lat' dir='ltr'><strong>hac</strong></span> 
     </span>
    </p>
   </div>
   <div class='ocr_carea' id='block_1_28' title="bbox 280 3476 1973 3547">
    <p class='ocr_par' dir='ltr' id='par_1_28' title="bbox 280 3476 1973 3547">
     <span class='ocr_line' id='line_1_28' title="bbox 280 3476 1973 3547; baseline -0.004 -11"><span class='ocrx_word' id='word_1_173' title='bbox 280 3482 660 3537; x_wconf 90' lang='lat' dir='ltr'><strong>conventione</strong></span> <span class='ocrx_word' id='word_1_174' title='bbox 686 3479 998 3544; x_wconf 76' lang='lat' dir='ltr'><strong>offendero,</strong></span> <span class='ocrx_word' id='word_1_175' title='bbox 1028 3478 1176 3531; x_wconf 90' lang='lat' dir='ltr'><strong>ultra</strong></span> <span class='ocrx_word' id='word_1_176' title='bbox 1223 3492 1395 3547; x_wconf 89' lang='lat' dir='ltr'><strong>quam</strong></span> <span class='ocrx_word' id='word_1_177' title='bbox 1446 3476 1676 3530; x_wconf 89' lang='lat' dir='ltr'><strong>credere</strong></span> <span class='ocrx_word' id='word_1_178' title='bbox 1721 3476 1973 3546; x_wconf 87' lang='lat' dir='ltr'><strong>possitis,</strong></span> 
     </span>
    </p>
   </div>
   <div class='ocr_carea' id='block_1_29' title="bbox 282 3564 1977 3634">
    <p class='ocr_par' dir='ltr' id='par_1_29' title="bbox 282 3564 1977 3634">
     <span class='ocr_line' id='line_1_29' title="bbox 282 3564 1977 3634; baseline -0.002 -10"><span class='ocrx_word' id='word_1_179' title='bbox 282 3586 373 3624; x_wconf 88' lang='lat' dir='ltr'><strong>me</strong></span> <span class='ocrx_word' id='word_1_180' title='bbox 403 3586 498 3623; x_wconf 88' lang='lat' dir='ltr'><strong>vos</strong></span> <span class='ocrx_word' id='word_1_181' title='bbox 549 3567 879 3623; x_wconf 85' lang='lat' dir='ltr'><strong>convenisse</strong></span> <span class='ocrx_word' id='word_1_182' title='bbox 926 3566 1129 3621; x_wconf 89' lang='lat' dir='ltr'><strong>dolebo</strong></span> <span class='ocrx_word' id='word_1_183' title='bbox 1163 3582 1176 3619; x_wconf 92' lang='lat'>:</span> <span class='ocrx_word' id='word_1_184' title='bbox 1209 3581 1274 3619; x_wconf 92' lang='lat' dir='ltr'><strong>ac</strong></span> <span class='ocrx_word' id='word_1_185' title='bbox 1319 3565 1450 3619; x_wconf 91' lang='lat' dir='ltr'><strong>ideo</strong></span> <span class='ocrx_word' id='word_1_186' title='bbox 1501 3564 1718 3618; x_wconf 88' lang='lat' dir='ltr'><strong>dolenti</strong></span> <span class='ocrx_word' id='word_1_187' title='bbox 1761 3569 1817 3618; x_wconf 89' lang='lat' dir='ltr'><strong>et</strong></span> <span class='ocrx_word' id='word_1_188' title='bbox 1861 3580 1977 3634; x_wconf 67' lang='lat' dir='ltr'><strong>pa:-</strong></span> 
     </span>
    </p>
   </div>
   <div class='ocr_carea' id='block_1_30' title="bbox 280 3653 1975 3727">
    <p class='ocr_par' dir='ltr' id='par_1_30' title="bbox 280 3653 1975 3727">
     <span class='ocr_line' id='line_1_30' title="bbox 280 3653 1975 3727; baseline -0.003 -15"><span class='ocrx_word' id='word_1_189' title='bbox 280 3658 510 3727; x_wconf 90' lang='lat' dir='ltr'><strong>nitenti,</strong></span> <span class='ocrx_word' id='word_1_190' title='bbox 552 3658 840 3727; x_wconf 89' lang='lat' dir='ltr'><strong>simulque</strong></span> <span class='ocrx_word' id='word_1_191' title='bbox 872 3672 928 3710; x_wconf 90' lang='lat' dir='ltr'><strong>se</strong></span> <span class='ocrx_word' id='word_1_192' title='bbox 959 3671 1220 3725; x_wconf 88' lang='lat' dir='ltr'><strong>peccasse</strong></span> <span class='ocrx_word' id='word_1_193' title='bbox 1250 3653 1472 3719; x_wconf 87' lang='lat' dir='ltr'><strong>fatenti,</strong></span> <span class='ocrx_word' id='word_1_194' title='bbox 1515 3658 1571 3706; x_wconf 90' lang='lat' dir='ltr'><strong>et</strong></span> <span class='ocrx_word' id='word_1_195' title='bbox 1608 3653 1877 3723; x_wconf 88' lang='lat' dir='ltr'><strong>deinceps</strong></span> <span class='ocrx_word' id='word_1_196' title='bbox 1903 3653 1975 3707; x_wconf 92' lang='lat' dir='ltr'><strong>ab</strong></span> 
     </span>
    </p>
   </div>
   <div class='ocr_carea' id='block_1_31' title="bbox 279 3740 1974 3817">
    <p class='ocr_par' dir='ltr' id='par_1_31' title="bbox 279 3740 1974 3817">
     <span class='ocr_line' id='line_1_31' title="bbox 279 3740 1974 3817; baseline -0.004 -16"><span class='ocrx_word' id='word_1_197' title='bbox 279 3747 562 3817; x_wconf 87' lang='lat' dir='ltr'><strong>ejusmodi</strong></span> <span class='ocrx_word' id='word_1_198' title='bbox 600 3750 830 3816; x_wconf 89' lang='lat' dir='ltr'><strong>peccato</strong></span> <span class='ocrx_word' id='word_1_199' title='bbox 870 3760 929 3798; x_wconf 89' lang='lat' dir='ltr'><strong>se</strong></span> <span class='ocrx_word' id='word_1_200' title='bbox 979 3743 1263 3797; x_wconf 89' lang='lat' dir='ltr'><strong>abstinere</strong></span> <span class='ocrx_word' id='word_1_201' title='bbox 1307 3741 1518 3796; x_wconf 90' lang='lat' dir='ltr'><strong>volenti</strong></span> <span class='ocrx_word' id='word_1_202' title='bbox 1565 3740 1791 3795; x_wconf 89' lang='lat' dir='ltr'><strong>veniam</strong></span> <span class='ocrx_word' id='word_1_203' title='bbox 1839 3757 1974 3795; x_wconf 86' lang='lat' dir='ltr'><strong>con-</strong></span> 
     </span>
    </p>
   </div>
   <div class='ocr_carea' id='block_1_32' title="bbox 279 3829 1972 3900">
    <p class='ocr_par' dir='ltr' id='par_1_32' title="bbox 279 3829 1972 3900">
     <span class='ocr_line' id='line_1_32' title="bbox 279 3829 1972 3900; baseline -0.004 -10"><span class='ocrx_word' id='word_1_204' title='bbox 279 3837 595 3890; x_wconf 82' lang='lat' dir='ltr'><strong>cedendam</strong></span> <span class='ocrx_word' id='word_1_205' title='bbox 643 3850 765 3888; x_wconf 90' lang='lat' dir='ltr'><strong>esse</strong></span> <span class='ocrx_word' id='word_1_206' title='bbox 811 3831 1076 3898; x_wconf 65' lang='lat' dir='ltr'><strong>censebo,</strong></span> <span class='ocrx_word' id='word_1_207' title='bbox 1127 3831 1196 3885; x_wconf 90' lang='lat' dir='ltr'><strong>ab</strong></span> <span class='ocrx_word' id='word_1_208' title='bbox 1237 3846 1304 3884; x_wconf 92' lang='lat' dir='ltr'><strong>eo</strong></span> <span class='ocrx_word' id='word_1_209' title='bbox 1346 3829 1598 3884; x_wconf 85' lang='lat' dir='ltr'><strong>maxime</strong></span> <span class='ocrx_word' id='word_1_210' title='bbox 1645 3830 1746 3900; x_wconf 91' lang='lat' dir='ltr'><strong>qui</strong></span> <span class='ocrx_word' id='word_1_211' title='bbox 1793 3830 1972 3884; x_wconf 85' lang='lat' dir='ltr'><strong>vicem</strong></span> 
     </span>
    </p>
   </div>
   <div class='ocr_carea' id='block_1_33' title="bbox 278 3917 1972 3988">
    <p class='ocr_par' dir='ltr' id='par_1_33' title="bbox 278 3917 1972 3988">
     <span class='ocr_line' id='line_1_33' title="bbox 278 3917 1972 3988; baseline -0.005 -10"><span class='ocrx_word' id='word_1_212' title='bbox 278 3924 435 3978; x_wconf 90' lang='lat' dir='ltr'><strong>illius</strong></span> <span class='ocrx_word' id='word_1_213' title='bbox 465 3927 639 3988; x_wconf 87' lang='lat' dir='ltr'><strong>tenet,</strong></span> <span class='ocrx_word' id='word_1_214' title='bbox 668 3923 759 3976; x_wconf 88' lang='lat' dir='ltr'><strong>cui</strong></span> <span class='ocrx_word' id='word_1_215' title='bbox 799 3920 1014 3976; x_wconf 91' lang='lat' dir='ltr'><strong>dictum</strong></span> <span class='ocrx_word' id='word_1_216' title='bbox 1058 3923 1143 3972; x_wconf 89' lang='lat' dir='ltr'><strong>est</strong></span> <span class='ocrx_word' id='word_1_217' title='bbox 1175 3934 1187 3972; x_wconf 91' lang='lat'>:</span> <span class='ocrx_word' id='word_1_218' title='bbox 1227 3941 1247 3966; x_wconf 75' lang='grc' dir='ltr'>ι</span> <span class='ocrx_word' id='word_1_219' title='bbox 1303 3919 1428 3972; x_wconf 90' lang='lat' dir='ltr'><strong>Non</strong></span> <span class='ocrx_word' id='word_1_220' title='bbox 1475 3917 1599 3972; x_wconf 91' lang='lat' dir='ltr'><strong>dico</strong></span> <span class='ocrx_word' id='word_1_221' title='bbox 1646 3917 1751 3971; x_wconf 89' lang='lat' dir='ltr'><strong>tibi</strong></span> <span class='ocrx_word' id='word_1_222' title='bbox 1791 3933 1972 3988; x_wconf 90' lang='lat' dir='ltr'><strong>usque</strong></span> 
     </span>
    </p>
   </div>
   <div class='ocr_carea' id='block_1_34' title="bbox 279 4005 1970 4084">
    <p class='ocr_par' dir='ltr' id='par_1_34' title="bbox 279 4005 1970 4084">
     <span class='ocr_line' id='line_1_34' title="bbox 279 4005 1970 4084; baseline -0.005 -17"><span class='ocrx_word' id='word_1_223' title='bbox 279 4013 509 4084; x_wconf 81' lang='lat' dir='ltr'><strong>septies,</strong></span> <span class='ocrx_word' id='word_1_224' title='bbox 560 4011 654 4065; x_wconf 84' lang='lat' dir='ltr'><strong>sed</strong></span> <span class='ocrx_word' id='word_1_225' title='bbox 704 4025 884 4080; x_wconf 79' lang='lat' dir='ltr'><strong>usque</strong></span> <span class='ocrx_word' id='word_1_226' title='bbox 931 4007 1253 4079; x_wconf 85' lang='lat' dir='ltr'><strong>septuagies</strong></span> <span class='ocrx_word' id='word_1_227' title='bbox 1296 4005 1505 4076; x_wconf 82' lang='lat' dir='ltr'><strong>septies</strong></span> <span class='ocrx_word' id='word_1_228' title='bbox 1559 4007 1769 4075; x_wconf 83' lang='lat' dir='ltr'><strong>(Matth.</strong></span> <span class='ocrx_word' id='word_1_229' title='bbox 1816 4022 1970 4075; x_wconf 83' lang='lat' dir='ltr'><strong>xvm,</strong></span> 
     </span>
    </p>
   </div>
   <div class='ocr_carea' id='block_1_35' title="bbox 278 4102 450 4171">
    <p class='ocr_par' dir='ltr' id='par_1_35' title="bbox 278 4102 450 4171">
     <span class='ocr_line' id='line_1_35' title="bbox 278 4102 450 4171; baseline -0.035 -17"><span class='ocrx_word' id='word_1_230' title='bbox 278 4102 386 4171; x_wconf 79' lang='lat'><strong>22).</strong></span> <span class='ocrx_word' id='word_1_231' title='bbox 431 4123 450 4148; x_wconf 72' lang='grc' dir='ltr'><strong>ι</strong></span> 
     </span>
    </p>
   </div>
   <div class='ocr_carea' id='block_1_36' title="bbox 348 4182 1972 4253">
    <p class='ocr_par' dir='ltr' id='par_1_36' title="bbox 348 4182 1972 4253">
     <span class='ocr_line' id='line_1_36' title="bbox 348 4182 1972 4253; baseline -0.003 -10"><span class='ocrx_word' id='word_1_232' title='bbox 348 4189 407 4243; x_wconf 90' lang='lat' dir='ltr'><strong>Si</strong></span> <span class='ocrx_word' id='word_1_233' title='bbox 449 4191 638 4242; x_wconf 88' lang='lat' dir='ltr'><strong>autem</strong></span> <span class='ocrx_word' id='word_1_234' title='bbox 691 4203 802 4239; x_wconf 88' lang='lat' dir='ltr'><strong>non</strong></span> <span class='ocrx_word' id='word_1_235' title='bbox 851 4184 1164 4249; x_wconf 78' lang='lat' dir='ltr'><strong>oti’endero,</strong></span> <span class='ocrx_word' id='word_1_236' title='bbox 1215 4182 1314 4236; x_wconf 90' lang='lat' dir='ltr'><strong>sed</strong></span> <span class='ocrx_word' id='word_1_237' title='bbox 1360 4182 1420 4236; x_wconf 89' lang='lat' dir='ltr'><strong>id</strong></span> <span class='ocrx_word' id='word_1_238' title='bbox 1479 4182 1763 4253; x_wconf 79' lang='lat' dir='ltr'><strong>quaesiero</strong></span> <span class='ocrx_word' id='word_1_239' title='bbox 1816 4184 1972 4253; x_wconf 89' lang='lat' dir='ltr'><strong>quod</strong></span> 
     </span>
    </p>
   </div>
   <div class='ocr_carea' id='block_1_37' title="bbox 277 4270 1972 4342">
    <p class='ocr_par' dir='ltr' id='par_1_37' title="bbox 277 4270 1972 4342">
     <span class='ocr_line' id='line_1_37' title="bbox 277 4270 1972 4342; baseline -0.005 -11"><span class='ocrx_word' id='word_1_240' title='bbox 277 4293 407 4331; x_wconf 90' lang='lat' dir='ltr'><strong>cum</strong></span> <span class='ocrx_word' id='word_1_241' title='bbox 437 4274 839 4330; x_wconf 88' lang='lat' dir='ltr'><strong>benevolentia</strong></span> <span class='ocrx_word' id='word_1_242' title='bbox 868 4277 1052 4325; x_wconf 88' lang='lat' dir='ltr'><strong>vestra</strong></span> <span class='ocrx_word' id='word_1_243' title='bbox 1082 4271 1319 4342; x_wconf 90' lang='lat' dir='ltr'><strong>adeptus</strong></span> <span class='ocrx_word' id='word_1_244' title='bbox 1357 4270 1541 4338; x_wconf 88' lang='lat' dir='ltr'><strong>fuero,</strong></span> <span class='ocrx_word' id='word_1_245' title='bbox 1591 4275 1790 4340; x_wconf 88' lang='lat' dir='ltr'><strong>utpote</strong></span> <span class='ocrx_word' id='word_1_246' title='bbox 1837 4271 1972 4341; x_wconf 89' lang='lat' dir='ltr'><strong>quia</strong></span> 
     </span>
    </p>
   </div>
   <div class='ocr_carea' id='block_1_38' title="bbox 275 4358 1968 4434">
    <p class='ocr_par' dir='ltr' id='par_1_38' title="bbox 275 4358 1968 4434">
     <span class='ocr_line' id='line_1_38' title="bbox 275 4358 1968 4434; baseline -0.005 -14"><span class='ocrx_word' id='word_1_247' title='bbox 275 4367 335 4420; x_wconf 89' lang='lat' dir='ltr'><strong>in</strong></span> <span class='ocrx_word' id='word_1_248' title='bbox 366 4364 671 4434; x_wconf 89' lang='lat' dir='ltr'><strong>adeptione</strong></span> <span class='ocrx_word' id='word_1_249' title='bbox 719 4378 847 4415; x_wconf 90' lang='lat' dir='ltr'><strong>mea</strong></span> <span class='ocrx_word' id='word_1_250' title='bbox 891 4366 948 4414; x_wconf 90' lang='lat' dir='ltr'><strong>et</strong></span> <span class='ocrx_word' id='word_1_251' title='bbox 989 4359 1130 4412; x_wconf 89' lang='lat' dir='ltr'><strong>mihi</strong></span> <span class='ocrx_word' id='word_1_252' title='bbox 1181 4364 1237 4413; x_wconf 90' lang='lat' dir='ltr'><strong>et</strong></span> <span class='ocrx_word' id='word_1_253' title='bbox 1274 4358 1470 4412; x_wconf 88' lang='lat' dir='ltr'><strong>multis</strong></span> <span class='ocrx_word' id='word_1_254' title='bbox 1514 4359 1785 4430; x_wconf 85' lang='lat' dir='ltr'><strong>prodesse</strong></span> <span class='ocrx_word' id='word_1_255' title='bbox 1829 4375 1968 4429; x_wconf 87' lang='lat' dir='ltr'><strong>gau-</strong></span> 
     </span>
    </p>
   </div>
   <div class='ocr_carea' id='block_1_39' title="bbox 275 4447 1967 4521">
    <p class='ocr_par' dir='ltr' id='par_1_39' title="bbox 275 4447 1967 4521">
     <span class='ocr_line' id='line_1_39' title="bbox 275 4447 1967 4521; baseline -0.004 -14"><span class='ocrx_word' id='word_1_256' title='bbox 275 4453 438 4517; x_wconf 84' lang='lat' dir='ltr'><strong>debo,</strong></span> <span class='ocrx_word' id='word_1_257' title='bbox 465 4450 834 4521; x_wconf 82' lang='lat' dir='ltr'><strong>quaestiones,</strong></span> <span class='ocrx_word' id='word_1_258' title='bbox 865 4465 1007 4519; x_wconf 90' lang='lat' dir='ltr'><strong>quas</strong></span> <span class='ocrx_word' id='word_1_259' title='bbox 1031 4449 1152 4517; x_wconf 87' lang='lat' dir='ltr'><strong>jam</strong></span> <span class='ocrx_word' id='word_1_260' title='bbox 1183 4447 1507 4501; x_wconf 84' lang='lat' dir='ltr'><strong>auctoritati</strong></span> <span class='ocrx_word' id='word_1_261' title='bbox 1535 4451 1737 4501; x_wconf 68' lang='lat' dir='ltr'><strong>vestrm</strong></span> <span class='ocrx_word' id='word_1_262' title='bbox 1779 4451 1967 4501; x_wconf 90' lang='lat' dir='ltr'><strong>trans-</strong></span> 
     </span>
    </p>
   </div>
   <div class='ocr_carea' id='block_1_40' title="bbox 274 4535 1971 4609">
    <p class='ocr_par' dir='ltr' id='par_1_40' title="bbox 274 4535 1971 4609">
     <span class='ocr_line' id='line_1_40' title="bbox 274 4535 1971 4609; baseline -0.002 -16"><span class='ocrx_word' id='word_1_263' title='bbox 274 4540 426 4606; x_wconf 87' lang='lat' dir='ltr'><strong>misi,</strong></span> <span class='ocrx_word' id='word_1_264' title='bbox 460 4539 594 4609; x_wconf 90' lang='lat' dir='ltr'><strong>quia</strong></span> <span class='ocrx_word' id='word_1_265' title='bbox 625 4553 742 4591; x_wconf 91' lang='lat' dir='ltr'><strong>non</strong></span> <span class='ocrx_word' id='word_1_266' title='bbox 769 4537 1156 4602; x_wconf 88' lang='lat' dir='ltr'><strong>resolvuntur,</strong></span> <span class='ocrx_word' id='word_1_267' title='bbox 1186 4552 1279 4590; x_wconf 90' lang='lat' dir='ltr'><strong>me</strong></span> <span class='ocrx_word' id='word_1_268' title='bbox 1308 4535 1371 4590; x_wconf 90' lang='lat' dir='ltr'><strong>in</strong></span> <span class='ocrx_word' id='word_1_269' title='bbox 1398 4537 1478 4589; x_wconf 90' lang='lat' dir='ltr'><strong>eis</strong></span> <span class='ocrx_word' id='word_1_270' title='bbox 1509 4541 1607 4590; x_wconf 92' lang='lat' dir='ltr'><strong>aut</strong></span> <span class='ocrx_word' id='word_1_271' title='bbox 1648 4553 1744 4589; x_wconf 92' lang='lat' dir='ltr'><strong>vos</strong></span> <span class='ocrx_word' id='word_1_272' title='bbox 1796 4536 1971 4590; x_wconf 75' lang='lat' dir='ltr'><strong>offen-</strong></span> 
     </span>
    </p>
   </div>
   <div class='ocr_carea' id='block_1_41' title="bbox 273 4623 1969 4694">
    <p class='ocr_par' dir='ltr' id='par_1_41' title="bbox 273 4623 1969 4694">
     <span class='ocr_line' id='line_1_41' title="bbox 273 4623 1969 4694; baseline -0.002 -13"><span class='ocrx_word' id='word_1_273' title='bbox 273 4629 421 4682; x_wconf 91' lang='lat' dir='ltr'><strong>disse</strong></span> <span class='ocrx_word' id='word_1_274' title='bbox 471 4627 669 4693; x_wconf 89' lang='lat' dir='ltr'><strong>timeo,</strong></span> <span class='ocrx_word' id='word_1_275' title='bbox 734 4631 831 4680; x_wconf 90' lang='lat' dir='ltr'><strong>aut</strong></span> <span class='ocrx_word' id='word_1_276' title='bbox 886 4641 990 4694; x_wconf 90' lang='lat' dir='ltr'><strong>pro</strong></span> <span class='ocrx_word' id='word_1_277' title='bbox 1056 4625 1330 4679; x_wconf 86' lang='lat' dir='ltr'><strong>dilatione</strong></span> <span class='ocrx_word' id='word_1_278' title='bbox 1389 4623 1694 4678; x_wconf 87' lang='lat' dir='ltr'><strong>solutionis</strong></span> <span class='ocrx_word' id='word_1_279' title='bbox 1751 4623 1969 4694; x_wconf 90' lang='lat' dir='ltr'><strong>aliquid</strong></span> 
     </span>
    </p>
   </div>
   <div class='ocr_carea' id='block_1_42' title="bbox 2090 2244 3792 2316">
    <p class='ocr_par' dir='ltr' id='par_1_42' title="bbox 2090 2244 3792 2316">
     <span class='ocr_line' id='line_1_42' title="bbox 2090 2244 3792 2316; baseline 0.001 -18"><span class='ocrx_word' id='word_1_280' title='bbox 2090 2244 2230 2299; x_wconf 87' lang='lat' dir='ltr'><strong>illud</strong></span> <span class='ocrx_word' id='word_1_281' title='bbox 2265 2251 2323 2300; x_wconf 91' lang='lat' dir='ltr'><strong>et</strong></span> <span class='ocrx_word' id='word_1_282' title='bbox 2350 2245 2580 2299; x_wconf 87' lang='lat' dir='ltr'><strong>delusus</strong></span> <span class='ocrx_word' id='word_1_283' title='bbox 2629 2245 2845 2300; x_wconf 88' lang='lat' dir='ltr'><strong>habear</strong></span> <span class='ocrx_word' id='word_1_284' title='bbox 2873 2249 2930 2299; x_wconf 89' lang='lat' dir='ltr'><strong>et</strong></span> <span class='ocrx_word' id='word_1_285' title='bbox 2958 2249 3146 2300; x_wconf 89' lang='lat' dir='ltr'><strong>certus</strong></span> <span class='ocrx_word' id='word_1_286' title='bbox 3194 2251 3416 2313; x_wconf 89' lang='lat' dir='ltr'><strong>tenear,</strong></span> <span class='ocrx_word' id='word_1_287' title='bbox 3453 2247 3581 2316; x_wconf 88' lang='lat' dir='ltr'><strong>jam</strong></span> <span class='ocrx_word' id='word_1_288' title='bbox 3639 2263 3792 2301; x_wconf 91' lang='lat' dir='ltr'><strong>nunc</strong></span> 
     </span>
    </p>
   </div>
   <div class='ocr_carea' id='block_1_43' title="bbox 2091 2333 3792 2404">
    <p class='ocr_par' dir='ltr' id='par_1_43' title="bbox 2091 2333 3792 2404">
     <span class='ocr_line' id='line_1_43' title="bbox 2091 2333 3792 2404; baseline 0.001 -17"><span class='ocrx_word' id='word_1_289' title='bbox 2091 2333 2368 2404; x_wconf 87' lang='lat' dir='ltr'><strong>aperiam,</strong></span> <span class='ocrx_word' id='word_1_290' title='bbox 2433 2338 2511 2399; x_wconf 90' lang='lat' dir='ltr'><strong>ut,</strong></span> <span class='ocrx_word' id='word_1_291' title='bbox 2567 2334 2806 2387; x_wconf 88' lang='lat' dir='ltr'><strong>vulnere</strong></span> <span class='ocrx_word' id='word_1_292' title='bbox 2855 2338 3052 2403; x_wconf 89' lang='lat' dir='ltr'><strong>aperto</strong></span> <span class='ocrx_word' id='word_1_293' title='bbox 3097 2333 3499 2400; x_wconf 67' lang='lat' dir='ltr'><strong>hmsitationis,</strong></span> <span class='ocrx_word' id='word_1_294' title='bbox 3553 2351 3587 2388; x_wconf 89' lang='lat' dir='ltr'><strong>a</strong></span> <span class='ocrx_word' id='word_1_295' title='bbox 3633 2335 3792 2389; x_wconf 87' lang='lat' dir='ltr'><strong>vobis</strong></span> 
     </span>
    </p>
   </div>
   <div class='ocr_carea' id='block_1_44' title="bbox 2087 2421 3322 2492">
    <p class='ocr_par' dir='ltr' id='par_1_44' title="bbox 2087 2421 3322 2492">
     <span class='ocr_line' id='line_1_44' title="bbox 2087 2421 3322 2492; baseline 0 -16"><span class='ocrx_word' id='word_1_296' title='bbox 2087 2427 2302 2492; x_wconf 72' lang='lat' dir='ltr'><strong>praesto</strong></span> <span class='ocrx_word' id='word_1_297' title='bbox 2334 2422 2406 2476; x_wconf 90' lang='lat' dir='ltr'><strong>sit</strong></span> <span class='ocrx_word' id='word_1_298' title='bbox 2437 2421 2924 2477; x_wconf 88' lang='lat' dir='ltr'><strong>medicamentum</strong></span> <span class='ocrx_word' id='word_1_299' title='bbox 2947 2421 3322 2476; x_wconf 91' lang='lat' dir='ltr'><strong>certitudinis.</strong></span> 
     </span>
    </p>
   </div>
   <div class='ocr_carea' id='block_1_45' title="bbox 2881 2510 2997 2580">
    <p class='ocr_par' dir='ltr' id='par_1_45' title="bbox 2881 2510 2997 2580">
     <span class='ocr_line' id='line_1_45' title="bbox 2881 2510 2997 2580; baseline -0.009 -17"><span class='ocrx_word' id='word_1_300' title='bbox 2881 2510 2997 2580; x_wconf 65' lang='grc' dir='ltr'><strong>ξι.</strong></span> 
     </span>
    </p>
   </div>
   <div class='ocr_carea' id='block_1_46' title="bbox 2158 2597 3792 2670">
    <p class='ocr_par' dir='ltr' id='par_1_46' title="bbox 2158 2597 3792 2670">
     <span class='ocr_line' id='line_1_46' title="bbox 2158 2597 3792 2670; baseline 0.001 -19"><span class='ocrx_word' id='word_1_301' title='bbox 2158 2597 2473 2652; x_wconf 90' lang='lat' dir='ltr'><strong>Macrobius</strong></span> <span class='ocrx_word' id='word_1_302' title='bbox 2503 2615 2676 2670; x_wconf 88' lang='lat' dir='ltr'><strong>super</strong></span> <span class='ocrx_word' id='word_1_303' title='bbox 2704 2599 3004 2653; x_wconf 88' lang='lat' dir='ltr'><strong>Somnium</strong></span> <span class='ocrx_word' id='word_1_304' title='bbox 3035 2598 3336 2669; x_wconf 91' lang='lat' dir='ltr'><strong>Scipionis,</strong></span> <span class='ocrx_word' id='word_1_305' title='bbox 3386 2599 3489 2653; x_wconf 90' lang='lat' dir='ltr'><strong>ubi</strong></span> <span class='ocrx_word' id='word_1_306' title='bbox 3534 2600 3792 2670; x_wconf 89' lang='lat' dir='ltr'><strong>loquitur</strong></span> 
     </span>
    </p>
   </div>
   <div class='ocr_carea' id='block_1_47' title="bbox 2088 2685 3789 2758">
    <p class='ocr_par' dir='ltr' id='par_1_47' title="bbox 2088 2685 3789 2758">
     <span class='ocr_line' id='line_1_47' title="bbox 2088 2685 3789 2758; baseline 0.002 -19"><span class='ocrx_word' id='word_1_307' title='bbox 2088 2685 2158 2740; x_wconf 89' lang='lat' dir='ltr'><strong>de</strong></span> <span class='ocrx_word' id='word_1_308' title='bbox 2189 2686 2587 2757; x_wconf 88' lang='lat' dir='ltr'><strong>magnitudine</strong></span> <span class='ocrx_word' id='word_1_309' title='bbox 2619 2687 2768 2755; x_wconf 70' lang='lat' dir='ltr'><strong>cmli,</strong></span> <span class='ocrx_word' id='word_1_310' title='bbox 2801 2691 2988 2752; x_wconf 68' lang='lat' dir='ltr'><strong>terrae,</strong></span> <span class='ocrx_word' id='word_1_311' title='bbox 3023 2687 3157 2740; x_wconf 92' lang='lat' dir='ltr'><strong>solis</strong></span> <span class='ocrx_word' id='word_1_312' title='bbox 3182 2691 3239 2741; x_wconf 90' lang='lat' dir='ltr'><strong>et</strong></span> <span class='ocrx_word' id='word_1_313' title='bbox 3271 2689 3445 2753; x_wconf 78' lang='lat' dir='ltr'><strong>lunas,</strong></span> <span class='ocrx_word' id='word_1_314' title='bbox 3468 2704 3789 2758; x_wconf 87' lang='lat' dir='ltr'><strong>eorumque</strong></span> 
     </span>
    </p>
   </div>
   <div class='ocr_carea' id='block_1_48' title="bbox 2088 2775 3787 2846">
    <p class='ocr_par' dir='ltr' id='par_1_48' title="bbox 2088 2775 3787 2846">
     <span class='ocr_line' id='line_1_48' title="bbox 2088 2775 3787 2846; baseline 0.001 -19"><span class='ocrx_word' id='word_1_315' title='bbox 2088 2776 2335 2829; x_wconf 90' lang='lat' dir='ltr'><strong>rotunda</strong></span> <span class='ocrx_word' id='word_1_316' title='bbox 2367 2775 2724 2846; x_wconf 87' lang='lat' dir='ltr'><strong>globositate,</strong></span> <span class='ocrx_word' id='word_1_317' title='bbox 2770 2779 3128 2846; x_wconf 89' lang='lat' dir='ltr'><strong>compertum</strong></span> <span class='ocrx_word' id='word_1_318' title='bbox 3169 2791 3293 2829; x_wconf 89' lang='lat' dir='ltr'><strong>esse</strong></span> <span class='ocrx_word' id='word_1_319' title='bbox 3344 2777 3423 2828; x_wconf 89' lang='lat' dir='ltr'><strong>ait</strong></span> <span class='ocrx_word' id='word_1_320' title='bbox 3471 2777 3623 2845; x_wconf 89' lang='lat' dir='ltr'><strong>apud</strong></span> <span class='ocrx_word' id='word_1_321' title='bbox 3655 2792 3787 2846; x_wconf 86' lang='lat' dir='ltr'><strong>geo-</strong></span> 
     </span>
    </p>
   </div>
   <div class='ocr_carea' id='block_1_49' title="bbox 2087 2864 3793 2934">
    <p class='ocr_par' dir='ltr' id='par_1_49' title="bbox 2087 2864 3793 2934">
     <span class='ocr_line' id='line_1_49' title="bbox 2087 2864 3793 2934; baseline -0.001 -17"><span class='ocrx_word' id='word_1_322' title='bbox 2087 2876 2298 2918; x_wconf 83' lang='lat' dir='ltr'><strong>metras</strong></span> <span class='ocrx_word' id='word_1_323' title='bbox 2334 2864 2739 2934; x_wconf 88' lang='lat' dir='ltr'><strong>peritissimos,</strong></span> <span class='ocrx_word' id='word_1_324' title='bbox 2792 2868 2852 2918; x_wconf 88' lang='lat' dir='ltr'><strong>ut</strong></span> <span class='ocrx_word' id='word_1_325' title='bbox 2897 2865 2958 2917; x_wconf 88' lang='lat' dir='ltr'><strong>iu</strong></span> <span class='ocrx_word' id='word_1_326' title='bbox 3001 2864 3226 2918; x_wconf 84' lang='lat' dir='ltr'><strong>duobus</strong></span> <span class='ocrx_word' id='word_1_327' title='bbox 3275 2865 3530 2931; x_wconf 86' lang='lat' dir='ltr'><strong>circulis,</strong></span> <span class='ocrx_word' id='word_1_328' title='bbox 3582 2866 3628 2917; x_wconf 88' lang='lat' dir='ltr'><strong>si</strong></span> <span class='ocrx_word' id='word_1_329' title='bbox 3678 2865 3793 2918; x_wconf 87' lang='lat' dir='ltr'><strong>dia-</strong></span> 
     </span>
    </p>
   </div>
   <div class='ocr_carea' id='block_1_50' title="bbox 2088 2951 3789 3022">
    <p class='ocr_par' dir='ltr' id='par_1_50' title="bbox 2088 2951 3789 3022">
     <span class='ocr_line' id='line_1_50' title="bbox 2088 2951 3789 3022; baseline 0 -17"><span class='ocrx_word' id='word_1_330' title='bbox 2088 2958 2338 3006; x_wconf 88' lang='lat' dir='ltr'><strong>metrum</strong></span> <span class='ocrx_word' id='word_1_331' title='bbox 2397 2951 2565 3005; x_wconf 89' lang='lat' dir='ltr'><strong>unius</strong></span> <span class='ocrx_word' id='word_1_332' title='bbox 2614 2952 2857 3022; x_wconf 89' lang='lat' dir='ltr'><strong>duplum</strong></span> <span class='ocrx_word' id='word_1_333' title='bbox 2905 2951 2976 3004; x_wconf 87' lang='lat' dir='ltr'><strong>sit</strong></span> <span class='ocrx_word' id='word_1_334' title='bbox 3017 2952 3295 3005; x_wconf 83' lang='lat' dir='ltr'><strong>diametro</strong></span> <span class='ocrx_word' id='word_1_335' title='bbox 3352 2953 3616 3018; x_wconf 87' lang='lat' dir='ltr'><strong>alterius,</strong></span> <span class='ocrx_word' id='word_1_336' title='bbox 3669 2953 3789 3022; x_wconf 85' lang='lat' dir='ltr'><strong>ejus</strong></span> 
     </span>
    </p>
   </div>
   <div class='ocr_carea' id='block_1_51' title="bbox 2088 3039 3787 3110">
    <p class='ocr_par' dir='ltr' id='par_1_51' title="bbox 2088 3039 3787 3110">
     <span class='ocr_line' id='line_1_51' title="bbox 2088 3039 3787 3110; baseline -0.001 -15"><span class='ocrx_word' id='word_1_337' title='bbox 2088 3042 2287 3095; x_wconf 89' lang='lat' dir='ltr'><strong>circuli</strong></span> <span class='ocrx_word' id='word_1_338' title='bbox 2342 3041 2676 3106; x_wconf 90' lang='lat' dir='ltr'><strong>crassitudo,</strong></span> <span class='ocrx_word' id='word_1_339' title='bbox 2744 3042 2905 3110; x_wconf 86' lang='lat' dir='ltr'><strong>cujus</strong></span> <span class='ocrx_word' id='word_1_340' title='bbox 2967 3039 3312 3094; x_wconf 85' lang='lat' dir='ltr'><strong>diametrum</strong></span> <span class='ocrx_word' id='word_1_341' title='bbox 3382 3040 3629 3110; x_wconf 90' lang='lat' dir='ltr'><strong>duplum</strong></span> <span class='ocrx_word' id='word_1_342' title='bbox 3695 3041 3787 3107; x_wconf 91' lang='lat' dir='ltr'><strong>sit,</strong></span> 
     </span>
    </p>
   </div>
   <div class='ocr_carea' id='block_1_52' title="bbox 2089 3128 3787 3200">
    <p class='ocr_par' dir='ltr' id='par_1_52' title="bbox 2089 3128 3787 3200">
     <span class='ocr_line' id='line_1_52' title="bbox 2089 3128 3787 3200; baseline 0 -17"><span class='ocrx_word' id='word_1_343' title='bbox 2089 3130 2320 3200; x_wconf 91' lang='lat' dir='ltr'><strong>octupla</strong></span> <span class='ocrx_word' id='word_1_344' title='bbox 2371 3129 2442 3182; x_wconf 91' lang='lat' dir='ltr'><strong>sit</strong></span> <span class='ocrx_word' id='word_1_345' title='bbox 2496 3128 2860 3183; x_wconf 88' lang='lat' dir='ltr'><strong>crassitudini</strong></span> <span class='ocrx_word' id='word_1_346' title='bbox 2906 3128 3062 3182; x_wconf 91' lang='lat' dir='ltr'><strong>illius</strong></span> <span class='ocrx_word' id='word_1_347' title='bbox 3119 3128 3316 3182; x_wconf 86' lang='lat' dir='ltr'><strong>circuli</strong></span> <span class='ocrx_word' id='word_1_348' title='bbox 3370 3129 3534 3198; x_wconf 81' lang='lat' dir='ltr'><strong>cujus</strong></span> <span class='ocrx_word' id='word_1_349' title='bbox 3579 3129 3787 3183; x_wconf 89' lang='lat' dir='ltr'><strong>subdu-</strong></span> 
     </span>
    </p>
   </div>
   <div class='ocr_carea' id='block_1_53' title="bbox 2087 3217 2772 3288">
    <p class='ocr_par' dir='ltr' id='par_1_53' title="bbox 2087 3217 2772 3288">
     <span class='ocr_line' id='line_1_53' title="bbox 2087 3217 2772 3288; baseline 0 -18"><span class='ocrx_word' id='word_1_350' title='bbox 2087 3217 2248 3288; x_wconf 89' lang='lat' dir='ltr'><strong>plum</strong></span> <span class='ocrx_word' id='word_1_351' title='bbox 2283 3219 2370 3271; x_wconf 90' lang='lat' dir='ltr'><strong>est</strong></span> <span class='ocrx_word' id='word_1_352' title='bbox 2400 3217 2772 3270; x_wconf 88' lang='lat' dir='ltr'><strong>diametrum.</strong></span> 
     </span>
    </p>
   </div>
   <div class='ocr_carea' id='block_1_54' title="bbox 2159 3303 3787 3371">
    <p class='ocr_par' dir='ltr' id='par_1_54' title="bbox 2159 3303 3787 3371">
     <span class='ocr_line' id='line_1_54' title="bbox 2159 3303 3787 3371; baseline 0 -12"><span class='ocrx_word' id='word_1_353' title='bbox 2159 3307 2238 3360; x_wconf 92' lang='lat' dir='ltr'><strong>De</strong></span> <span class='ocrx_word' id='word_1_354' title='bbox 2271 3305 2547 3359; x_wconf 87' lang='lat' dir='ltr'><strong>diametro</strong></span> <span class='ocrx_word' id='word_1_355' title='bbox 2580 3305 2881 3371; x_wconf 85' lang='lat' dir='ltr'><strong>circulum,</strong></span> <span class='ocrx_word' id='word_1_356' title='bbox 2930 3304 2998 3358; x_wconf 90' lang='lat' dir='ltr'><strong>de</strong></span> <span class='ocrx_word' id='word_1_357' title='bbox 3045 3303 3259 3357; x_wconf 90' lang='lat' dir='ltr'><strong>circulo</strong></span> <span class='ocrx_word' id='word_1_358' title='bbox 3303 3303 3671 3371; x_wconf 86' lang='lat' dir='ltr'><strong>diametrum,</strong></span> <span class='ocrx_word' id='word_1_359' title='bbox 3719 3306 3787 3359; x_wconf 91' lang='lat' dir='ltr'><strong>de</strong></span> 
     </span>
    </p>
   </div>
   <div class='ocr_carea' id='block_1_55' title="bbox 2090 3391 3787 3458">
    <p class='ocr_par' dir='ltr' id='par_1_55' title="bbox 2090 3391 3787 3458">
     <span class='ocr_line' id='line_1_55' title="bbox 2090 3391 3787 3458; baseline 0 -11"><span class='ocrx_word' id='word_1_360' title='bbox 2090 3393 2368 3447; x_wconf 90' lang='lat' dir='ltr'><strong>diametro</strong></span> <span class='ocrx_word' id='word_1_361' title='bbox 2391 3397 2448 3447; x_wconf 90' lang='lat' dir='ltr'><strong>et</strong></span> <span class='ocrx_word' id='word_1_362' title='bbox 2474 3392 2686 3446; x_wconf 86' lang='lat' dir='ltr'><strong>circulo</strong></span> <span class='ocrx_word' id='word_1_363' title='bbox 2718 3408 2912 3446; x_wconf 91' lang='lat' dir='ltr'><strong>aream</strong></span> <span class='ocrx_word' id='word_1_364' title='bbox 2958 3391 3237 3458; x_wconf 84' lang='lat' dir='ltr'><strong>invenire,</strong></span> <span class='ocrx_word' id='word_1_365' title='bbox 3290 3407 3356 3444; x_wconf 89' lang='lat' dir='ltr'><strong>ac</strong></span> <span class='ocrx_word' id='word_1_366' title='bbox 3396 3391 3531 3445; x_wconf 90' lang='lat' dir='ltr'><strong>ideo</strong></span> <span class='ocrx_word' id='word_1_367' title='bbox 3570 3393 3787 3447; x_wconf 81' lang='lat' dir='ltr'><strong>diame-</strong></span> 
     </span>
    </p>
   </div>
   <div class='ocr_carea' id='block_1_56' title="bbox 2087 3480 3789 3547">
    <p class='ocr_par' dir='ltr' id='par_1_56' title="bbox 2087 3480 3789 3547">
     <span class='ocr_line' id='line_1_56' title="bbox 2087 3480 3789 3547; baseline 0.001 -13"><span class='ocrx_word' id='word_1_368' title='bbox 2087 3486 2242 3536; x_wconf 89' lang='lat' dir='ltr'><strong>trum</strong></span> <span class='ocrx_word' id='word_1_369' title='bbox 2297 3483 2365 3536; x_wconf 90' lang='lat' dir='ltr'><strong>ad</strong></span> <span class='ocrx_word' id='word_1_370' title='bbox 2407 3481 2776 3544; x_wconf 86' lang='lat' dir='ltr'><strong>diametrum,</strong></span> <span class='ocrx_word' id='word_1_371' title='bbox 2829 3486 2885 3534; x_wconf 91' lang='lat' dir='ltr'><strong>et</strong></span> <span class='ocrx_word' id='word_1_372' title='bbox 2928 3480 3205 3534; x_wconf 91' lang='lat' dir='ltr'><strong>circulum</strong></span> <span class='ocrx_word' id='word_1_373' title='bbox 3253 3480 3325 3534; x_wconf 90' lang='lat' dir='ltr'><strong>ad</strong></span> <span class='ocrx_word' id='word_1_374' title='bbox 3381 3480 3681 3547; x_wconf 91' lang='lat' dir='ltr'><strong>circulum,</strong></span> <span class='ocrx_word' id='word_1_375' title='bbox 3733 3488 3789 3536; x_wconf 89' lang='lat' dir='ltr'><strong>et</strong></span> 
     </span>
    </p>
   </div>
   <div class='ocr_carea' id='block_1_57' title="bbox 2086 3568 3786 3640">
    <p class='ocr_par' dir='ltr' id='par_1_57' title="bbox 2086 3568 3786 3640">
     <span class='ocr_line' id='line_1_57' title="bbox 2086 3568 3786 3640; baseline 0.002 -19"><span class='ocrx_word' id='word_1_376' title='bbox 2086 3585 2292 3632; x_wconf 42' lang='lat' dir='ltr'><strong>aream.</strong></span> <span class='ocrx_word' id='word_1_377' title='bbox 2330 3569 2398 3623; x_wconf 85' lang='lat' dir='ltr'><strong>ad</strong></span> <span class='ocrx_word' id='word_1_378' title='bbox 2449 3585 2641 3624; x_wconf 89' lang='lat' dir='ltr'><strong>aream</strong></span> <span class='ocrx_word' id='word_1_379' title='bbox 2682 3584 3015 3640; x_wconf 88' lang='lat' dir='ltr'><strong>comparare</strong></span> <span class='ocrx_word' id='word_1_380' title='bbox 3064 3569 3180 3622; x_wconf 88' lang='lat' dir='ltr'><strong>illis</strong></span> <span class='ocrx_word' id='word_1_381' title='bbox 3216 3568 3382 3622; x_wconf 86' lang='lat' dir='ltr'><strong>facile</strong></span> <span class='ocrx_word' id='word_1_382' title='bbox 3432 3574 3516 3622; x_wconf 87' lang='lat' dir='ltr'><strong>est</strong></span> <span class='ocrx_word' id='word_1_383' title='bbox 3569 3571 3670 3640; x_wconf 88' lang='lat' dir='ltr'><strong>qui</strong></span> <span class='ocrx_word' id='word_1_384' title='bbox 3719 3571 3786 3624; x_wconf 88' lang='lat' dir='ltr'><strong>de</strong></span> 
     </span>
    </p>
   </div>
   <div class='ocr_carea' id='block_1_58' title="bbox 2085 3656 3782 3712">
    <p class='ocr_par' dir='ltr' id='par_1_58' title="bbox 2085 3656 3782 3712">
     <span class='ocr_line' id='line_1_58' title="bbox 2085 3656 3782 3712; baseline 0.001 -2"><span class='ocrx_word' id='word_1_385' title='bbox 2085 3658 2296 3711; x_wconf 90' lang='lat' dir='ltr'><strong>talibus</strong></span> <span class='ocrx_word' id='word_1_386' title='bbox 2349 3662 2772 3712; x_wconf 90' lang='lat' dir='ltr'><strong>consueverunt</strong></span> <span class='ocrx_word' id='word_1_387' title='bbox 2827 3673 3043 3711; x_wconf 87' lang='lat' dir='ltr'><strong>curare.</strong></span> <span class='ocrx_word' id='word_1_388' title='bbox 3089 3656 3537 3712; x_wconf 88' lang='lat' dir='ltr'><strong>Crassitudinem</strong></span> <span class='ocrx_word' id='word_1_389' title='bbox 3595 3664 3782 3711; x_wconf 87' lang='lat' dir='ltr'><strong>autem</strong></span> 
     </span>
    </p>
   </div>
   <div class='ocr_carea' id='block_1_59' title="bbox 2085 3746 3786 3816">
    <p class='ocr_par' dir='ltr' id='par_1_59' title="bbox 2085 3746 3786 3816">
     <span class='ocr_line' id='line_1_59' title="bbox 2085 3746 3786 3816; baseline -0.001 -16"><span class='ocrx_word' id='word_1_390' title='bbox 2085 3747 2158 3800; x_wconf 89' lang='lat' dir='ltr'><strong>ad</strong></span> <span class='ocrx_word' id='word_1_391' title='bbox 2216 3746 2654 3800; x_wconf 87' lang='lat' dir='ltr'><strong>crassitudinem</strong></span> <span class='ocrx_word' id='word_1_392' title='bbox 2709 3746 3001 3816; x_wconf 90' lang='lat' dir='ltr'><strong>quomodo</strong></span> <span class='ocrx_word' id='word_1_393' title='bbox 3049 3750 3237 3815; x_wconf 81' lang='lat' dir='ltr'><strong>potest</strong></span> <span class='ocrx_word' id='word_1_394' title='bbox 3283 3761 3638 3816; x_wconf 87' lang='lat' dir='ltr'><strong>comparare,</strong></span> <span class='ocrx_word' id='word_1_395' title='bbox 3689 3746 3786 3816; x_wconf 89' lang='lat' dir='ltr'><strong>qui</strong></span> 
     </span>
    </p>
   </div>
   <div class='ocr_carea' id='block_1_60' title="bbox 2085 3832 3785 3904">
    <p class='ocr_par' dir='ltr' id='par_1_60' title="bbox 2085 3832 3785 3904">
     <span class='ocr_line' id='line_1_60' title="bbox 2085 3832 3785 3904; baseline 0 -17"><span class='ocrx_word' id='word_1_396' title='bbox 2085 3834 2331 3888; x_wconf 89' lang='lat' dir='ltr'><strong>necdum</strong></span> <span class='ocrx_word' id='word_1_397' title='bbox 2361 3832 2498 3904; x_wconf 91' lang='lat' dir='ltr'><strong>quid</strong></span> <span class='ocrx_word' id='word_1_398' title='bbox 2527 3833 2601 3887; x_wconf 91' lang='lat' dir='ltr'><strong>sit</strong></span> <span class='ocrx_word' id='word_1_399' title='bbox 2648 3832 2966 3887; x_wconf 89' lang='lat' dir='ltr'><strong>crassitudo</strong></span> <span class='ocrx_word' id='word_1_400' title='bbox 3010 3832 3310 3902; x_wconf 83' lang='lat' dir='ltr'><strong>percepit?</strong></span> <span class='ocrx_word' id='word_1_401' title='bbox 3341 3833 3598 3886; x_wconf 83' lang='lat' dir='ltr'><strong>Duarum</strong></span> <span class='ocrx_word' id='word_1_402' title='bbox 3632 3834 3785 3887; x_wconf 89' lang='lat' dir='ltr'><strong>enim</strong></span> 
     </span>
    </p>
   </div>
   <div class='ocr_carea' id='block_1_61' title="bbox 2085 3920 3784 3992">
    <p class='ocr_par' dir='ltr' id='par_1_61' title="bbox 2085 3920 3784 3992">
     <span class='ocr_line' id='line_1_61' title="bbox 2085 3920 3784 3992; baseline 0.001 -18"><span class='ocrx_word' id='word_1_403' title='bbox 2085 3938 2276 3976; x_wconf 91' lang='lat' dir='ltr'><strong>rerum</strong></span> <span class='ocrx_word' id='word_1_404' title='bbox 2309 3921 2572 3975; x_wconf 89' lang='lat' dir='ltr'><strong>notitiam</strong></span> <span class='ocrx_word' id='word_1_405' title='bbox 2604 3921 2939 3975; x_wconf 89' lang='lat' dir='ltr'><strong>earumdem</strong></span> <span class='ocrx_word' id='word_1_406' title='bbox 2969 3920 3316 3990; x_wconf 85' lang='lat' dir='ltr'><strong>comparatio</strong></span> <span class='ocrx_word' id='word_1_407' title='bbox 3349 3936 3464 3974; x_wconf 93' lang='lat' dir='ltr'><strong>non</strong></span> <span class='ocrx_word' id='word_1_408' title='bbox 3490 3922 3784 3992; x_wconf 68' lang='lat' dir='ltr'><strong>prmeedit,</strong></span> 
     </span>
    </p>
   </div>
   <div class='ocr_carea' id='block_1_62' title="bbox 2083 4009 3785 4081">
    <p class='ocr_par' dir='ltr' id='par_1_62' title="bbox 2083 4009 3785 4081">
     <span class='ocr_line' id='line_1_62' title="bbox 2083 4009 3785 4081; baseline 0.001 -18"><span class='ocrx_word' id='word_1_409' title='bbox 2083 4011 2182 4064; x_wconf 89' lang='lat' dir='ltr'><strong>sed</strong></span> <span class='ocrx_word' id='word_1_410' title='bbox 2211 4010 2598 4080; x_wconf 80' lang='lat' dir='ltr'><strong>subsequitur.</strong></span> <span class='ocrx_word' id='word_1_411' title='bbox 2633 4009 2790 4064; x_wconf 90' lang='lat' dir='ltr'><strong>Unde</strong></span> <span class='ocrx_word' id='word_1_412' title='bbox 2820 4009 2885 4062; x_wconf 89' lang='lat' dir='ltr'><strong>ﬁt</strong></span> <span class='ocrx_word' id='word_1_413' title='bbox 2924 4014 2989 4063; x_wconf 89' lang='lat' dir='ltr'><strong>ut</strong></span> <span class='ocrx_word' id='word_1_414' title='bbox 3033 4009 3476 4062; x_wconf 87' lang='lat' dir='ltr'><strong>crassitudinem</strong></span> <span class='ocrx_word' id='word_1_415' title='bbox 3525 4010 3785 4081; x_wconf 87' lang='lat' dir='ltr'><strong>aliquam</strong></span> 
     </span>
    </p>
   </div>
   <div class='ocr_carea' id='block_1_63' title="bbox 2081 4097 3785 4167">
    <p class='ocr_par' dir='ltr' id='par_1_63' title="bbox 2081 4097 3785 4167">
     <span class='ocr_line' id='line_1_63' title="bbox 2081 4097 3785 4167; baseline 0 -14"><span class='ocrx_word' id='word_1_416' title='bbox 2081 4098 2449 4153; x_wconf 89' lang='lat' dir='ltr'><strong>crassitudini</strong></span> <span class='ocrx_word' id='word_1_417' title='bbox 2503 4099 2734 4152; x_wconf 88' lang='lat' dir='ltr'><strong>alterius</strong></span> <span class='ocrx_word' id='word_1_418' title='bbox 2781 4097 3068 4167; x_wconf 87' lang='lat' dir='ltr'><strong>octuplam</strong></span> <span class='ocrx_word' id='word_1_419' title='bbox 3120 4112 3242 4151; x_wconf 89' lang='lat' dir='ltr'><strong>esse</strong></span> <span class='ocrx_word' id='word_1_420' title='bbox 3287 4097 3785 4166; x_wconf 86' lang='lat' dir='ltr'><strong>comprehendere</strong></span> 
     </span>
    </p>
   </div>
   <div class='ocr_carea' id='block_1_64' title="bbox 2080 4183 3787 4258">
    <p class='ocr_par' dir='ltr' id='par_1_64' title="bbox 2080 4183 3787 4258">
     <span class='ocr_line' id='line_1_64' title="bbox 2080 4183 3787 4258; baseline 0 -18"><span class='ocrx_word' id='word_1_421' title='bbox 2080 4191 2350 4258; x_wconf 90' lang='lat' dir='ltr'><strong>nequeat,</strong></span> <span class='ocrx_word' id='word_1_422' title='bbox 2383 4185 2482 4257; x_wconf 92' lang='lat' dir='ltr'><strong>qui</strong></span> <span class='ocrx_word' id='word_1_423' title='bbox 2512 4185 2696 4239; x_wconf 90' lang='lat' dir='ltr'><strong>nescit</strong></span> <span class='ocrx_word' id='word_1_424' title='bbox 2723 4185 2872 4239; x_wconf 92' lang='lat' dir='ltr'><strong>unde</strong></span> <span class='ocrx_word' id='word_1_425' title='bbox 2900 4184 3177 4254; x_wconf 88' lang='lat' dir='ltr'><strong>cujusque</strong></span> <span class='ocrx_word' id='word_1_426' title='bbox 3226 4183 3421 4237; x_wconf 91' lang='lat' dir='ltr'><strong>circuli</strong></span> <span class='ocrx_word' id='word_1_427' title='bbox 3465 4185 3787 4240; x_wconf 88' lang='lat' dir='ltr'><strong>crassitudo</strong></span> 
     </span>
    </p>
   </div>
   <div class='ocr_carea' id='block_1_65' title="bbox 2080 4271 3784 4344">
    <p class='ocr_par' dir='ltr' id='par_1_65' title="bbox 2080 4271 3784 4344">
     <span class='ocr_line' id='line_1_65' title="bbox 2080 4271 3784 4344; baseline 0.001 -17"><span class='ocrx_word' id='word_1_428' title='bbox 2080 4279 2421 4329; x_wconf 88' lang='lat' dir='ltr'><strong>concrescat.</strong></span> <span class='ocrx_word' id='word_1_429' title='bbox 2454 4273 2603 4338; x_wconf 88' lang='lat' dir='ltr'><strong>Quid</strong></span> <span class='ocrx_word' id='word_1_430' title='bbox 2632 4278 2825 4327; x_wconf 91' lang='lat' dir='ltr'><strong>autem</strong></span> <span class='ocrx_word' id='word_1_431' title='bbox 2850 4273 2970 4343; x_wconf 90' lang='lat' dir='ltr'><strong>jam</strong></span> <span class='ocrx_word' id='word_1_432' title='bbox 3001 4271 3135 4326; x_wconf 90' lang='lat' dir='ltr'><strong>inde</strong></span> <span class='ocrx_word' id='word_1_433' title='bbox 3175 4271 3318 4325; x_wconf 85' lang='lat' dir='ltr'><strong>mihi</strong></span> <span class='ocrx_word' id='word_1_434' title='bbox 3367 4273 3784 4344; x_wconf 86' lang='lat' dir='ltr'><strong>percepissem,</strong></span> 
     </span>
    </p>
   </div>
   <div class='ocr_carea' id='block_1_66' title="bbox 2079 4361 3788 4432">
    <p class='ocr_par' dir='ltr' id='par_1_66' title="bbox 2079 4361 3788 4432">
     <span class='ocr_line' id='line_1_66' title="bbox 2079 4361 3788 4432; baseline 0.001 -16"><span class='ocrx_word' id='word_1_435' title='bbox 2079 4361 2358 4432; x_wconf 88' lang='lat' dir='ltr'><strong>aperiam,</strong></span> <span class='ocrx_word' id='word_1_436' title='bbox 2405 4378 2543 4429; x_wconf 89' lang='lat' dir='ltr'><strong>non,</strong></span> <span class='ocrx_word' id='word_1_437' title='bbox 2591 4364 2654 4415; x_wconf 91' lang='lat' dir='ltr'><strong>ut</strong></span> <span class='ocrx_word' id='word_1_438' title='bbox 2702 4361 2886 4427; x_wconf 86' lang='lat' dir='ltr'><strong>aiunt,</strong></span> <span class='ocrx_word' id='word_1_439' title='bbox 2936 4363 3236 4415; x_wconf 81' lang='lat' dir='ltr'><strong>Minervam</strong></span> <span class='ocrx_word' id='word_1_440' title='bbox 3284 4361 3519 4425; x_wconf 78' lang='lat' dir='ltr'><strong>litteras,</strong></span> <span class='ocrx_word' id='word_1_441' title='bbox 3570 4363 3672 4416; x_wconf 89' lang='lat' dir='ltr'><strong>sed</strong></span> <span class='ocrx_word' id='word_1_442' title='bbox 3725 4369 3788 4417; x_wconf 91' lang='lat' dir='ltr'><strong>ut</strong></span> 
     </span>
    </p>
   </div>
   <div class='ocr_carea' id='block_1_67' title="bbox 2081 4448 3786 4521">
    <p class='ocr_par' dir='ltr' id='par_1_67' title="bbox 2081 4448 3786 4521">
     <span class='ocr_line' id='line_1_67' title="bbox 2081 4448 3786 4521; baseline 0.001 -18"><span class='ocrx_word' id='word_1_443' title='bbox 2081 4455 2395 4504; x_wconf 90' lang='lat' dir='ltr'><strong>monstrem</strong></span> <span class='ocrx_word' id='word_1_444' title='bbox 2429 4449 2564 4521; x_wconf 91' lang='lat' dir='ltr'><strong>quid</strong></span> <span class='ocrx_word' id='word_1_445' title='bbox 2592 4450 2865 4516; x_wconf 88' lang='lat' dir='ltr'><strong>sentiam;</strong></span> <span class='ocrx_word' id='word_1_446' title='bbox 2907 4454 3210 4520; x_wconf 90' lang='lat' dir='ltr'><strong>quatenus,</strong></span> <span class='ocrx_word' id='word_1_447' title='bbox 3253 4448 3299 4501; x_wconf 92' lang='lat' dir='ltr'><strong>si</strong></span> <span class='ocrx_word' id='word_1_448' title='bbox 3329 4463 3484 4516; x_wconf 89' lang='lat' dir='ltr'><strong>erro,</strong></span> <span class='ocrx_word' id='word_1_449' title='bbox 3520 4450 3594 4504; x_wconf 88' lang='lat' dir='ltr'><strong>ad</strong></span> <span class='ocrx_word' id='word_1_450' title='bbox 3633 4451 3786 4505; x_wconf 66' lang='lat' dir='ltr'><strong>viain</strong></span> 
     </span>
    </p>
   </div>
   <div class='ocr_carea' id='block_1_68' title="bbox 2079 4536 3783 4608">
    <p class='ocr_par' dir='ltr' id='par_1_68' title="bbox 2079 4536 3783 4608">
     <span class='ocr_line' id='line_1_68' title="bbox 2079 4536 3783 4608; baseline 0.001 -17"><span class='ocrx_word' id='word_1_451' title='bbox 2079 4555 2111 4591; x_wconf 91' lang='lat' dir='ltr'><strong>a</strong></span> <span class='ocrx_word' id='word_1_452' title='bbox 2141 4538 2446 4608; x_wconf 90' lang='lat' dir='ltr'><strong>sagacitate</strong></span> <span class='ocrx_word' id='word_1_453' title='bbox 2474 4543 2660 4592; x_wconf 86' lang='lat' dir='ltr'><strong>vestra</strong></span> <span class='ocrx_word' id='word_1_454' title='bbox 2690 4539 2930 4592; x_wconf 90' lang='lat' dir='ltr'><strong>reducar</strong></span> <span class='ocrx_word' id='word_1_455' title='bbox 2962 4553 2976 4591; x_wconf 90' lang='lat'><strong>:</strong></span> <span class='ocrx_word' id='word_1_456' title='bbox 3007 4537 3055 4590; x_wconf 91' lang='lat' dir='ltr'><strong>si</strong></span> <span class='ocrx_word' id='word_1_457' title='bbox 3099 4536 3248 4591; x_wconf 91' lang='lat' dir='ltr'><strong>viam</strong></span> <span class='ocrx_word' id='word_1_458' title='bbox 3281 4537 3542 4591; x_wconf 90' lang='lat' dir='ltr'><strong>titubans</strong></span> <span class='ocrx_word' id='word_1_459' title='bbox 3591 4544 3783 4603; x_wconf 83' lang='lat' dir='ltr'><strong>teneo,</strong></span> 
     </span>
    </p>
   </div>
   <div class='ocr_carea' id='block_1_69' title="bbox 2079 4625 3782 4682">
    <p class='ocr_par' dir='ltr' id='par_1_69' title="bbox 2079 4625 3782 4682">
     <span class='ocr_line' id='line_1_69' title="bbox 2079 4625 3782 4682; baseline 0.002 -3"><span class='ocrx_word' id='word_1_460' title='bbox 2079 4627 2401 4680; x_wconf 90' lang='lat' dir='ltr'><strong>auctoritati</strong></span> <span class='ocrx_word' id='word_1_461' title='bbox 2457 4626 2628 4679; x_wconf 84' lang='lat' dir='ltr'><strong>vestri</strong></span> <span class='ocrx_word' id='word_1_462' title='bbox 2686 4641 2946 4680; x_wconf 89' lang='lat' dir='ltr'><strong>assensus</strong></span> <span class='ocrx_word' id='word_1_463' title='bbox 3002 4625 3234 4678; x_wconf 90' lang='lat' dir='ltr'><strong>innitar.</strong></span> <span class='ocrx_word' id='word_1_464' title='bbox 3296 4625 3406 4678; x_wconf 90' lang='lat' dir='ltr'><strong>Sed</strong></span> <span class='ocrx_word' id='word_1_465' title='bbox 3465 4631 3531 4679; x_wconf 89' lang='lat' dir='ltr'><strong>ut</strong></span> <span class='ocrx_word' id='word_1_466' title='bbox 3591 4628 3661 4682; x_wconf 87' lang='lat' dir='ltr'><strong>ad</strong></span> <span class='ocrx_word' id='word_1_467' title='bbox 3728 4629 3782 4682; x_wconf 88' lang='lat' dir='ltr'><strong>id</strong></span> 
     </span>
    </p>
   </div>
   <div class='ocr_carea' id='block_1_70' title="bbox 270 4711 3781 4788">
    <p class='ocr_par' dir='ltr' id='par_1_70' title="bbox 270 4711 3781 4788">
     <span class='ocr_line' id='line_1_70' title="bbox 270 4711 3781 4788; baseline -0.001 -18"><span class='ocrx_word' id='word_1_468' title='bbox 270 4716 487 4788; x_wconf 86' lang='lat' dir='ltr'><strong>grande</strong></span> <span class='ocrx_word' id='word_1_469' title='bbox 517 4715 773 4768; x_wconf 88' lang='lat' dir='ltr'><strong>futurum</strong></span> <span class='ocrx_word' id='word_1_470' title='bbox 803 4729 992 4783; x_wconf 90' lang='lat' dir='ltr'><strong>spero.</strong></span> <span class='ocrx_word' id='word_1_471' title='bbox 1026 4713 1133 4768; x_wconf 88' lang='lat' dir='ltr'><strong>Sed</strong></span> <span class='ocrx_word' id='word_1_472' title='bbox 1173 4729 1291 4767; x_wconf 90' lang='lat' dir='ltr'><strong>non</strong></span> <span class='ocrx_word' id='word_1_473' title='bbox 1321 4712 1476 4766; x_wconf 91' lang='lat' dir='ltr'><strong>aliud</strong></span> <span class='ocrx_word' id='word_1_474' title='bbox 1510 4712 1798 4782; x_wconf 88' lang='lat' dir='ltr'><strong>quoddam</strong></span> <span class='ocrx_word' id='word_1_475' title='bbox 1830 4728 1965 4782; x_wconf 87' lang='lat' dir='ltr'><strong>pro-</strong></span> <span class='ocrx_word' id='word_1_476' title='bbox 2005 4711 2047 4765; x_wconf 87' lang='lat' dir='ltr'>C</span> <span class='ocrx_word' id='word_1_477' title='bbox 2078 4715 2232 4785; x_wconf 92' lang='lat' dir='ltr'><strong>quod</strong></span> <span class='ocrx_word' id='word_1_478' title='bbox 2265 4715 2392 4770; x_wconf 85' lang='lat' dir='ltr'><strong>volo</strong></span> <span class='ocrx_word' id='word_1_479' title='bbox 2421 4714 2776 4784; x_wconf 87' lang='lat' dir='ltr'><strong>perveniam,</strong></span> <span class='ocrx_word' id='word_1_480' title='bbox 2810 4715 2879 4768; x_wconf 87' lang='lat' dir='ltr'><strong>ab</strong></span> <span class='ocrx_word' id='word_1_481' title='bbox 2909 4713 2999 4768; x_wconf 87' lang='lat' dir='ltr'><strong>his</strong></span> <span class='ocrx_word' id='word_1_482' title='bbox 3029 4729 3155 4784; x_wconf 64' lang='lat' dir='ltr'><strong>qua</strong></span> <span class='ocrx_word' id='word_1_483' title='bbox 3183 4712 3448 4783; x_wconf 89' lang='lat' dir='ltr'><strong>pluribus</strong></span> <span class='ocrx_word' id='word_1_484' title='bbox 3481 4720 3622 4768; x_wconf 88' lang='lat' dir='ltr'><strong>nota</strong></span> <span class='ocrx_word' id='word_1_485' title='bbox 3650 4721 3781 4770; x_wconf 87' lang='lat' dir='ltr'><strong>sunt</strong></span> 
     </span>
    </p>
   </div>
   <div class='ocr_carea' id='block_1_71' title="bbox 264 4800 1973 4875">
    <p class='ocr_par' dir='ltr' id='par_1_71' title="bbox 264 4800 1973 4875">
     <span class='ocr_line' id='line_1_71' title="bbox 264 4800 1973 4875; baseline -0.003 -16"><span class='ocrx_word' id='word_1_486' title='bbox 264 4821 498 4875; x_wconf 87' lang='lat' dir='ltr'><strong>ponam,</strong></span> <span class='ocrx_word' id='word_1_487' title='bbox 545 4810 605 4857; x_wconf 90' lang='lat' dir='ltr'><strong>ut</strong></span> <span class='ocrx_word' id='word_1_488' title='bbox 643 4808 742 4856; x_wconf 86' lang='lat' dir='ltr'><strong>aut</strong></span> <span class='ocrx_word' id='word_1_489' title='bbox 775 4819 841 4856; x_wconf 87' lang='lat' dir='ltr'><strong>ex</strong></span> <span class='ocrx_word' id='word_1_490' title='bbox 881 4803 1007 4866; x_wconf 85' lang='lat' dir='ltr'><strong>hoc,</strong></span> <span class='ocrx_word' id='word_1_491' title='bbox 1052 4802 1205 4872; x_wconf 92' lang='lat' dir='ltr'><strong>quod</strong></span> <span class='ocrx_word' id='word_1_492' title='bbox 1247 4802 1445 4864; x_wconf 89' lang='lat' dir='ltr'><strong>timeo,</strong></span> <span class='ocrx_word' id='word_1_493' title='bbox 1497 4800 1680 4870; x_wconf 89' lang='lat' dir='ltr'><strong>magis</strong></span> <span class='ocrx_word' id='word_1_494' title='bbox 1731 4800 1973 4854; x_wconf 86' lang='lat' dir='ltr'><strong>doleam</strong></span> 
     </span>
    </p>
   </div>
   <div class='ocr_carea' id='block_1_72' title="bbox 268 4887 1975 4962">
    <p class='ocr_par' dir='ltr' id='par_1_72' title="bbox 268 4887 1975 4962">
     <span class='ocr_line' id='line_1_72' title="bbox 268 4887 1975 4962; baseline -0.004 -14"><span class='ocrx_word' id='word_1_495' title='bbox 268 4899 327 4950; x_wconf 89' lang='lat' dir='ltr'><strong>et</strong></span> <span class='ocrx_word' id='word_1_496' title='bbox 354 4891 568 4948; x_wconf 87' lang='lat' dir='ltr'><strong>doloris</strong></span> <span class='ocrx_word' id='word_1_497' title='bbox 600 4890 934 4962; x_wconf 90' lang='lat' dir='ltr'><strong>magnitudo</strong></span> <span class='ocrx_word' id='word_1_498' title='bbox 975 4907 1071 4943; x_wconf 88' lang='lat' dir='ltr'><strong>vos</strong></span> <span class='ocrx_word' id='word_1_499' title='bbox 1115 4889 1305 4942; x_wconf 88' lang='lat' dir='ltr'><strong>ﬂectat</strong></span> <span class='ocrx_word' id='word_1_500' title='bbox 1348 4887 1419 4942; x_wconf 87' lang='lat' dir='ltr'><strong>ad</strong></span> <span class='ocrx_word' id='word_1_501' title='bbox 1450 4888 1671 4942; x_wconf 85' lang='lat' dir='ltr'><strong>veniam</strong></span> <span class='ocrx_word' id='word_1_502' title='bbox 1705 4904 1718 4942; x_wconf 89' lang='lat'><strong>:</strong></span> <span class='ocrx_word' id='word_1_503' title='bbox 1747 4893 1848 4942; x_wconf 90' lang='lat' dir='ltr'><strong>aut</strong></span> <span class='ocrx_word' id='word_1_504' title='bbox 1889 4905 1975 4942; x_wconf 60' lang='lat' dir='ltr'><strong>ex:</strong></span> 
     </span>
    </p>
   </div>
   <div class='ocr_carea' id='block_1_73' title="bbox 266 4976 1961 5051">
    <p class='ocr_par' dir='ltr' id='par_1_73' title="bbox 266 4976 1961 5051">
     <span class='ocr_line' id='line_1_73' title="bbox 266 4976 1961 5051; baseline -0.003 -16"><span class='ocrx_word' id='word_1_505' title='bbox 266 4983 397 5047; x_wconf 92' lang='lat' dir='ltr'><strong>hoc,</strong></span> <span class='ocrx_word' id='word_1_506' title='bbox 428 4980 582 5051; x_wconf 90' lang='lat' dir='ltr'><strong>quod</strong></span> <span class='ocrx_word' id='word_1_507' title='bbox 605 4995 789 5049; x_wconf 89' lang='lat' dir='ltr'><strong>spero,</strong></span> <span class='ocrx_word' id='word_1_508' title='bbox 820 4978 1001 5048; x_wconf 85' lang='lat' dir='ltr'><strong>magis</strong></span> <span class='ocrx_word' id='word_1_509' title='bbox 1031 4977 1332 5048; x_wconf 88' lang='lat' dir='ltr'><strong>gaudeam,</strong></span> <span class='ocrx_word' id='word_1_510' title='bbox 1364 4979 1420 5030; x_wconf 90' lang='lat' dir='ltr'><strong>et</strong></span> <span class='ocrx_word' id='word_1_511' title='bbox 1450 4976 1647 5046; x_wconf 89' lang='lat' dir='ltr'><strong>gaudii</strong></span> <span class='ocrx_word' id='word_1_512' title='bbox 1693 4976 1809 5030; x_wconf 90' lang='lat' dir='ltr'><strong>mei</strong></span> <span class='ocrx_word' id='word_1_513' title='bbox 1839 4977 1961 5047; x_wconf 87' lang='lat' dir='ltr'><strong>ple-</strong></span> 
     </span>
    </p>
   </div>
   <div class='ocr_carea' id='block_1_74' title="bbox 264 5065 1963 5135">
    <p class='ocr_par' dir='ltr' id='par_1_74' title="bbox 264 5065 1963 5135">
     <span class='ocr_line' id='line_1_74' title="bbox 264 5065 1963 5135; baseline -0.004 -11"><span class='ocrx_word' id='word_1_514' title='bbox 264 5069 470 5124; x_wconf 90' lang='lat' dir='ltr'><strong>nitudo</strong></span> <span class='ocrx_word' id='word_1_515' title='bbox 498 5067 1026 5122; x_wconf 88' lang='lat' dir='ltr'><strong>remunerationem</strong></span> <span class='ocrx_word' id='word_1_516' title='bbox 1067 5065 1228 5119; x_wconf 88' lang='lat' dir='ltr'><strong>vobis</strong></span> <span class='ocrx_word' id='word_1_517' title='bbox 1269 5065 1540 5135; x_wconf 90' lang='lat' dir='ltr'><strong>imploret</strong></span> <span class='ocrx_word' id='word_1_518' title='bbox 1574 5065 1850 5119; x_wconf 89' lang='lat' dir='ltr'><strong>futuram.</strong></span> <span class='ocrx_word' id='word_1_519' title='bbox 1898 5067 1963 5119; x_wconf 91' lang='lat' dir='ltr'><strong>Et</strong></span> 
     </span>
    </p>
   </div>
   <div class='ocr_carea' id='block_1_75' title="bbox 262 5153 1962 5228">
    <p class='ocr_par' dir='ltr' id='par_1_75' title="bbox 262 5153 1962 5228">
     <span class='ocr_line' id='line_1_75' title="bbox 262 5153 1962 5228; baseline -0.004 -16"><span class='ocrx_word' id='word_1_520' title='bbox 262 5161 374 5214; x_wconf 89' lang='lat' dir='ltr'><strong>hoc</strong></span> <span class='ocrx_word' id='word_1_521' title='bbox 404 5157 635 5228; x_wconf 90' lang='lat' dir='ltr'><strong>quidem</strong></span> <span class='ocrx_word' id='word_1_522' title='bbox 668 5156 824 5228; x_wconf 90' lang='lat' dir='ltr'><strong>quod</strong></span> <span class='ocrx_word' id='word_1_523' title='bbox 863 5171 1014 5209; x_wconf 90' lang='lat' dir='ltr'><strong>nunc</strong></span> <span class='ocrx_word' id='word_1_524' title='bbox 1051 5168 1377 5224; x_wconf 90' lang='lat' dir='ltr'><strong>proponere</strong></span> <span class='ocrx_word' id='word_1_525' title='bbox 1424 5153 1573 5221; x_wconf 92' lang='lat' dir='ltr'><strong>volo,</strong></span> <span class='ocrx_word' id='word_1_526' title='bbox 1622 5153 1831 5225; x_wconf 90' lang='lat' dir='ltr'><strong>quibus</strong></span> <span class='ocrx_word' id='word_1_527' title='bbox 1877 5169 1962 5207; x_wconf 89' lang='lat' dir='ltr'><strong>ra-</strong></span> 
     </span>
    </p>
   </div>
   <div class='ocr_carea' id='block_1_76' title="bbox 263 5241 1960 5312">
    <p class='ocr_par' dir='ltr' id='par_1_76' title="bbox 263 5241 1960 5312">
     <span class='ocr_line' id='line_1_76' title="bbox 263 5241 1960 5312; baseline -0.004 -12"><span class='ocrx_word' id='word_1_528' title='bbox 263 5246 518 5300; x_wconf 90' lang='lat' dir='ltr'><strong>tionibus</strong></span> <span class='ocrx_word' id='word_1_529' title='bbox 577 5245 779 5299; x_wconf 91' lang='lat' dir='ltr'><strong>discuti</strong></span> <span class='ocrx_word' id='word_1_530' title='bbox 840 5247 897 5296; x_wconf 91' lang='lat' dir='ltr'><strong>et</strong></span> <span class='ocrx_word' id='word_1_531' title='bbox 953 5242 1022 5296; x_wconf 89' lang='lat' dir='ltr'><strong>ad</strong></span> <span class='ocrx_word' id='word_1_532' title='bbox 1079 5242 1432 5296; x_wconf 89' lang='lat' dir='ltr'><strong>intellectum</strong></span> <span class='ocrx_word' id='word_1_533' title='bbox 1498 5257 1682 5312; x_wconf 86' lang='lat' dir='ltr'><strong>usque</strong></span> <span class='ocrx_word' id='word_1_534' title='bbox 1756 5241 1960 5296; x_wconf 89' lang='lat' dir='ltr'><strong>deduci</strong></span> 
     </span>
    </p>
   </div>
   <div class='ocr_carea' id='block_1_77' title="bbox 262 5329 1961 5404">
    <p class='ocr_par' dir='ltr' id='par_1_77' title="bbox 262 5329 1961 5404">
     <span class='ocr_line' id='line_1_77' title="bbox 262 5329 1961 5404; baseline -0.002 -18"><span class='ocrx_word' id='word_1_535' title='bbox 262 5333 459 5404; x_wconf 90' lang='lat' dir='ltr'><strong>possit,</strong></span> <span class='ocrx_word' id='word_1_536' title='bbox 519 5333 718 5386; x_wconf 90' lang='lat' dir='ltr'><strong>videor</strong></span> <span class='ocrx_word' id='word_1_537' title='bbox 765 5331 988 5397; x_wconf 87' lang='lat' dir='ltr'><strong>videre;</strong></span> <span class='ocrx_word' id='word_1_538' title='bbox 1028 5331 1126 5384; x_wconf 91' lang='lat' dir='ltr'><strong>sed</strong></span> <span class='ocrx_word' id='word_1_539' title='bbox 1175 5329 1246 5383; x_wconf 89' lang='lat' dir='ltr'><strong>ad</strong></span> <span class='ocrx_word' id='word_1_540' title='bbox 1293 5330 1789 5384; x_wconf 88' lang='lat' dir='ltr'><strong>determinandum</strong></span> <span class='ocrx_word' id='word_1_541' title='bbox 1836 5329 1961 5384; x_wconf 91' lang='lat' dir='ltr'><strong>dili-</strong></span> 
     </span>
    </p>
   </div>
   <div class='ocr_carea' id='block_1_78' title="bbox 262 5417 1960 5493">
    <p class='ocr_par' dir='ltr' id='par_1_78' title="bbox 262 5417 1960 5493">
     <span class='ocr_line' id='line_1_78' title="bbox 262 5417 1960 5493; baseline -0.003 -17"><span class='ocrx_word' id='word_1_542' title='bbox 262 5423 519 5493; x_wconf 83' lang='lat' dir='ltr'><strong>gentiam</strong></span> <span class='ocrx_word' id='word_1_543' title='bbox 573 5425 819 5474; x_wconf 89' lang='lat' dir='ltr'><strong>vestram</strong></span> <span class='ocrx_word' id='word_1_544' title='bbox 868 5425 1153 5490; x_wconf 82' lang='lat' dir='ltr'><strong>exspecto,</strong></span> <span class='ocrx_word' id='word_1_545' title='bbox 1204 5423 1267 5470; x_wconf 92' lang='lat' dir='ltr'><strong>ut</strong></span> <span class='ocrx_word' id='word_1_546' title='bbox 1299 5419 1445 5471; x_wconf 85' lang='lat' dir='ltr'><strong>tanti</strong></span> <span class='ocrx_word' id='word_1_547' title='bbox 1493 5417 1598 5470; x_wconf 91' lang='lat' dir='ltr'><strong>viri</strong></span> <span class='ocrx_word' id='word_1_548' title='bbox 1653 5419 1960 5472; x_wconf 89' lang='lat' dir='ltr'><strong>auctoritas</strong></span> 
     </span>
    </p>
   </div>
   <div class='ocr_carea' id='block_1_79' title="bbox 261 5506 1952 5580">
    <p class='ocr_par' dir='ltr' id='par_1_79' title="bbox 261 5506 1952 5580">
     <span class='ocr_line' id='line_1_79' title="bbox 261 5506 1952 5580; baseline -0.002 -17"><span class='ocrx_word' id='word_1_549' title='bbox 261 5509 667 5580; x_wconf 80' lang='lat' dir='ltr'><strong>praeceptionis</strong></span> <span class='ocrx_word' id='word_1_550' title='bbox 696 5524 838 5562; x_wconf 71' lang='lat' dir='ltr'><strong>mete</strong></span> <span class='ocrx_word' id='word_1_551' title='bbox 881 5507 985 5561; x_wconf 85' lang='lat' dir='ltr'><strong>ﬁat</strong></span> <span class='ocrx_word' id='word_1_552' title='bbox 1031 5511 1129 5560; x_wconf 92' lang='lat' dir='ltr'><strong>aut</strong></span> <span class='ocrx_word' id='word_1_553' title='bbox 1173 5506 1448 5560; x_wconf 88' lang='lat' dir='ltr'><strong>correctio</strong></span> <span class='ocrx_word' id='word_1_554' title='bbox 1495 5509 1592 5560; x_wconf 87' lang='lat' dir='ltr'><strong>aut</strong></span> <span class='ocrx_word' id='word_1_555' title='bbox 1636 5506 1952 5575; x_wconf 87' lang='lat' dir='ltr'><strong>integritas.</strong></span> 
     </span>
    </p>
   </div>
   <div class='ocr_carea' id='block_1_80' title="bbox 2085 4803 2375 4873">
    <p class='ocr_par' dir='ltr' id='par_1_80' title="bbox 2085 4803 2375 4873">
     <span class='ocr_line' id='line_1_80' title="bbox 2085 4803 2375 4873; baseline 0.003 -17"><span class='ocrx_word' id='word_1_556' title='bbox 2085 4803 2375 4873; x_wconf 86' lang='lat' dir='ltr'><strong>incipiam.</strong></span> 
     </span>
    </p>
   </div>
   <div class='ocr_carea' id='block_1_81' title="bbox 2863 4888 2991 4960">
    <p class='ocr_par' dir='ltr' id='par_1_81' title="bbox 2863 4888 2991 4960">
     <span class='ocr_line' id='line_1_81' title="bbox 2863 4888 2991 4960; baseline 0 -18"><span class='ocrx_word' id='word_1_557' title='bbox 2863 4888 2892 4960; x_wconf 61' lang='grc' dir='ltr'><strong>ἓ</strong></span> <span class='ocrx_word' id='word_1_558' title='bbox 2923 4890 2991 4943; x_wconf 86' lang='lat'><strong>11.</strong></span> 
     </span>
    </p>
   </div>
   <div class='ocr_carea' id='block_1_82' title="bbox 2145 4975 3777 5048">
    <p class='ocr_par' dir='ltr' id='par_1_82' title="bbox 2145 4975 3777 5048">
     <span class='ocr_line' id='line_1_82' title="bbox 2145 4975 3777 5048; baseline 0.001 -15"><span class='ocrx_word' id='word_1_559' title='bbox 2145 4978 2500 5033; x_wconf 86' lang='lat' dir='ltr'><strong>Diametrum</strong></span> <span class='ocrx_word' id='word_1_560' title='bbox 2529 4982 2560 5031; x_wconf 87' lang='lat'><strong>7</strong></span> <span class='ocrx_word' id='word_1_561' title='bbox 2592 4977 2805 5048; x_wconf 90' lang='lat' dir='ltr'><strong>pedum</strong></span> <span class='ocrx_word' id='word_1_562' title='bbox 2839 4976 2980 5030; x_wconf 90' lang='lat' dir='ltr'><strong>mihi</strong></span> <span class='ocrx_word' id='word_1_563' title='bbox 3010 4975 3175 5030; x_wconf 87' lang='lat' dir='ltr'><strong>facio.</strong></span> <span class='ocrx_word' id='word_1_564' title='bbox 3211 4977 3289 5030; x_wconf 82' lang='lat' dir='ltr'><strong>Ex</strong></span> <span class='ocrx_word' id='word_1_565' title='bbox 3337 4977 3448 5032; x_wconf 91' lang='lat' dir='ltr'><strong>hoc</strong></span> <span class='ocrx_word' id='word_1_566' title='bbox 3496 4978 3777 5035; x_wconf 86' lang='lat' dir='ltr'><strong>circulum</strong></span> 
     </span>
    </p>
   </div>
   <div class='ocr_carea' id='block_1_83' title="bbox 2070 5065 3778 5139">
    <p class='ocr_par' dir='ltr' id='par_1_83' title="bbox 2070 5065 3778 5139">
     <span class='ocr_line' id='line_1_83' title="bbox 2070 5065 3778 5139; baseline 0.002 -19"><span class='ocrx_word' id='word_1_567' title='bbox 2070 5067 2150 5120; x_wconf 90' lang='lat' dir='ltr'><strong>sic</strong></span> <span class='ocrx_word' id='word_1_568' title='bbox 2179 5082 2396 5137; x_wconf 74' lang='lat' dir='ltr'><strong>quaero.</strong></span> <span class='ocrx_word' id='word_1_569' title='bbox 2430 5066 2674 5137; x_wconf 92' lang='lat' dir='ltr'><strong>Triplico</strong></span> <span class='ocrx_word' id='word_1_570' title='bbox 2706 5065 2869 5134; x_wconf 90' lang='lat' dir='ltr'><strong>illud,</strong></span> <span class='ocrx_word' id='word_1_571' title='bbox 2905 5070 2964 5120; x_wconf 88' lang='lat' dir='ltr'><strong>et</strong></span> <span class='ocrx_word' id='word_1_572' title='bbox 3001 5065 3125 5134; x_wconf 87' lang='lat' dir='ltr'><strong>ejus</strong></span> <span class='ocrx_word' id='word_1_573' title='bbox 3157 5066 3462 5136; x_wconf 89' lang='lat' dir='ltr'><strong>septimam</strong></span> <span class='ocrx_word' id='word_1_574' title='bbox 3511 5069 3778 5139; x_wconf 85' lang='lat' dir='ltr'><strong>triplica-</strong></span> 
     </span>
    </p>
   </div>
   <div class='ocr_carea' id='block_1_84' title="bbox 2069 5153 3776 5225">
    <p class='ocr_par' dir='ltr' id='par_1_84' title="bbox 2069 5153 3776 5225">
     <span class='ocr_line' id='line_1_84' title="bbox 2069 5153 3776 5225; baseline 0.002 -16"><span class='ocrx_word' id='word_1_575' title='bbox 2069 5155 2212 5209; x_wconf 88' lang='lat' dir='ltr'><strong>tioui</strong></span> <span class='ocrx_word' id='word_1_576' title='bbox 2237 5156 2322 5209; x_wconf 93' lang='lat' dir='ltr'><strong>illi</strong></span> <span class='ocrx_word' id='word_1_577' title='bbox 2365 5154 2713 5225; x_wconf 89' lang='lat' dir='ltr'><strong>superaddo,</strong></span> <span class='ocrx_word' id='word_1_578' title='bbox 2759 5159 2814 5209; x_wconf 92' lang='lat' dir='ltr'><strong>et</strong></span> <span class='ocrx_word' id='word_1_579' title='bbox 2851 5153 2930 5208; x_wconf 91' lang='lat' dir='ltr'><strong>sic</strong></span> <span class='ocrx_word' id='word_1_580' title='bbox 2977 5154 3254 5208; x_wconf 91' lang='lat' dir='ltr'><strong>circulum</strong></span> <span class='ocrx_word' id='word_1_581' title='bbox 3291 5154 3351 5208; x_wconf 91' lang='lat' dir='ltr'><strong>in</strong></span> <span class='ocrx_word' id='word_1_582' title='bbox 3383 5154 3595 5225; x_wconf 88' lang='lat' dir='ltr'><strong>viginti</strong></span> <span class='ocrx_word' id='word_1_583' title='bbox 3633 5158 3776 5213; x_wconf 88' lang='lat' dir='ltr'><strong>duos</strong></span> 
     </span>
    </p>
   </div>
   <div class='ocr_carea' id='block_1_85' title="bbox 2068 5231 3771 5314">
    <p class='ocr_par' dir='ltr' id='par_1_85' title="bbox 2068 5231 3771 5314">
     <span class='ocr_line' id='line_1_85' title="bbox 2068 5231 3771 5314; baseline 0.002 -16"><span class='ocrx_word' id='word_1_584' title='bbox 2068 5244 2245 5314; x_wconf 91' lang='lat' dir='ltr'><strong>pedes</strong></span> <span class='ocrx_word' id='word_1_585' title='bbox 2276 5244 2475 5298; x_wconf 89' lang='lat' dir='ltr'><strong>habeo.</strong></span> <span class='ocrx_word' id='word_1_586' title='bbox 2515 5243 2812 5298; x_wconf 84' lang='lat' dir='ltr'><strong>Medietate</strong></span> <span class='ocrx_word' id='word_1_587' title='bbox 2843 5246 3034 5296; x_wconf 84' lang='lat' dir='ltr'><strong>autem</strong></span> <span class='ocrx_word' id='word_1_588' title='bbox 3090 5231 3378 5308; x_wconf 81' lang='lat' dir='ltr'><strong>diametri,</strong></span> <span class='ocrx_word' id='word_1_589' title='bbox 3431 5245 3591 5314; x_wconf 88' lang='lat' dir='ltr'><strong>quod</strong></span> <span class='ocrx_word' id='word_1_590' title='bbox 3625 5251 3713 5300; x_wconf 89' lang='lat' dir='ltr'><strong>est</strong></span> <span class='ocrx_word' id='word_1_591' title='bbox 3742 5250 3771 5301; x_wconf 92' lang='lat'><strong>3</strong></span> 
     </span>
    </p>
   </div>
   <div class='ocr_carea' id='block_1_86' title="bbox 2069 5331 3770 5402">
    <p class='ocr_par' dir='ltr' id='par_1_86' title="bbox 2069 5331 3770 5402">
     <span class='ocr_line' id='line_1_86' title="bbox 2069 5331 3770 5402; baseline 0.002 -17"><span class='ocrx_word' id='word_1_592' title='bbox 2069 5337 2125 5385; x_wconf 91' lang='lat' dir='ltr'><strong>et</strong></span> <span class='ocrx_word' id='word_1_593' title='bbox 2155 5332 2347 5398; x_wconf 90' lang='lat' dir='ltr'><strong>semis,</strong></span> <span class='ocrx_word' id='word_1_594' title='bbox 2381 5336 2438 5385; x_wconf 91' lang='lat' dir='ltr'><strong>et</strong></span> <span class='ocrx_word' id='word_1_595' title='bbox 2469 5331 2774 5385; x_wconf 88' lang='lat' dir='ltr'><strong>medietate</strong></span> <span class='ocrx_word' id='word_1_596' title='bbox 2805 5331 3021 5398; x_wconf 89' lang='lat' dir='ltr'><strong>circuli,</strong></span> <span class='ocrx_word' id='word_1_597' title='bbox 3072 5347 3202 5402; x_wconf 74' lang='lat' dir='ltr'><strong>qua:</strong></span> <span class='ocrx_word' id='word_1_598' title='bbox 3249 5337 3332 5384; x_wconf 90' lang='lat' dir='ltr'><strong>est</strong></span> <span class='ocrx_word' id='word_1_599' title='bbox 3382 5335 3470 5397; x_wconf 86' lang='grc'><strong>11,</strong></span> <span class='ocrx_word' id='word_1_600' title='bbox 3519 5333 3770 5389; x_wconf 89' lang='lat' dir='ltr'><strong>invicem</strong></span> 
     </span>
    </p>
   </div>
   <div class='ocr_carea' id='block_1_87' title="bbox 2068 5417 3767 5489">
    <p class='ocr_par' dir='ltr' id='par_1_87' title="bbox 2068 5417 3767 5489">
     <span class='ocr_line' id='line_1_87' title="bbox 2068 5417 3767 5489; baseline 0.004 -18"><span class='ocrx_word' id='word_1_601' title='bbox 2068 5418 2484 5489; x_wconf 88' lang='lat' dir='ltr'><strong>multiplicatis,</strong></span> <span class='ocrx_word' id='word_1_602' title='bbox 2540 5418 2696 5473; x_wconf 89' lang='lat' dir='ltr'><strong>venit</strong></span> <span class='ocrx_word' id='word_1_603' title='bbox 2745 5417 2889 5472; x_wconf 87' lang='lat' dir='ltr'><strong>mihi</strong></span> <span class='ocrx_word' id='word_1_604' title='bbox 2939 5434 3069 5472; x_wconf 87' lang='lat' dir='ltr'><strong>area</strong></span> <span class='ocrx_word' id='word_1_605' title='bbox 3125 5418 3382 5488; x_wconf 89' lang='lat' dir='ltr'><strong>ejusdem</strong></span> <span class='ocrx_word' id='word_1_606' title='bbox 3436 5419 3643 5476; x_wconf 89' lang='lat' dir='ltr'><strong>circuli</strong></span> <span class='ocrx_word' id='word_1_607' title='bbox 3702 5425 3767 5477; x_wconf 88' lang='lat'><strong>38</strong></span> 
     </span>
    </p>
   </div>
   <div class='ocr_carea' id='block_1_88' title="bbox 2066 5506 3759 5577">
    <p class='ocr_par' dir='ltr' id='par_1_88' title="bbox 2066 5506 3759 5577">
     <span class='ocr_line' id='line_1_88' title="bbox 2066 5506 3759 5577; baseline 0.004 -17"><span class='ocrx_word' id='word_1_608' title='bbox 2066 5507 2238 5577; x_wconf 89' lang='lat' dir='ltr'><strong>pedes</strong></span> <span class='ocrx_word' id='word_1_609' title='bbox 2291 5512 2348 5561; x_wconf 90' lang='lat' dir='ltr'><strong>et</strong></span> <span class='ocrx_word' id='word_1_610' title='bbox 2399 5506 2588 5560; x_wconf 91' lang='lat' dir='ltr'><strong>semis.</strong></span> <span class='ocrx_word' id='word_1_611' title='bbox 2656 5508 2791 5560; x_wconf 87' lang='lat' dir='ltr'><strong>Ecce</strong></span> <span class='ocrx_word' id='word_1_612' title='bbox 2846 5506 3212 5571; x_wconf 90' lang='lat' dir='ltr'><strong>diametrum,</strong></span> <span class='ocrx_word' id='word_1_613' title='bbox 3271 5521 3400 5560; x_wconf 87' lang='lat' dir='ltr'><strong>ecce</strong></span> <span class='ocrx_word' id='word_1_614' title='bbox 3459 5509 3759 5568; x_wconf 86' lang='lat' dir='ltr'><strong>circulum.</strong></span> 
     </span>
    </p>
   </div>
  </div>
