4014 6200
306 283 436 335 1105

1456 274 1581 329 LIB.
1624 274 1717 328 DE
1754 271 2258 329 CBASSITUDINE
2296 270 2628 329 SPHERIE.

3656 281 3786 332 1106

297 429 423 469 ecce
454 427 643 465 aream
693 409 907 465 habeo!
948 410 1056 464 Sed
1103 413 1165 461 ut
1195 405 1626 461 crassitudinem
1670 401 1979 467 inveniam,
2023 402 2064 453 Α
2169 403 2304 455 Ecce
2334 402 2392 455 in
2425 404 2529 457 hac
2568 405 2791 474 sphara
2840 406 3181 460 diametrum
3215 412 3299 461 est
3327 413 3358 461 7
3393 409 3631 478 pedum,
3678 409 3787 462 ci‘r-

296 503 642 555 diametrum
696 499 849 553 idem
898 498 1118 561 cubico,
1153 500 1209 548 et
1262 495 1474 547 cubum
1528 492 1669 545 mihi
1700 489 1985 559 ejusmodi

294 589 458 651 facio,
504 589 602 659 qui
635 586 1031 657 globositatem
1066 584 1301 654 sphara
1345 581 1621 636 lateribus
1666 579 1980 649 contingat,

296 678 519 748 angulis
553 682 743 730 autem
792 678 847 727 et
880 673 1044 726 lineis
1086 672 1156 725 ab
1202 671 1410 741 angulo
1446 670 1502 722 in
1538 668 1813 737 angulum
1847 684 1985 737 pro-

294 765 625 819 cedentibus
674 762 926 816 excedat.
974 760 1057 814 Ab
1089 758 1419 830 hujusmodi
1462 758 1607 811 cubo
1648 755 1983 809 crassitudi-

297 870 425 907 nem
475 854 658 919 illam,
701 867 831 922 qua
879 866 910 903 a
940 848 1278 920 globositate
1326 864 1503 917 usque
1544 846 1610 899 ad
1660 845 1902 914 angulos
1932 848 1984 896 et

295 942 473 996 lineas
522 940 799 1011 procedit,
853 954 1078 992 necesse
1127 941 1210 990 est
1250 936 1519 1001 recidere,
1554 938 1618 987 ut
1662 934 1779 986 hac
1809 932 1987 985 recisa

294 1031 465 1082 solius
507 1029 747 1097 sphara
778 1027 1037 1079 soliditas
1066 1028 1379 1078 remaneat.

364 1119 516 1171 Hanc
548 1116 884 1169 recisionem
930 1114 1034 1167 hoc
1066 1112 1236 1166 modo
1270 1112 1429 1165 facio.
1483 1110 1777 1163 Summam
1812 1107 1986 1161 totius

293 1206 422 1259 cubi
464 1221 570 1275 per
618 1203 913 1257 vicesimas
958 1202 1174 1271 primas
1220 1199 1435 1253 divido.
1472 1199 1611 1252 Hinc
1652 1198 1789 1250 tollo
1835 1196 1985 1248 vice-

294 1294 499 1347 simam
524 1292 768 1363 primam
800 1296 1018 1361 partem
1050 1290 1118 1343 de
1148 1288 1310 1354 cubo,
1345 1303 1474 1358 qua
1508 1292 1591 1339 est
1624 1289 1686 1340 16

297 1382 614 1452 multiplico
672 1380 877 1445 decies,
931 1383 985 1432 et
1026 1378 1208 1431 habeo
1245 1376 1551 1429 recisiones
1599 1374 1744 1428 cubi.
1786 1377 1987 1427 Postea

297 1469 583 1535 undecies,
636 1475 691 1522 et
739 1468 921 1522 habeo
952 1464 1353 1536 globositatem
1388 1464 1648 1533 sphara,
1695 1461 1751 1514 id
1783 1467 1888 1529 est,
1920 1477 1985 1514 ex

298 1558 388 1610 his
435 1556 728 1628 vigesimis
775 1555 977 1626 primis
1032 1552 1414 1608 excisionibus
1445 1551 1575 1605 cubi
1630 1551 1841 1619 deputo
1890 1552 1982 1613 lO;

297 1646 546 1717 reliquas
634 1644 993 1698 crassitudini
1085 1642 1227 1714 [cod.
1317 1643 1458 1694 Petr.

298 1735 540 1804 sphara
589 1734 875 1803 relinquo.
935 1731 1093 1795 Quod
1134 1730 1285 1784 idem
1334 1734 1499 1793 esset,
1533 1728 1579 1780 si
1629 1727 1804 1781 totius
1856 1726 1989 1779 cubi

299 1837 583 1876 summam
634 1820 902 1875 undecies
948 1819 1235 1882 ducerem,
1292 1821 1349 1869 et
1385 1833 1452 1869 ex
1482 1817 1579 1869 illa
1626 1815 1988 1868 concretione

300 1926 473 1964 unam
525 1908 853 1962 vicesimam
904 1906 1152 1978 primam
1199 1905 1573 1957 subducerem
1622 1904 1783 1973 [Pctr.
1821 1904 1989 1957 duce-

300 1996 465 2069 rem].
523 1998 651 2051 Hac
683 1984 837 2049 enim
883 1994 1153 2049 vicesima
1198 1993 1387 2063 prima
1418 1997 1577 2045 tanta
1624 1996 1706 2045 est
1743 1991 1985 2063 [Tegerm

301 2084 491 2157 esset],
546 2088 773 2155 quantae
802 2083 915 2136 illa
951 2087 1007 2137 ll
1057 2098 1185 2153 qua
1214 2081 1491 2135 vicesima
1522 2079 1724 2150 prima
1757 2096 1822 2133 ex
1852 2078 1987 2132 sim-

302 2173 437 2244 plici
460 2173 605 2227 cubo
637 2172 1008 2226 tollebantur.
1064 2240 1091 2309 §
1133 2241 1205 2294 In

377 2333 444 2386 Ut
473 2330 712 2385 lucidius
740 2330 842 2384 ﬁat
879 2328 1035 2399 quod
1064 2328 1326 2392 dicimus,
1361 2327 1530 2380 certis
1560 2327 1813 2379 numeris
1841 2341 1991 2378 cras-

302 2421 581 2474 situdines
629 2420 771 2474 duas
801 2418 1241 2488 assignabimus,
1278 2421 1339 2469 ut
1383 2415 1702 2485 assignatas
1748 2414 1992 2468 invicem

300 2524 630 2578 comparare
676 2508 962 2577 possimus
996 2522 1008 2559 :
1040 2521 1152 2558 non
1201 2509 1265 2557 ut
1302 2504 1424 2557 hac
1472 2509 1569 2557 aut
1599 2504 1819 2556 veriora
1860 2503 1990 2569 sint,

302 2601 401 2651 aut
432 2613 530 2649 vos
579 2596 841 2666 ignorare
889 2595 1210 2657 credamus,
1261 2593 1357 2646 sed
1390 2598 1469 2658 ut,
1512 2592 1616 2645 viis
1664 2592 1873 2645 nostris
1905 2608 1994 2644 ve-

302 2690 434 2739 stra
495 2684 804 2754 diligentia
852 2681 1184 2736 monstratis
1239 2696 1273 2733 a
1318 2680 1480 2735 vobis
1525 2680 1791 2750 deinceps
1839 2680 1994 2734 ducti

303 2788 496 2828 errare
527 2771 865 2825 nesciamus.

376 2860 607 2930 Circuli,
641 2860 802 2930 cujus
845 2859 1185 2913 diametrum
1214 2861 1297 2911 est
1326 2860 1358 2911 7
1388 2856 1621 2927 pedum,
1666 2857 1991 2911 crassitudi-

1554 1636 1983 1708 crassitudincs]
2027 1673 2068 1726 Β

2095 491 2257 543 culus
2299 495 2386 559 22,
2428 508 2561 546 area
2610 496 2677 548 38
2707 498 2763 547 et
2792 495 2982 560 semis,
3025 495 3283 549 soliditas
3318 499 3415 550 179
3448 502 3505 550 et
3533 497 3627 551 SS.
3662 498 3787 551 Non

2096 586 2180 634 est
2208 586 2398 634 autem
2452 581 2775 635 mirandum
2808 583 2853 635 si
2898 584 3076 637 cubus
3109 584 3168 637 in
3200 585 3621 639 excessionibus
3670 586 3786 639 suis

2095 669 2214 721 fere
2272 669 2635 723 medietatem
2704 670 3093 725 crassitudinis
3162 673 3437 736 obtineat,
3508 691 3635 727 cum
3697 675 3789 728 hic

2096 757 2408 826 quadratus
2452 757 2511 811 in
2561 758 2798 828 planitie
2829 760 2887 812 in
2938 762 3503 830 supergressionibus
3532 763 3783 832 :suislvix

2103 844 2261 916 [Patr
2303 862 2407 899 nec
2438 849 2582 911 tert.]
2618 848 2844 900 tertiam
2878 852 3098 916 partem
3146 854 3399 904 retineat.
3434 850 3531 904 Hic
3573 851 3787 921 quippe

2096 935 2156 987 in
2188 934 2536 1004 quadratura
2566 951 2696 988 cum
2728 937 3180 1006 unumquodque
3216 938 3360 990 latus
3390 944 3419 991 7
3451 939 3522 991 sit
3550 940 3786 1008 pedum,

2098 1022 2410 1076 secundum
2467 1024 2711 1077 laterum
2780 1024 3197 1078 dimensionem
3253 1026 3494 1095 [Tegerm
3554 1028 3785 1081 divisio-

2097 1110 2274 1182 nem],
2306 1128 2500 1165 aream
2550 1113 2618 1165 49
2663 1111 2915 1165 habebit.
2977 1113 3234 1182 Cumque
3294 1113 3535 1166 circulus
3590 1117 3789 1185 exiliis

2097 1200 2203 1252 sibi
2233 1202 2299 1254 38
2331 1204 2387 1253 et
2437 1200 2736 1269 acceperit,
2792 1200 3143 1269 quadratura
3194 1200 3310 1253 suis
3340 1202 3623 1271 .excisuris
3674 1220 3789 1257 non

2099 1288 2205 1342 nisi
2244 1290 2306 1341 10
2337 1292 2391 1342 et
2415 1288 2450 1341 8
2482 1288 2771 1341 retinebit.
2858 1358 2884 1427 ἓ
2934 1359 3002 1412 1V

2168 1447 2353 1509 Quare
2408 1450 2598 1499 autem
2666 1445 2811 1499 mihi
2858 1446 2934 1499 ita
2997 1463 3117 1500 esse
3180 1447 3457 1513 videatur,
3522 1450 3568 1502 si
3631 1454 3788 1507 vobis

2098 1551 2212 1588 non
2243 1534 2315 1586 sit
2357 1534 2716 1588 fastidiosum
2755 1534 2975 1601 audire,
3010 1536 3153 1588 mihi
3184 1551 3298 1588 non
3344 1537 3450 1589 erit
3481 1554 3788 1595 onerosum

2099 1624 2303 1677 dicere.
2361 1621 2459 1676 Hic
2490 1638 2740 1692 namque
2771 1624 2830 1677 id
2870 1629 2955 1676 est
2988 1640 2999 1675 :
3030 1624 3362 1694 quadratus,
3412 1626 3458 1679 si
3492 1628 3700 1698 septies
3728 1629 3790 1683 in

2099 1713 2279 1767 altum
2310 1711 2566 1777 tollatur,
2596 1710 2696 1765 343
2743 1712 2916 1782 pedes
2946 1712 3154 1781 reddit,
3188 1714 3543 1768 excessiones
3574 1717 3793 1772 scilicet

2098 1816 2227 1854 suas
2280 1804 2333 1853 et
2386 1816 2576 1853 aream
2635 1799 2833 1853 circuli
2892 1817 3083 1854 secum
3148 1802 3206 1854 in
3266 1801 3444 1856 altum
3507 1805 3791 1861 deducens

2101 1886 2267 1957 [Petr.
2337 1886 2591 1955 ducens].
2659 1886 2878 1956 Septies
2925 1888 3074 1940 enim
3132 1891 3195 1942 10
3235 1894 3290 1941 et
3350 1891 3540 1957 semis,
3604 1893 3660 1947 id
3709 1899 3795 1948 est

2099 1973 2477 2040 excessiones,
2528 1974 2679 2027 ﬁunt
2707 1978 2776 2029 73
2810 1979 2866 2028 et
2912 1976 3116 2041 semis;
3168 1982 3223 2029 et
3270 1979 3480 2046 septies
3511 1982 3577 2034 38
3628 1986 3683 2035 et
3713 1999 3794 2037 se-

2097 2062 2229 2123 mis,
2278 2061 2334 2115 id
2365 2066 2451 2115 est
2495 2076 2627 2114 area
2669 2062 2887 2130 circuli,
2940 2062 3087 2116 ﬁunt
3127 2066 3231 2118 269
3262 2069 3318 2117 et
3359 2068 3550 2119 semis.
3584 2069 3690 2123 Sed
3722 2074 3791 2125 73

2100 2156 2157 2204 et
2185 2148 2375 2217 semis,
2410 2154 2467 2203 et
2508 2151 2613 2204 269
2646 2157 2703 2203 et
2750 2150 2941 2211 semis,
2968 2151 3217 2204 reddunt
3264 2153 3386 2206 343.
3440 2154 3623 2217 Quare
3654 2173 3791 2227 qua-

2102 2239 2328 2293 dratum
2381 2238 2441 2291 in
2484 2238 2662 2291 altum
2708 2238 2911 2292 tollere
2956 2238 3101 2292 nihil
3142 2244 3226 2293 est
3268 2241 3424 2295 aliud
3455 2242 3563 2295 nisi
3594 2259 3791 2299 exces-

2100 2327 2289 2380 siones
2348 2342 2475 2379 suas
2508 2331 2562 2379 et
2615 2325 2812 2380 circuli
2858 2342 3051 2381 aream
3106 2343 3300 2381 secum
3356 2329 3655 2386 deducere.
3706 2333 3792 2388 Ab

2100 2415 2198 2469 illo
2242 2414 2418 2484 igitur
2450 2414 2610 2477 cubo,
2646 2414 2745 2485 qui
2776 2431 2841 2469 ex
2884 2431 3013 2468 area
3042 2416 3110 2469 49
3159 2416 3369 2486 pedum
3421 2434 3791 2475 consurrexe-

2099 2508 2210 2570 rat,
2243 2502 2290 2555 si
2321 2503 2448 2573 quis
2488 2502 2699 2573 septies
2730 2505 2794 2557 10
2827 2508 2883 2557 et
2912 2503 3003 2571 S.,
3032 2504 3090 2557 id
3118 2509 3205 2558 est
3234 2508 3300 2559 73
3332 2511 3389 2559 et
3416 2506 3469 2560 S.
3500 2507 3789 2575 reciderit,

2102 2592 2362 2645 nondum
2403 2590 2736 2661 spharicam
2789 2591 3189 2661 globositatem
3241 2594 3529 2663 expolivit,
3578 2596 3675 2650 sed
3704 2613 3792 2651 se-

2103 2679 2352 2733 cundum
2404 2678 2648 2731 formam
2688 2678 2870 2732 modii
2913 2679 2983 2733 ab
3015 2681 3224 2750 aquati
3257 2697 3388 2735 area
3423 2682 3480 2734 in
3512 2686 3794 2754 aqualem

2103 2783 2297 2821 aream
2352 2766 2655 2821 deductam
2712 2767 3024 2835 constituit,
3084 2768 3143 2822 in
3196 2769 3370 2839 pedes
3420 2770 3634 2826 scilicet
3689 2775 3793 2827 269

2104 2860 2161 2909 et
2187 2855 2241 2910 S.

304 2964 437 3003 nem
469 2949 548 3002 sic
599 2963 812 3019 quaro.
848 2946 1054 3001 Cubico
1105 2945 1469 3010 diametrum,
1499 2949 1554 2997 et
1586 2945 1710 2999 dico
1745 2961 1757 2998 :
1787 2944 1996 3015 septies
2033 2948 2072 3004 C
2174 2943 2255 2996 Ex
2307 2942 2414 2996 hac
2436 2930 2637 2995 autem
2682 2942 2867 2996 forma
2912 2959 3024 2996 non
3055 2944 3445 3013 medietatem,
3480 2962 3550 3000 ne
3579 2946 3640 3001 in
3673 2964 3787 3001 mo-

305 3041 523 3107 septem
572 3036 720 3090 ﬁunt
748 3037 837 3090 49.
891 3036 1106 3089 Rursus
1154 3033 1361 3104 septies
1399 3034 1467 3087 49
1512 3032 1657 3087 ﬁunt
1701 3034 1822 3088 343.
1860 3035 1995 3087 Ecce

306 3127 484 3180 cubus
517 3125 642 3195 ejus
673 3123 959 3195 quadrati,
992 3124 1154 3194 cujus
1186 3122 1636 3193 unumquodque
1670 3122 1818 3175 latus
1859 3126 1890 3175 7
1923 3122 1998 3175 sit

305 3214 543 3284 pedum,
593 3217 650 3267 et
678 3213 771 3266 hic
818 3212 995 3266 cubus
1037 3210 1439 3281 globositatem
1487 3210 1727 3281 sphara
1779 3226 1844 3263 ex
1875 3214 1995 3263 toto

307 3301 617 3357 concludit.

376 3394 447 3446 Ut
510 3396 702 3445 autem
766 3389 1198 3461 supercedentia
1270 3388 1617 3453 recidantur,
1678 3388 1757 3440 sic
1827 3387 1992 3441 facio.

305 3482 461 3535 Tollo
511 3479 845 3550 vigesimam
894 3479 1141 3549 primam
1172 3494 1236 3531 ex
1284 3478 1385 3530 343
1431 3493 1559 3546 qua
1592 3483 1676 3529 est
1728 3479 1790 3529 l6
1822 3481 1877 3529 et
1902 3476 1993 3530 SS.

308 3571 464 3625 Hanc
491 3569 539 3622 si
587 3567 775 3622 decies
822 3568 988 3633 duco,
1033 3566 1218 3620 habeo
1263 3568 1359 3618 163
1416 3570 1471 3616 et
1498 3565 1593 3628 SS,
1644 3564 1997 3617 excessiones

308 3659 523 3713 scilicet
568 3655 717 3709 cubi.
750 3655 809 3709 Si
856 3654 1143 3718 undecies,
1184 3653 1367 3706 habeo
1401 3656 1499 3706 179
1544 3656 1599 3705 et
1628 3652 1725 3719 SS,
1759 3652 1997 3720 spbara

309 3745 523 3798 scilicet
546 3741 1006 3796 crassitudinem.

383 3834 454 3887 Ut
499 3830 854 3885 manifestius
902 3830 1002 3882 ﬁat
1033 3828 1187 3899 quod
1236 3828 1502 3892 dicimus,
1551 3844 1679 3880 cum
1719 3829 1997 3899 quadrato

309 3921 587 3975 circulum
639 3918 1055 3988 subpingamus
1115 3915 1362 3987 [Tegerm
1419 3913 1882 3987 subpingimus],
1939 3922 2001 3970 ut

308 4010 429 4063 visa
465 4008 526 4062 in
570 4006 810 4077 planitie
861 4006 1083 4060 facilius
1114 4003 1513 4073 intelligantur
1562 4000 1726 4074 [Pelr.
1783 4004 1997 4059 intelli-

309 4095 493 4169 gatur]
528 4096 586 4149 in
612 4094 1007 4149 crassitudine.

688 4806 955 4863 Soliditas
987 4807 1086 4859 l79
1117 4805 1214 4861 SS.
1249 4804 1489 4861 Diamet.
1523 4812 1575 4862 7.

788 5002 935 5054 Area
964 5002 1050 5055 38.
1085 4999 1143 5055 8.

1003 4284 1237 4346 circulus
1262 4300 1329 4355 22

698 4386 763 4439 β.

688 4806 955 4863 Soliditas
987 4807 1086 4859 179
1117 4805 1214 4861 88.
1249 4804 1489 4861 Diamet.
1523 4812 1575 4862 7.

788 5002 935 5054 Area
964 5002 1050 5055 38.
1085 4999 1143 5055 8.

2107 3031 2243 3085 dum
2273 3029 2453 3084 trochi
2483 3046 2549 3083 ex
2581 3034 2825 3100 utraque
2870 3036 3031 3100 parte
3067 3037 3386 3103 acueretur,
3426 3035 3525 3088 sed
3568 3036 3798 3091 tertiam

2105 3124 2348 3190 partem,
2419 3135 2546 3189 qua
2607 3123 2692 3172 est
2737 3122 2805 3173 89
2837 3124 2891 3173 et
2954 3120 3086 3189 SSS,
3154 3121 3353 3175 tollere
3404 3122 3698 3191 debemus,
3733 3130 3798 3179 ut

2108 3207 2391 3277 sphaeram
2445 3206 2817 3276 expoliamus.
2878 3206 2987 3261 Sed
3040 3207 3161 3261 hac
3211 3209 3379 3262 tertia
3429 3225 3544 3263 non
3603 3215 3797 3265 tamen

2105 3294 2345 3350 omnino
2396 3295 2657 3349 rotunda
2691 3294 2912 3360 forma,
2946 3295 3003 3349 id
3048 3302 3133 3349 est
3166 3297 3299 3363 [cod.
3335 3298 3491 3351 Patr.
3540 3299 3649 3353 Sed
3676 3299 3798 3353 hac

2106 3388 2148 3437 t.
2185 3383 2443 3437 rotunda
2474 3382 2674 3436 forma
2704 3399 2820 3437 non
2847 3388 3039 3438 tamen
3070 3384 3139 3438 de
3166 3400 3410 3439 numero
3440 3386 3499 3440 id
3533 3392 3639 3455 est,
3673 3390 3792 3455 etc.]

2108 3474 2174 3526 89
2205 3478 2263 3526 et
2315 3472 2425 3525 SSS
2456 3476 2513 3524 et
2567 3477 2597 3524 7
2648 3472 3019 3540 excessiones,
3068 3473 3126 3527 id
3177 3478 3261 3527 est
3309 3478 3375 3529 73
3429 3480 3485 3529 et
3518 3477 3598 3544 S.,
3642 3476 3795 3531 idem

2107 3559 2354 3613 reddunt
2382 3559 2533 3627 quod
2574 3560 2639 3611 10
2667 3559 2952 3613 vicesima
2980 3560 3206 3630 prima,
3248 3578 3377 3631 qua
3406 3563 3477 3616 oh
3510 3565 3619 3617 hoc
3656 3564 3799 3619 inte-

2106 3662 2209 3714 gro
2255 3645 2399 3699 cubo
2439 3646 2807 3710 tollebantur,
2844 3652 2906 3699 ut
2950 3648 3173 3717 sphara
3221 3649 3477 3718 undique
3518 3652 3796 3705 rotunda-

2106 3738 2291 3799 retur;
2326 3738 2381 3786 et
2411 3733 2499 3786 ha
2527 3733 2724 3786 decem
2762 3734 3053 3803 vigesima
3082 3735 3286 3803 prima
3327 3736 3398 3789 ad
3430 3738 3795 3791 medietatem

2107 3822 2236 3876 cubi
2293 3821 2410 3875 fere
2461 3821 2851 3891 pervenirent,
2901 3822 3010 3876 nisi
3060 3823 3496 3894 quadragesima
3549 3825 3797 3879 secunda

2108 3908 2371 3979 ejusdem
2403 3908 2535 3962 cubi
2564 3908 2869 3979 impediret
2905 3908 3149 3981 [Tegerm
3182 3910 3638 3984 impedirentur]

2884 3996 3012 4067 ἓν.

2181 4085 2300 4138 Jam
2351 4084 2515 4138 facile
2569 4088 2656 4138 est
2683 4084 2899 4150 videre,
2951 4101 3078 4140 cum
3113 4086 3423 4157 quadratus
3474 4102 3580 4140 nec
3630 4086 3797 4140 tertia

2113 4173 2273 4238 [Petr.
2310 4185 2415 4223 nec
2458 4170 2516 4223 in
2566 4168 2757 4241 tertia]
2812 4172 2901 4225 sui
2952 4173 3227 4226 circulum
3281 4173 3561 4237 devincat,
3618 4187 3796 4242 quare

2039 4284 2082 4338 ι)
2110 4258 2286 4312 cubus
2334 4257 2450 4311 fere
2482 4257 2569 4310 sui
2614 4259 2918 4313 medietate
2964 4261 3204 4331 sphara
3252 4259 3650 4331 globositatem
3700 4277 3792 4314 su-

2110 4346 2401 4418 pervadat.
2436 4346 2541 4400 Sed
2572 4347 2693 4401 hac
2723 4347 2905 4401 forma
2934 4349 3132 4416 modii,
3162 4365 3290 4419 qua
3318 4348 3508 4402 recisis
3541 4348 3796 4420 undique

2110 4433 2381 4489 lateribus
2419 4434 2549 4489 cubi
2578 4436 2938 4505 rotundatur,
2979 4437 3240 4509 quamvis
3281 4437 3351 4491 ad
3395 4436 3631 4507 plenum
3680 4453 3796 4491 non

2110 4520 2309 4591 possit,
2381 4520 2739 4592 aliquatenus
2801 4528 2997 4579 tamen
3057 4524 3462 4591 subscribatur,
3522 4528 3588 4578 ut
3640 4524 3796 4595 quod

2112 4608 2318 4663 inertia
2349 4607 2563 4679 lingua
2593 4612 2852 4679 occultat,
2884 4612 3094 4666 veritas
3121 4613 3358 4683 pictura
3389 4610 3627 4682 aperiat.

2622 4846 2838 4989 "I/hac
2866 4934 2951 5018 est
2977 4930 3152 5019 dupla

2827 5023 3054 5079 prioris.

2540 4956 2609 5157 /
2780 5090 2843 5143 14
2872 5086 3105 5141 diamet.

2827 5008 3054 5079 prioris.

2780 5090 2843 5143 14
2872 5086 3105 5141 diamet.

2540 4778 3363 5589 ὃ
3384 4950 3399 5617 ἱ

2827 5023 3054 5079 prioris.

2540 4956 2609 5157 /
2780 5090 2843 5143 14
2872 5086 3105 5141 diamet.
