4014 6200
242 250 262 300 1
280 251 298 300 1
1347 242 1741 300 ADELBOLDI
1780 242 2281 301 TRAJECTENSIS
2327 243 2635 300 EPISCOPI

308 379 446 433 Ecce
475 377 656 432 videri
701 380 891 447 potest
932 381 1214 448 quantum
1252 381 1382 448 post
1428 375 1763 430 recisionem
1807 391 1935 430 acu-
1970 377 2016 430 A

240 467 464 521 minum
514 467 582 520 de
626 466 772 520 cubo
813 465 1184 521 recidendum
1232 465 1305 518 sit
1347 464 1417 518 de
1447 463 1638 518 medio
1683 461 1930 534 [Teqern.

243 556 462 626 modio]
494 559 558 609 ut
585 571 729 626 pura
759 554 1068 624 globositas
1100 553 1339 623 sphaera:
1369 557 1682 606 remaneat.

312 646 450 699 Ecce
499 643 634 697 satis
687 643 901 698 dictum
935 659 1056 696 esse
1096 642 1321 696 videtur
1370 640 1662 711 quomodo
1715 655 1783 693 ex
1815 639 1935 694 dia-

245 737 428 786 metro
459 737 490 784 7
519 731 727 802 pedum
777 731 1089 806 crassitudo
1135 731 1373 800 sphaerae
1421 732 1762 783 concrescat.
1813 730 1936 782 Jam

245 836 397 874 nunc
440 819 612 873 aliam
661 824 995 886 statuamus,
1043 834 1172 888 quas
1221 833 1288 871 ex
1320 817 1486 888 [Petr.
1519 815 1574 888 a]
1613 816 1790 886 duplo
1821 815 1937 870 dia-

247 912 428 962 metro
479 907 798 977 proveniat.
849 906 934 960 Sit
983 907 1048 959 14
1106 905 1468 959 diametrum.
1523 905 1638 957 Hoc
1685 903 1936 957 cubico:

247 994 638 1068 quaterdecies
709 995 773 1048 14
829 993 1223 1064 quaterdecies
1278 993 1426 1047 ﬁunt
1479 993 1639 1046 2744.
1706 992 1805 1045 Hic
1855 995 1941 1044 est

247 1085 424 1138 cubus
483 1084 769 1153 sphaeram
816 1082 1182 1136 concludens.
1245 1081 1423 1151 Hujus
1494 1080 1542 1133 si
1602 1079 1940 1150 vigesimam

247 1171 495 1241 primam
527 1176 749 1242 partem
779 1186 1066 1240 accepero,
1099 1186 1226 1239 quae
1259 1175 1346 1223 est
1384 1171 1483 1223 130
1513 1173 1570 1222 et
1599 1169 1692 1234 SS,
1728 1173 1782 1221 et
1813 1183 1938 1221 eam

251 1259 436 1313 decies
466 1259 705 1326 duxero,
734 1259 964 1311 venient
994 1257 1136 1311 mihi
1173 1260 1306 1312 1306
1332 1262 1384 1310 et
1414 1257 1486 1312 SS
1511 1274 1524 1323 ;
1557 1261 1614 1310 et
1642 1255 1735 1310 hic
1761 1256 1940 1309 cubus

251 1347 416 1418 [Ρθεν.
467 1353 524 1401 et
554 1349 615 1400 in
655 1347 742 1401 his
790 1347 990 1416 cubus]
1041 1347 1326 1416 sphaeram
1377 1346 1612 1400 excedit.
1646 1345 1704 1399 Si
1748 1349 1938 1398 autem

249 1434 537 1503 undecies,
579 1435 728 1488 ﬁunt
780 1435 914 1488 1437
947 1437 1002 1487 et
1053 1433 1157 1500 SS;
1195 1437 1251 1487 et
1308 1434 1431 1487 haec
1483 1440 1566 1488 est
1620 1431 1936 1485 crassitudo

251 1524 512 1593 sphaerae.
549 1523 729 1586 Quam
761 1522 807 1575 si
836 1521 964 1592 quis
993 1521 1206 1575 eisdem
1237 1521 1553 1574 rationibus
1583 1520 1720 1573 velit
1752 1519 1938 1572 infor-

250 1627 408 1665 mare
462 1610 671 1681 quibus
717 1610 1075 1681 superiorem
1119 1607 1576 1676 informavimus,
1629 1606 1843 1660 scilicet
1875 1611 1940 1661 ut

3612 254 3749 305 1108

2724 479 2930 551 ξλτουὶυ
2941 497 2961 525 s
2998 479 3054 551 ᾗ

2522 731 2700 801 Hujus
2734 735 2926 787 autem
2960 734 3256 788 diameter.

2675 804 2735 855 l-i
2769 808 2853 855 est
2881 805 3116 873 pedum.

2563 888 2612 925 a.
2651 871 2707 926 b.
2742 874 2794 926 b.
2829 871 2968 928 c.'d.
2999 891 3049 928 e.
3085 873 3123 928 f.
3157 892 3213 944 g.

2595 981 2741 1031 Area
2777 979 2894 1031 154.

2581 1053 2847 1110 Soliditas
2868 1058 3006 1136 i437
3029 1064 3085 1112 et
3104 1059 3196 1114 ss.

2724 479 2961 551 c‘rCUlUs
2998 497 3054 551 ιλ

2422 725 2447 1194 Ξ
2522 731 2700 801 Hujus
2734 735 2926 787 autem
2960 734 3256 788 diameter.
3346 731 3370 1191 :

2675 804 2735 855 l-i
2769 808 2853 855 est
2881 805 3116 873 pedum.

2563 888 2612 925 a.
2651 871 2707 926 b.
2742 874 2794 926 b.
2829 889 2876 926 c.
2915 875 2968 928 d.
2999 891 3049 928 e.
3085 873 3123 928 f.
3157 892 3213 944 g.

2595 981 2741 1031 Area
2777 979 2894 1031 154.

2581 1053 2847 1110 Soliditas
2868 1058 3006 1136 1437
3029 1064 3085 1112 et
3104 1059 3196 1114 SS.

2119 1607 2408 1662 Diameter
2463 1610 2519 1660 et
2582 1607 2824 1661 circulus
2877 1608 3118 1678 sphmraa
3184 1609 3416 1678 majoris
3461 1611 3756 1670 diametro

250 1715 376 1753 eam
411 1699 479 1753 de
513 1699 658 1753 cubo
705 1698 766 1752 in
809 1699 1054 1752 formam
1092 1697 1293 1760 modii,
1346 1697 1414 1750 de
1465 1695 1642 1749 modii
1674 1696 1855 1749 forma
1881 1696 1942 1750 in
1980 1685 2022 1740 Β
2053 1700 2108 1750 et
2162 1696 2373 1750 circulo
2433 1695 2674 1749 minoris
2728 1696 2902 1766 dupla
2959 1697 3334 1766 proportione
3380 1699 3755 1770 junguntur;

251 1803 414 1840 suam
441 1785 841 1856 globositatem
868 1785 1004 1838 velit
1031 1785 1330 1851 deducere,
1353 1799 1469 1838 non
1495 1788 1719 1838 tantum
1749 1783 1937 1850 istam,

252 1873 350 1926 sed
381 1877 438 1925 et
465 1887 682 1936 omnes,
733 1871 803 1925 de
831 1887 1176 1942 quocunque
1219 1872 1497 1925 diametro
1537 1871 1938 1942 processerint,

252 1960 425 2014 simili
470 1960 640 2013 modo
669 1960 981 2013 rotundare
1011 1960 1237 2030 poterit.
1283 1961 1391 2014 Sed
1424 1965 1664 2030 uterque
1697 1959 1941 2014 circulus

253 2048 618 2118 depingatur,
653 2052 708 2102 et
739 2048 788 2100 is
830 2047 930 2118 qui
957 2053 1015 2117 7,
1062 2054 1120 2102 et
1149 2049 1194 2101 is
1222 2049 1320 2119 qui
1374 2051 1438 2102 14
1466 2049 1638 2102 habet
1676 2049 1850 2118 pedes
1882 2048 1942 2102 in

253 2137 556 2204 diametro,
605 2140 666 2189 ut
713 2151 985 2189 numerus
1033 2135 1239 2207 cuique
1274 2152 1391 2190 suae
1443 2136 1743 2190 soliditatis
1775 2136 1943 2190 ascri-

255 2229 383 2294 ptus
408 2223 760 2278 demonstret
805 2229 1087 2294 quantum
1135 2224 1325 2278 minor
1349 2241 1382 2278 a
1416 2225 1632 2295 majore
1667 2224 1941 2278 vincatur.

719 2799 911 2871 Hujus,
947 2800 1091 2854 sicut
1119 2801 1333 2855 dictum
1365 2806 1467 2869 est,

722 2878 1013 2933 Diameter
1043 2885 1074 2933 7
1108 2886 1194 2935 est
1222 2881 1456 2951 pedum.

883 3102 1028 3152 Arca
1053 3101 1119 3153 38
1149 3103 1209 3152 et
1231 3098 1287 3153 S.

777 3176 1044 3232 Soliditas
1075 3179 1175 3230 179
1210 3183 1267 3232 et
1297 3177 1394 3232 SS.

563 2490 570 2582 ξ
945 2547 1182 2612 circulus
1210 2571 1273 2626 22

554 2585 567 3020 Ι
719 2799 911 2871 Hujus,
947 2800 1091 2854 sicut
1119 2801 1333 2855 dictum
1365 2806 1467 2869 est,

722 2878 1013 2933 Diameter
1043 2885 1074 2933 7
1108 2886 1194 2935 est
1222 2881 1456 2951 pedum.
1611 2928 1620 2936 .

883 3102 1028 3152 Arca
1053 3101 1119 3153 38
1149 3103 1209 3152 et
1231 3098 1287 3153 S.

612 2818 634 3242 Ξ
777 3176 1044 3232 Soliditas
1075 3179 1175 3230 179
1210 3183 1267 3232 et
1297 3177 1394 3232 SS.
1549 2814 1572 3249 Ξ

2052 1801 2185 1839 area
2212 1799 2346 1838 vero
2394 1799 2543 1836 areae
2593 1783 2953 1853 quadrupla;
3003 1784 3320 1840 crassitudo
3368 1793 3562 1842 autem
3594 1807 3759 1844 cras-

2051 1872 2288 1926 situdini
2337 1871 2604 1940 octupla:
2660 1871 2746 1924 bis
2803 1871 2958 1925 enim
2987 1876 3017 1924 7
3061 1877 3118 1925 et
3165 1873 3254 1926 bis
3313 1877 3402 1939 22,
3460 1879 3620 1947 quod
3669 1885 3758 1932 est

2052 1961 2332 2015 diameter
2386 1963 2442 2013 et
2469 1959 2714 2012 circulus
2759 1959 3015 2027 minoris,
3069 1960 3218 2014 ﬁunt
3275 1963 3356 2015 14.
3411 1963 3479 2017 Et
3531 1967 3618 2031 14,
3655 1969 3756 2038 qui

2054 2055 2139 2103 est
2172 2049 2452 2102 diameter
2494 2053 2551 2100 et
2579 2047 2821 2101 circulus
2869 2049 3121 2117 majoris,
3156 2057 3212 2103 et
3258 2057 3461 2119 quater
3490 2057 3560 2108 38
3601 2062 3661 2108 et
3693 2056 3751 2109 S.

2055 2138 2208 2209 quod
2238 2141 2324 2191 est
2351 2152 2482 2189 area
2524 2136 2786 2201 minoris,
2820 2135 2966 2189 ﬁunt
2998 2138 3117 2202 154,
3157 2138 3313 2208 quod
3345 2145 3430 2192 est
3460 2157 3593 2195 area
3631 2160 3754 2197 ma-

2047 2226 2231 2298 joris;
2268 2230 2324 2279 et
2360 2225 2532 2279 octies
2566 2227 2666 2278 189
2698 2229 2754 2278 et
2782 2224 2856 2278 SS
2900 2225 3053 2294 quod
3085 2230 3168 2278 est
3195 2226 3451 2280 soliditas
3482 2230 3752 2300 minoris,

2053 2313 2303 2368 reddunt
2332 2314 2464 2366 1347
2495 2316 2551 2364 et
2579 2311 2670 2372 SS.
2699 2311 2850 2382 quod
2881 2316 2965 2364 est
2985 2311 3242 2366 soliditas
3274 2315 3530 2383 majoris.

2822 2398 2849 2468 ς
2889 2400 2977 2452 νῐ.

2124 2488 2245 2542 Jam
2278 2502 2431 2541 nunc
2460 2487 2690 2557 quidem
2739 2487 2884 2540 nihil
2914 2487 3235 2542 dubitarem
3284 2490 3424 2560 quin
3456 2490 3579 2545 haec
3606 2499 3759 2548 esset

2054 2575 2199 2630 ratio
2248 2575 2584 2646 sphaericam
2638 2575 3076 2629 crassitudinem
3124 2577 3478 2646 inveniendi,
3530 2581 3578 2634 si
3608 2598 3757 2650 pro-

2055 2665 2248 2733 prium
2294 2667 2440 2717 esset
2485 2663 2780 2732 sphaericae
2831 2668 3055 2717 tantum
3103 2665 3518 2732 crassitudinis,
3572 2674 3661 2734 ut,
3707 2670 3755 2723 si

2054 2751 2357 2821 duplicitas
2388 2751 2448 2804 in
2498 2751 2776 2804 diametro
2820 2757 3123 2818 constaret,
3177 2753 3532 2822 octuplicitas
3573 2754 3634 2808 in
3671 2772 3754 2809 so-

2056 2839 2275 2893 liditate
2324 2839 2691 2908 reperiretur.
2743 2839 2848 2892 Sed
2902 2839 3048 2892 hanc
3096 2840 3357 2894 eamdem
3414 2857 3649 2896 causam
3699 2849 3756 2897 et

2056 2930 2340 2982 rationem
2374 2927 2434 2980 in
2485 2926 2754 2980 omnibus
2787 2926 2946 2980 cubis
2978 2927 3227 2981 invenio.
3279 2929 3336 2983 Si
3365 2929 3520 2982 enim
3565 2946 3631 2984 ex
3664 2931 3753 2984 bi-

2051 3016 2211 3070 nario
2264 3030 2443 3068 unum
2475 3015 2661 3068 fecero
2714 3014 2945 3081 cubum,
2998 3019 3055 3068 et
3079 3017 3448 3086 quaternario
3477 3017 3749 3083 alterum,

2051 3103 2185 3174 quia
2241 3102 2642 3173 quaternarius
2693 3104 2900 3172 duplus
2930 3109 3015 3156 est
3059 3103 3335 3170 binarius,
3396 3105 3575 3159 cubus
3605 3122 3747 3176 qua-

2050 3191 2303 3245 ternario
2351 3189 2612 3260 octuplus
2659 3190 2770 3244 erit
2801 3191 2945 3244 cubo
2976 3190 3205 3258 binarii,
3255 3192 3426 3245 etiam
3468 3209 3619 3246 areae.
3660 3194 3748 3248 bi-

2051 3279 2197 3332 narii
2221 3263 2539 3348 quadrupla
2569 3278 2675 3331 erit
2704 3294 2834 3332 area
2864 3278 3216 3349 quaternarii
3251 3295 3265 3330 :
3295 3284 3352 3332 et
3376 3295 3490 3333 non
3522 3285 3749 3334 tantum

2051 3364 2113 3419 in
2144 3365 2320 3433 cubis,
2385 3365 2485 3419 sed
2533 3365 2706 3419 etiam
2757 3365 3050 3419 invenitur
3114 3365 3268 3420 idem
3333 3367 3394 3421 in
3438 3375 3750 3438 puteorum

2050 3453 2558 3524 profunditatibus.
2603 3455 2668 3506 In
2697 3453 2786 3507 his
2835 3453 3126 3521 omnibus,
3175 3455 3222 3508 si
3253 3471 3406 3523 erro,
3451 3472 3548 3510 oro
3582 3463 3647 3510 ut
3679 3457 3753 3510 ad

2054 3545 2202 3598 viam
2251 3543 2504 3597 veritatis
2545 3543 2803 3598 reducar.
2840 3543 2899 3599 Si
2929 3543 3080 3598 viam
3127 3551 3323 3609 teneo,
3371 3545 3757 3599 nihilominus

2051 3635 2183 3702 peto
2235 3637 2297 3686 ut
2349 3631 2440 3684 via
2479 3647 2605 3701 quae
2639 3647 2728 3686 me
2770 3632 3125 3686 dubitantem
3180 3637 3335 3686 tenet
3381 3632 3441 3686 in
3471 3633 3754 3698 tenebris,

2052 3715 2224 3769 vestri
2253 3731 2515 3770 assensus
2544 3715 2883 3770 auctoritate
2913 3715 3196 3771 illustrata
3227 3717 3494 3771 relucent.

1557 4013 2461 4120 ADELBOLDI

1789 4216 2213 4290 CHARTA

758 4385 846 4439 DE
886 4385 1115 4440 VASSIS
1152 4386 1301 4440 SIVE
1341 4386 1500 4440 FIDE
1535 4386 1858 4442 ADDICTIS
1896 4387 2239 4442 ΕΟΕΙιΕΞΙίΕ
2278 4389 2361 4442 ET
2401 4388 2734 4446 EPISCOPO
2775 4391 3250 4446 TRAJECTENSI.

1435 4541 1636 4612 (Heda,
1667 4543 1967 4598 Chronicon
2002 4545 2306 4614 Ultraject.,
2337 4561 2393 4615 p.
2424 4547 2572 4615 282.)

1785 4709 2217 4720 ———_——_—

321 4854 386 4908 In
417 4851 650 4907 nomine
681 4851 781 4907 Dei
811 4867 1002 4907 amen.
1044 4853 1242 4922 Operae
1271 4851 1522 4922 pretium
1555 4850 1690 4905 duxi
1717 4867 1782 4905 ea
1813 4867 1943 4922 quae
1983 4851 2022 4908 C
2055 4853 2542 4923 praedecessorum
2579 4870 2840 4910 meorum
2872 4854 3275 4926 episcoporum
3299 4857 3752 4927 Trajectensium

249 4947 570 5014 sequuntur
602 4942 827 5012 scriptis
856 4942 1129 5008 inserere,
1177 4957 1248 4994 ne
1275 4941 1520 5012 posteris
1558 4943 1761 4996 lateret
1788 4942 1942 5012 quod

249 5046 508 5102 praesens
561 5035 699 5084 aetas
732 5029 959 5083 faceret.
1017 5025 1378 5098 Quapropter
1434 5029 1696 5085 desidero
1741 5035 1942 5084 notum

250 5134 372 5172 esse
402 5118 618 5172 cunctis
664 5123 872 5172 sanctae
907 5117 1006 5171 Dei
1039 5117 1298 5171 Ecclesiae
1328 5117 1608 5180 ﬁdelibus,
1653 5123 1770 5172 tam
1801 5133 1944 5188 pra:-

249 5205 505 5260 sentibus
553 5222 728 5276 quam
786 5205 1014 5272 futuris,
1047 5205 1203 5276 quod
1252 5221 1357 5275 ego
1413 5205 1781 5274 Adelboldus,
1839 5206 1941 5259 Dei

249 5293 612 5348 solummodo
682 5294 886 5364 gratia,
963 5299 1172 5346 sanctae
1234 5292 1611 5363 Trajectensis
1677 5291 1936 5346 Ecclesiae

2052 4942 2196 4997 mihi
2228 4943 2445 4997 litteras
2476 4943 2870 5010 ostenderunt,
2921 4943 3280 4997 continentes
3307 4959 3437 5013 qua:
3470 4948 3528 4996 et
3555 4944 3754 5014 qualia

2050 5028 2204 5082 bona
2251 5016 2382 5099 ipsi.
2409 5033 2464 5082 et
2510 5045 2709 5083 eorum
2760 5029 3156 5100 progenitores
3201 5029 3272 5083 ab
3326 5031 3570 5084 Ecclesia
3611 5031 3749 5084 Tra-

2046 5116 2286 5186 jectensi
2323 5119 2667 5183 tenuerunt;
2719 5117 2928 5188 quibus
2960 5117 3115 5182 visis,
3149 5117 3210 5170 in
3254 5117 3479 5188 scriptis
3504 5117 3616 5172 feci
3664 5133 3752 5172 re-

2049 5204 2168 5275 digi
2199 5220 2329 5275 qua:
2359 5209 2696 5274 sequuntur.

2122 5293 2241 5345 Dux
2294 5291 2615 5346 Brabantiaa
2672 5297 2759 5346 est
2806 5290 2950 5344 liber
2997 5290 3242 5345 feudalis
3290 5290 3555 5346 Ecclesiae
3607 5292 3749 5346 Tra-

246 5381 456 5454 praasul
489 5381 779 5452 indignus,
836 5398 965 5438 cum
1016 5381 1272 5437 feudales
1320 5381 1491 5436 liberi
1544 5387 1753 5435 sancta:
1800 5383 1938 5436 Tra-
2039 5379 2331 5450 jectensis,
2367 5385 2424 5434 et
2455 5384 2609 5434 tenet
2648 5379 2710 5433 in
2751 5379 2986 5433 feudum
3029 5377 3322 5433 civitatem
3351 5379 3640 5450 lapideam
3686 5379 3748 5433 in

240 5470 512 5541 jectensis
560 5469 817 5526 Ecclesiae
850 5487 882 5525 a
913 5485 1005 5526 me
1054 5471 1287 5525 feudum
1337 5485 1504 5525 suum
1553 5468 1934 5542 requirerent,

2046 5468 2219 5537 Tiele,
2255 5483 2386 5523 cum
2415 5467 2670 5538 praediis,
2705 5468 2956 5534 familiis,
2991 5467 3316 5539 mancipiis,
3351 5469 3530 5536 silvis,
3555 5469 3743 5539 aquis,
