4010 6194
272 205 413 255 H09

1889 198 2169 256 MUSICA.

3654 210 3787 258 illi)

262 332 699 403 piscationibus,
734 332 979 402 pascuis,
1008 332 1206 402 pratis,
1242 337 1297 386 et
1325 331 1587 387 salictum
1610 333 1773 402 juxta
1833 348 1975 401 prm-
2013 340 2058 388 A
2086 332 2340 402 justitiis,
2401 335 2481 384 est
2538 336 2591 384 et
2636 336 2872 385 vocatur
2934 333 3282 387 camerarius
3342 334 3599 405 episcopi
3649 336 3781 389 Tra-

262 421 479 475 dictam
511 420 803 473 civitatem
841 420 993 474 Tiele
1044 419 1239 488 situm,
1274 426 1330 475 et
1369 421 1634 475 omnibus
1666 421 1735 473 ad
1768 420 1965 473 civita-

258 515 379 564 tem
412 508 842 580 pertinentibus
868 508 1154 562 eamdem.

333 600 477 651 Item
508 602 689 650 totam
736 597 1101 666 Campiniam
1156 612 1337 667 usque
1386 594 1961 660 Tournoutervoerde,

256 702 390 738 cum
422 684 750 754 mancipiis,
788 684 964 750 silvis,
1021 684 1256 753 campis,
1293 683 1659 752 officiumque
1711 683 1835 751 ejus
1881 687 1964 735 est

257 774 418 844 quod
440 778 679 825 vocatur
716 777 771 826 et
795 778 879 825 est
910 771 1135 842 dapifer
1162 771 1413 842 episcopi
1443 771 1829 840 Trajectensis.

332 863 473 915 Item
521 877 715 913 comes
753 860 1075 929 Gelriaelest
1108 859 1279 913 etiam
1310 860 1455 913 liber
1505 859 1746 911 feudalis
1776 859 1961 911 Eccle-

254 949 357 1001 siae
414 948 810 1017 Trajectensis,
873 954 928 1001 et
982 952 1141 1001 tenet
1213 948 1271 1000 in
1341 948 1568 1001 feudum
1625 946 1959 1000 comitatum

257 1036 617 1106 Zutphanim,
665 1052 793 1089 cum
845 1036 1045 1089 multis
1098 1036 1352 1105 prtediis,
1404 1035 1721 1103 mancipiis,
1765 1035 1958 1103 pratis,

252 1125 430 1189 silvis,
469 1124 637 1194 aquis
670 1140 1019 1194 aquarumve
1052 1123 1387 1177 decursibus
1420 1128 1476 1175 et
1501 1122 1756 1192 justitiis.
1817 1123 1959 1175 Item

252 1212 590 1265 Embricum
646 1227 777 1264 cum
824 1211 941 1264 suis
997 1211 1321 1264 attinentiis
1374 1228 1478 1280 pro
1533 1217 1692 1281 parte
1744 1212 1954 1276 media,

250 1306 310 1355 et
369 1299 483 1352 alia
542 1314 675 1367 pars
741 1303 826 1351 est
905 1298 1161 1368 episcopi
1216 1299 1607 1368 Trajectensis.
1680 1301 1819 1352 Item
1896 1299 1956 1353 in

248 1404 400 1458 pago
436 1389 619 1440 Batua
645 1401 914 1455 magnam
946 1391 1192 1455 partem,
1225 1402 1355 1438 cum
1386 1387 1687 1456 mancipiis
1740 1386 1955 1440 utrius-

249 1493 364 1547 que
412 1490 580 1528 sexus
628 1478 684 1526 et
749 1473 1003 1541 justitiis.
1078 1475 1219 1526 Item
1288 1474 1612 1528 'I‘ielrewert
1670 1480 1725 1527 et
1778 1476 1955 1528 Bom-

246 1565 516 1629 brewert,
600 1577 732 1614 cum
801 1560 998 1614 multis
1068 1560 1391 1629 mancipiis,
1462 1562 1695 1627 mansis,
1764 1563 1947 1627 terris,

2078 420 2364 474 iectensis.

2105 438 2364 474 ecrensxs.

2067 438 2089 490 J
2151 510 2291 562 Item
2324 522 2514 559 comes
2544 506 2613 559 de
2647 508 2921 560 Benthem
2976 514 3061 562 est
3116 509 3262 563 liber
3292 509 3534 563 feudalis
3587 512 3777 563 Eccle-

2078 596 2196 661 siae,
2231 600 2286 647 et
2312 596 2466 647 tenet
2507 594 2567 646 in
2616 595 2849 647 feudum
2904 596 3412 665 Burchgraviatum
3468 599 3584 651 sive
3636 614 3777 667 prec-

2075 686 2350 739 fecturam
2382 683 2801 750 Trajectensem
2845 699 2972 736 cum
3006 685 3267 752 plurimis
3302 685 3531 748 mansis,
3584 683 3770 745 terris,

2075 773 2297 837 insulis,
2345 772 2580 840 campis,
2644 772 2963 841 mancipiis,
3025 774 3201 838 silvis,
3270 775 3465 842 pratis,
3523 774 3771 842 pascuis,

2073 860 2237 931 aquis
2268 874 2622 928 aquarumve
2654 860 3005 924 decursibus,
3042 864 3096 912 et
3136 860 3374 929 justitia,
3418 862 3477 914 in
3507 861 3777 929 pluribus

2072 949 2212 1002 locis
2242 946 2484 1000 civitatis
2535 952 2591 999 et
2638 948 2896 1001 dioecesis
2944 949 3337 1017 Trajectensis,
3387 949 3484 1017 qui
3537 954 3782 1001 vocatur

2072 1044 2127 1090 et
2158 1039 2244 1089 est
2276 1035 2493 1105 janitor
2522 1035 2775 1105 episcopi
2805 1036 3199 1105 Trajectensis.

2144 1126 2286 1178 Item
2320 1124 2586 1177 dominus
2618 1124 2685 1176 de
2719 1124 2873 1177 Cuke
2905 1128 2990 1176 est
3021 1124 3164 1176 liber
3206 1122 3449 1176 feudalis
3483 1123 3797 1190 Ecclesiae,

2072 1218 2127 1265 et
2158 1217 2313 1265 tenet
2358 1211 2419 1263 in
2454 1212 2686 1265 feudum
2730 1213 2935 1264 multas
2991 1217 3190 1275 terras,
3238 1210 3473 1275 insulas,
3517 1215 3575 1262 et
3622 1212 3805 1270 deci-

2070 1317 2211 1367 mas,
2245 1316 2375 1353 cum
2407 1301 2567 1366 casis,
2612 1300 2897 1365 domibus,
2958 1304 3014 1352 et
3061 1299 3237 1361 silvis,
3291 1298 3528 1367 campis,
3590 1308 3811 1367 pratis

2068 1394 2123 1441 et
2152 1388 2396 1458 pascuis,
2431 1389 2594 1457 aquis
2636 1404 2985 1458 aquarumve
3038 1386 3390 1447 decursibus,
3442 1392 3496 1438 et
3544 1387 3797 1455 justitia

2066 1476 2127 1528 in
2158 1476 2393 1528 diversis
2440 1476 2578 1528 locis
2627 1476 2881 1529 dioecesis
2930 1474 3323 1543 Trajectensis,
3376 1473 3475 1543 qui
3532 1483 3789 1536 vocatur

2068 1568 2121 1616 et
2149 1567 2233 1615 est
2262 1562 2539 1631 pincerna
2570 1563 2821 1633 episcopi
2851 1561 3243 1631 Trajectensis.

246 1651 415 1718 casis,
487 1648 777 1716 domibus,
844 1648 1079 1718 campis,
1167 1648 1365 1717 pratis,
1424 1650 1608 1719 aquis,
1667 1667 1949 1721 aquarum
1991 1671 2031 1724 Β
2136 1649 2280 1701 Item
2312 1648 2579 1702 dominus
2609 1649 2679 1701 de
2706 1649 2893 1703 Ghoer
2924 1653 3007 1701 est
3051 1647 3197 1700 liber
3224 1645 3464 1699 feudalis
3508 1647 3770 1702 Ecclesiae

244 1737 606 1801 decursibus,
634 1740 684 1789 et
712 1735 935 1805 justitia
963 1756 977 1801 ;
1009 1740 1064 1789 et
1111 1735 1243 1789 dicti
1288 1736 1511 1789 comitis
1568 1737 1818 1791 officium
1871 1742 1956 1791 est

243 1827 403 1899 quod
436 1830 675 1878 vocatur
706 1828 763 1876 et
789 1829 874 1877 est
903 1828 1139 1876 venator
1165 1823 1416 1893 episcopi
1446 1824 1839 1893 Trajectensis.

322 1916 466 1968 Item
499 1928 690 1966 comes
748 1912 1060 1965 Hollandias
1081 1915 1165 1963 est
1218 1912 1363 1965 liber
1410 1911 1654 1965 feudalis
1700 1913 1954 1983 episcopi

246 1999 648 2072 Trajectensis,
680 2004 730 2052 et
762 2003 919 2053 tenet
944 2000 1005 2052 in
1056 1998 1291 2052 feudum
1333 2000 1669 2054 comitatum
1727 2002 1955 2055 [Iollan-

244 2092 377 2155 diae,
414 2094 469 2143 et
498 2093 712 2142 terram
740 2086 1116 2153 Kenemariaa,
1144 2103 1272 2140 cum
1297 2089 1485 2155 terris,
1512 2091 1747 2155 mansis,
1776 2090 1950 2155 silvis,

244 2178 490 2248 campis,
528 2174 726 2246 pratis,
761 2176 1004 2244 pascuis,
1062 2174 1380 2245 mancipiis,
1430 2177 1617 2247 aquis,
1669 2194 1951 2248 aquarum

244 2266 605 2329 decursibus,
662 2266 717 2316 et
752 2264 991 2332 justitia,
1041 2264 1288 2332 exceptis
1338 2264 1617 2318 dictarum
1667 2272 1951 2320 terrarum

246 2353 508 2417 decimis,
541 2354 599 2404 et
652 2356 803 2404 terra
825 2351 1220 2405 Waterlandiaa
1254 2356 1308 2405 et
1354 2353 1758 2421 West-Frisia,
1820 2371 1949 2424 quae

245 2442 504 2495 totaliter
534 2437 782 2507 pertinet
831 2439 898 2492 ad
945 2439 1275 2507 episcopum
1333 2445 1387 2493 et
1437 2442 1749 2495 Ecclesiam
1806 2444 1947 2495 Tra-

236 2530 582 2599 jectensem,
615 2530 670 2577 et
700 2524 880 2578 dictus
907 2541 1097 2578 comes
1128 2526 1445 2579 Hollandia:
1484 2534 1717 2582 vocatur
1766 2536 1823 2583 et
1863 2537 1949 2583 est

242 2612 666 2669 mareschalcus
698 2610 949 2679 episcopi
977 2611 1371 2679 Trajectensis.

318 2704 464 2755 Item
507 2713 702 2751 comes
752 2697 1021 2750 Clivensis
1075 2702 1157 2751 est
1206 2698 1349 2750 liber
1398 2700 1637 2754 feudalis
1682 2703 1946 2757 Ecclesiae

244 2782 675 2860 [Trajectensis]
711 2788 765 2836 et
792 2788 947 2837 tenet
996 2784 1055 2837 in
1085 2784 1322 2839 feudum
1365 2787 1425 2839 in
1466 2805 1613 2857 pago
1674 2792 1853 2844 Batua
1885 2792 1945 2844 in

242 2872 534 2945 superiori
566 2875 729 2940 parte
761 2886 933 2939 supra
956 2872 1218 2925 Rhenum
1251 2888 1517 2942 magnam
1574 2882 1795 2945 partem
1828 2884 1942 2931 ter-

2062 1737 2459 1806 Trajectensis,
2494 1742 2550 1791 et
2582 1741 2737 1790 tenet
2797 1740 2855 1790 in
2912 1736 3149 1789 feudum
3179 1740 3430 1787 castrum
3459 1735 3667 1802 Goher,
3711 1746 3767 1789 et

2062 1829 2275 1878 terram
2291 1825 2501 1879 dictam
2515 1825 2771 1890 Ameide,
2788 1840 2918 1878 cum
2934 1823 3128 1877 multis
3142 1822 3327 1889 terris,
3344 1824 3579 1890 mansis,
3596 1823 3760 1888 casis,

2063 1912 2347 1979 domibus,
2387 1912 2562 1977 silvis,
2623 1913 2859 1982 campis,
2900 1910 3225 1981 mancipiis,
3273 1911 3470 1981 pratis,
3514 1909 3759 1980 pascuis,

2061 2002 2245 2071 aquis,
2270 2017 2547 2071 aquarum
2569 2000 2925 2067 decursibus,
2952 1998 3260 2052 mobilibus
3274 2003 3327 2051 et
3349 1998 3760 2064 immobilibus,

2060 2093 2116 2143 et
2147 2089 2416 2142 omnibus
2473 2089 2546 2141 ad
2576 2089 2758 2142 dictos
2813 2087 3101 2141 districtus
3133 2087 3201 2139 de
3234 2086 3424 2140 Goher
3475 2090 3531 2139 et
3570 2085 3760 2155 Meyde

2057 2177 2500 2246 pertinentibus,
2545 2178 2646 2248 qui
2698 2181 2936 2230 vocatur
2984 2179 3040 2228 et
3085 2181 3171 2228 est
3222 2173 3459 2245 signifer
3507 2172 3761 2244 episc0pi

2056 2265 2179 2335 Traj
2191 2266 2452 2318 ectensis.

2128 2354 2537 2407 Praenominati
2564 2370 2764 2408 omnes
2795 2353 3047 2407 feudales
3080 2351 3338 2406 Ecclesiae
3390 2351 3453 2404 in
3504 2348 3759 2419 generali

2056 2441 2273 2511 synodo
2338 2441 2593 2511 episcopi
2671 2441 3042 2511 Trajectensis
3089 2444 3380 2505 tenentur,
3440 2443 3497 2493 et
3550 2439 3762 2492 debent

2054 2530 2435 2598 personaliter
2465 2531 2762 2596 interesse,
2798 2530 2896 2600 qui
2927 2530 3162 2583 feudum
3194 2544 3363 2581 suum
3394 2545 3426 2581 a
3482 2545 3571 2580 me
3608 2542 3758 2579 rece-

2054 2622 2264 2687 perunt
2299 2618 2359 2670 in
2391 2619 2749 2688 homagium,
2784 2635 2849 2671 ac
2875 2618 3205 2671 fidelitatem
3240 2616 3629 2685 praestiterunt
3660 2630 3749 2666 co-

2056 2722 2179 2757 ram
2215 2706 2450 2759 domino
2487 2707 2727 2759 Henrico
2775 2708 2820 2760 II
2864 2708 3023 2760 Rom.
3070 2704 3434 2775 imperatoris
3480 2700 3751 2755 invictiss.

2054 2797 2331 2864 Augusto,
2368 2795 2746 2864 praesentibus
2771 2796 3019 2849 Aribone
3067 2793 3495 2863 archiepiscopo
3550 2795 3605 2843 et
3664 2804 3753 2842 ar-

2054 2881 2461 2951 chicapellano,
2495 2887 2737 2936 Annone
2765 2882 3112 2948 Coloniensi,
3178 2880 3503 2935 Everhardo
3550 2880 3751 2932 Treve-

245 2979 443 3017 rarum
472 2966 529 3013 et
561 2974 917 3023 mansorum,
954 2974 1083 3011 cum
1133 2959 1294 3027 casis,
1331 2960 1616 3030 domibus,
1647 2965 1945 3033 mancipiis
1986 2940 2025 2993 Ο
2055 2967 2227 3031 rensi,
2299 2969 2605 3021 Adelberto
2686 2969 3220 3039 Hammelburgensi
3287 2964 3748 3036 archiepiscopis,

244 3050 483 3120 campis,
518 3046 716 3118 pratis,
744 3046 999 3115 pascuis;
1053 3051 1108 3100 et
1154 3064 1216 3100 ex
1270 3048 1380 3101 alio
1428 3049 1603 3103 latere
1657 3051 1859 3115 Rheni,
1892 3056 1947 3104 et

244 3139 306 3192 in
334 3137 457 3191 aliis
490 3134 837 3205 quibusdam
864 3134 1021 3199 locis,
1054 3140 1253 3198 terras,
1288 3152 1540 3198 mansos,
1600 3154 1775 3203 casas,
1835 3139 1943 3191 do-

243 3242 390 3292 mos,
429 3224 616 3290 silvas,
665 3238 917 3292 campos.
968 3225 1112 3277 Item
1162 3223 1561 3277 Woudrichem
1606 3240 1735 3277 cum
1791 3225 1943 3295 agris

246 3319 305 3369 et
362 3312 598 3382 campis,
643 3326 773 3365 cum
827 3311 1008 3381 aquis,
1064 3326 1417 3381 aquarumve
1475 3312 1827 3376 decursibus,
1887 3318 1944 3366 et

2058 3054 2316 3108 Udalrico
2352 3056 2472 3109 vice
2504 3059 2841 3112 cancellario
2876 3064 2930 3111 et
2979 3058 3237 3129 pluribus
3282 3056 3408 3109 aliis
3450 3053 3748 3125 episcopis,

2055 3142 2357 3196 comitibus
2388 3149 2443 3196 et
2475 3146 2639 3215 regni
2669 3146 2958 3201 fidelibus.

2123 3232 2327 3283 Actum
2355 3230 2413 3283 in
2438 3232 2706 3302 Tulpiaco
2764 3239 2968 3301 castro,
3022 3250 3172 3288 anno
3205 3233 3436 3287 Domini
3488 3234 3641 3297 1021,
3696 3246 3747 3282 1v

2053 3315 2197 3369 Non.
2221 3318 2478 3371 Januarii
2506 3319 2765 3375 feliciter.
2795 3325 2998 3376 Amen.

1027 3523 2143 3647 ADELBOLDI
2252 3528 2966 3652 MUSICA

243 3707 333 3774 (D.
379 3702 653 3758 Martinus
699 3702 1019 3769 Gerbertus,
1059 3706 1359 3773 Scriptores
1408 3709 1758 3762 ecclesiastici
1814 3709 1880 3762 de
1925 3712 2151 3774 musica,
2201 3711 2245 3777 Ι,
2296 3712 2419 3777 303,
2481 3727 2546 3765 ex
2589 3712 2713 3766 cod.
2763 3714 3173 3784 Tegernseensi
3226 3735 3352 3773 saec.
3384 3734 3439 3772 χι
3488 3718 3577 3771 vel
3617 3722 3740 3785 xu).

1754 3919 2227 3985 MONITUM.

315 4032 583 4110 Codicem
624 4032 1113 4110 Tegernseeusem
1149 4047 1275 4110 saec.
1321 4048 1371 4085 x1
1409 4035 1508 4110 ve1_
1537 4051 1634 4096 xu,
1678 4052 1892 4110 exquo
1932 4041 2095 4095 Bern.
2141 4042 2340 4097 Pezius
2383 4044 2565 4098 edidit
2604 4046 2903 4100 Adelboldi
2941 4048 3201 4105 libellum
3242 4053 3320 4105 De
3366 4053 3740 4110 crassitudine

243 4120 345 4179 seu
376 4104 597 4179 circulo
642 4103 900 4179 sphaerae,
945 4101 1285 4179 inscriptum
1325 4104 1513 4179 reperi
1553 4101 1854 4179 recentiori
1909 4112 2141 4179 quidem
2192 4130 2365 4167 manu
2404 4116 2614 4169 Musica
2673 4101 3457 4177 Adelboldinad—Sz—‘ldesvtru—ni

3510 4141 3735 4193 Papam,

243 4175 343 4245 qui
376 4175 572 4255 Romus
603 4173 758 4251 sedit.
778 4172 847 4224 ab
882 4188 975 4251 an.
1012 4174 1114 4225 999
1145 4188 1325 4294 usque
1364 4176 1515 4250 1009.
1553 4175 1805 4244 Nemque
1838 4172 2069 4259 Dofnino
2095 4184 2350 4238 Silvestro
2376 4200 2580 4240 summa
2602 4192 2653 4240 et
2683 4191 2929 4255 pontiﬁci
2966 4196 3016 4242 et
3040 4172 3737 4261 phiids'bpiib"Xd&ESinls’

243 4246 590 4294 scholasticus
630 4242 855 4294 dedicat
898 4257 1090 4294 ipsum
1120 4241 1212 4293 lau
1260 4247 1414 4294 atum
1453 4242 1730 4294 libellum.
1774 4262 1874 4294 cur
1910 4264 2024 4294 non
2056 4259 2380 4294 Intm‘rnntn
2417 4258 2561 4294 αίνιη
2614 4274 2745 4294 πων
2785 4274 2846 4294 ος.
2891 4259 3213 4294 ani-ninnium
3275 4280 3400 4294 mm.
3448 4281 3595 4294 ......,.
3634 4283 3734 4294 ,πη

242 4241 590 4300 scholasticus
630 4242 855 4296 dedicat
898 4242 1090 4310 ipsum
1120 4241 1212 4293 lau

1453 4242 1731 4333 lib-alitur},
1774 4262 1874 4298 cur
1910 4264 2026 4302 non
2056 4250 2380 4333 interrupto
2416 4258 2561 4325 stylo
2614 4242 2749 4311 mox
2785 4242 2850 4311 ea
2890 4242 3737 4333 subdﬁhiiiéfqiiaeiﬁh'é'58;

244 4315 347 4369 sub
380 4316 503 4384 ejus
533 4313 768 4367 nomine
801 4312 1023 4366 edimus
1056 4312 1125 4365 ad
1158 4317 1415 4365 nostrum
1446 4314 1761 4381 spectantia
1791 4324 2217 4385 argumentum.

663 4434 1210 4499 QUEMADMODUM
1250 4433 1772 4487 INDUBITANTER
1810 4434 2079 4489 MUSIC/E
2121 4437 2623 4498 CONSONANTIE
2658 4449 2977 4506 JUDICARI
3016 4451 3323 4507 POSSlNT.

314 4545 384 4597 Ut
440 4558 572 4596 vero
620 4542 1012 4595 indubitanter
1050 4538 1555 4593 consonantiarum
1602 4538 1746 4591 ratio
1778 4538 1936 4592 colli-
1978 4542 2018 4595 Ι)
2049 4548 2346 4598 curvatura
2377 4546 2445 4599 ad
2477 4547 2534 4600 id
2566 4552 2719 4618 quod
2757 4560 2841 4608 est
2893 4557 2931 4609 Β
2963 4558 3192 4611 diducta
3232 4558 3385 4612 linea
3414 4564 3596 4613 rectos
3627 4559 3733 4613 cir-

242 4637 429 4702 gatur,
465 4630 566 4683 tali
591 4628 925 4684 brevissimo
954 4644 1017 4682 ac
1039 4626 1287 4696 simplici
1308 4625 1455 4679 efﬁci
1488 4625 1703 4696 poterit
1727 4625 1938 4679 instru-

240 4723 451 4773 mento.
487 4718 571 4771 Sit
600 4718 800 4787 regula
829 4716 1135 4785 diligenter
1163 4719 1411 4769 extensa.

464 4929 504 4982 E
1719 4928 1747 4980 F

308 5014 1881 5102 Amj:kh::han

462 5132 501 5185 Β
1721 5131 1760 5184 C

312 5340 412 5393 Cui
462 5339 575 5392 duo
627 5336 1037 5407 semisphaaria,
1081 5351 1223 5405 quas
1275 5338 1541 5405 magadas
1591 5339 1767 5393 Graeci
1832 5357 1926 5392 vo-

238 5435 388 5495 cant,
422 5429 657 5497 insuper
687 5432 1071 5498 apponantur,
1113 5424 1190 5478 ita
1238 5430 1300 5478 ut
1359 5425 1428 5478 ab
1461 5441 1528 5479 ea
1557 5443 1685 5497 quae
1736 5429 1775 5480 E
1825 5432 1929 5495 est,

2048 4646 2177 4683 cum
2209 4648 2266 4686 se
2289 4636 2528 4704 angulos
2576 4637 2802 4694 efficiat.
2855 4644 2995 4698 Item
3024 4647 3094 4698 ab
3129 4664 3195 4701 ea
3225 4664 3353 4718 quae
3396 4656 3481 4703 est
3515 4651 3552 4703 F
3607 4666 3734 4702 cur-

2047 4727 2247 4775 vatura
2276 4725 2344 4777 ad
2378 4724 2433 4776 id
2484 4725 2637 4794 quod
2665 4733 2750 4779 est
2780 4730 2837 4782 C.
2874 4743 3146 4799 punctum
3195 4737 3425 4791 diducta
3469 4738 3621 4791 linea
3646 4754 3736 4791 re-

2047 4813 2165 4861 ctos
2197 4810 2409 4863 circum
2423 4827 2478 4863 se
2495 4814 2732 4881 angulos
2752 4816 2973 4871 reddat.
2999 4820 3122 4874 Sint
3143 4839 3274 4877 vero
3299 4826 3420 4879 haec
3437 4825 3734 4896 aequaliter

2048 4896 2301 4968 undique
2344 4900 2662 4968 perpolitae,
2714 4906 2770 4955 et
2797 4903 2867 4956 ad
2913 4906 3142 4961 eosdem
3194 4928 3328 4964 usus
3356 4913 3469 4968 sint
3518 4914 3733 4967 eisdem

2046 4986 2171 5040 alias
2200 4988 2448 5057 aequales
2504 4995 2735 5057 parata.
2780 4991 2960 5061 Super
2988 4992 3089 5044 has
3149 4997 3482 5054 intendatur
3527 5017 3732 5055 nervus

2045 5075 2281 5144 aequalis
2320 5076 2572 5147 undique
2622 5078 2668 5130 is
2724 5079 2822 5149 qui
2872 5084 2955 5132 est
2986 5081 3046 5133 Ε.
3081 5084 3145 5134 Α.
3210 5085 3266 5136 F.
3330 5089 3391 5139 D.
3452 5090 3507 5142 Si
3540 5062 3733 5158 [igitur

2045 5162 2397 5218 diatessaron
2444 5167 2895 5232 consonantiam,
2956 5169 3140 5237 qualis
3185 5171 3276 5239 sit,
3334 5178 3583 5244 reperire
3642 5194 3734 5230 vo-

2047 5251 2226 5319 luero,
2261 5253 2369 5307 hoc
2397 5255 2569 5309 modo
2614 5255 2837 5309 faciam.
2894 5256 2976 5309 Ab
3008 5256 3046 5307 E
3079 5264 3311 5325 puncto,
3355 5277 3467 5329 quo
3524 5280 3733 5317 nervus

2046 5343 2503 5413 semisphaerium
2562 5345 2765 5415 tangit,
2818 5361 2996 5416 usque
3038 5344 3108 5397 ad
3171 5346 3208 5399 F
3255 5353 3552 5416 punctum,
3613 5368 3728 5419 quo

2047 5447 2244 5486 rursus
2270 5434 2342 5487 ab
2365 5433 2475 5487 alia
2504 5441 2665 5505 parte
2711 5436 2889 5488 altero
2917 5450 3109 5487 rursus
3163 5451 3366 5489 nervus
3396 5437 3726 5506 semisphas-
