4010 6194
294 297 424 349 1113

1905 293 2178 349 MUSICA.

3666 296 3797 348 1114

284 427 418 480 leon
449 426 670 480 duobus
700 426 853 479 tonis
896 426 1065 479 distat
1095 425 1165 479 ab
1203 442 1271 479 ea
1310 440 1440 494 quas
1474 428 1559 476 est
1592 428 1723 476 nete
1771 425 1989 493 byper-
2028 426 2248 480 Atium
2303 426 2605 494 paranetes
2657 422 3051 493 hyperboleon
3114 426 3384 479 diatonici
3440 425 3670 495 generis
3725 426 3798 479 ad

280 515 514 577 boleon,
547 515 749 569 eadem
782 500 973 569 erit‘et
1004 514 1064 567 in
1095 513 1432 568 enarmonio
1473 528 1681 583 genere
1715 517 1985 581 paranete

281 603 695 673 hyperboleon,
742 618 873 672 quae
921 606 1007 656 est
1053 603 1112 655 in
1171 601 1456 655 diatonico
1510 601 1595 654 vel
1636 601 1983 653 chromatico

282 692 417 744 trite
460 691 878 761 hyperboleon.
924 690 1030 744 Sed
1082 689 1354 761 quoniam
1411 689 1545 742 trite
1591 689 1986 758 hyperboleon

284 778 559 832 diatonici
587 779 817 848 generis
849 783 905 833 et
942 778 1271 833 chromatici
1322 778 1390 831 ad
1434 782 1566 831 nete
1615 777 1985 847 diezeugme-

284 883 402 921 non
472 867 664 924 minus
734 868 1106 921 semitonium
1181 871 1433 933 servant,
1512 870 1733 919 constat
1792 870 1983 918 autem

284 956 713 1009 tetrachordum
742 956 1065 1009 enarmonii
1112 955 1340 1025 generis
1380 971 1445 1008 ex
1487 955 1709 1008 duobus
1745 953 1985 1022 integris

285 1043 436 1096 tonis
461 1049 517 1097 et
546 1043 688 1095 diesi
716 1058 780 1095 ac
824 1043 991 1107 diesi,
1034 1059 1164 1113 quae
1214 1047 1348 1096 sunt
1389 1042 1627 1095 dimidia
1673 1041 1856 1110 spatia
1896 1056 1983 1093 se-

288 1130 519 1184 mitonii
575 1130 818 1184 minoris
869 1147 881 1183 :
932 1130 1261 1183 distantiam
1320 1146 1467 1197 eam,
1523 1145 1653 1199 quas
1707 1134 1790 1182 est
1836 1129 1988 1181 inter

286 1225 460 1273 neten
548 1220 1005 1288 diezeugmenon
1079 1223 1136 1273 et
1206 1224 1520 1289 paraneten
1594 1218 1988 1288 hyperboleon

287 1306 687 1362 enarmonium
722 1322 907 1361 sumo.
962 1306 1069 1360 Sed
1120 1307 1397 1376 quoniam
1450 1311 1576 1360 nete
1624 1307 1989 1375 diezeugme-

287 1411 407 1449 non
439 1398 526 1449 est
550 1392 613 1448 ii.
646 1410 761 1448 occ.
802 1410 922 1447 xxx.
963 1410 1080 1447 vm.
1130 1399 1403 1463 paranete
1452 1398 1644 1447 autem
1697 1393 1990 1463 hyperbo-

288 1485 419 1539 leon
452 1480 515 1536 ᾗ.
548 1498 653 1535 ccc.
689 1498 742 1535 ι.
793 1482 1002 1535 horum
1051 1482 1323 1535 distantia
1377 1484 1483 1535 erit
1532 1498 1672 1535 cccc.
1726 1498 1817 1534 xx.
1868 1497 1987 1534 VIII.

292 1573 499 1625 horum
533 1586 695 1624 sumo
741 1570 1040 1623 dimidiam
1072 1574 1295 1639 partem
1329 1570 1427 1639 qui
1472 1575 1606 1623 sunt
1652 1586 1731 1623 cc.
1780 1586 1832 1622 ι.
1885 1586 1987 1622 ιιιι.

293 1659 398 1712 hos
438 1658 645 1728 adjicio
691 1654 753 1710 ἦ.
785 1673 894 1711 ccc.
945 1673 995 1711 ι.
1050 1658 1192 1710 ﬁent
1244 1652 1302 1712 Π.
1364 1671 1413 1708 D.
1447 1672 1537 1708 xx.
1582 1673 1683 1710 ιιιι.
1729 1656 1849 1709 haec
1880 1655 1992 1708 erit

290 1749 394 1801 EE.
440 1746 550 1815 (70)
583 1745 712 1799 trite
755 1745 1148 1816 hyperboleon
1197 1744 1581 1798 enarmonios.
1628 1744 1992 1813 Descriptum

291 1840 375 1888 est
404 1835 583 1905 igitur
613 1834 925 1887 secundum
957 1834 1068 1886 tria
1098 1848 1313 1901 genera
1356 1833 1802 1894 tetrachordum,
1836 1832 1996 1902 quod

291 1928 379 1977 est
408 1922 820 1993 hyperboleon,
853 1922 1016 1992 cujus
1042 1921 1281 1975 formam
1316 1921 1511 1974 subter
1537 1921 1874 1991 adjecimus.

956 2093 1162 2129 SCHEMA
1203 2092 1257 2129 Ν.
1290 2095 1326 2130 1.

575 2218 735 2272 Ratio
764 2218 1013 2286 superius
1044 2216 1265 2282 digestae
1294 2215 1698 2283 descriptionis.

360 2340 494 2395 Tria
536 2340 712 2410 igitur
758 2339 1122 2394 tetrachorda
1152 2339 1254 2393 tali
1303 2338 1467 2392 nobis
1513 2339 1736 2393 ratione
1784 2338 1998 2392 descri-

292 2435 390 2500 pta
420 2433 571 2481 sunt.
606 2428 1050 2482 Tetrachordum
1087 2427 1242 2481 enim
1286 2442 1457 2480 omne
1507 2427 1864 2481 diatessaron
1906 2442 1997 2480 re-

294 2521 463 2570 sonat
524 2517 975 2570 consonantiam.
1048 2515 1229 2585 Igitur
1290 2520 1419 2568 nete
1484 2515 1885 2585 hyperboleon
1942 2520 2000 2569 et

296 2609 429 2657 nete
493 2603 946 2673 diezeugmenon
999 2604 1059 2656 in
1119 2603 1301 2656 tribus
1366 2603 1697 2671 generibus,
1760 2604 1820 2656 id
1888 2609 1995 2668 est,

296 2693 383 2746 vel
427 2692 488 2744 in
538 2691 798 2758 diatono,
853 2692 943 2744 vel
1000 2691 1061 2744 in
1110 2690 1425 2756 chromate,
1481 2691 1571 2743 vel
1624 2692 1684 2744 in
1742 2707 2000 2745 enarmo-

296 2779 396 2833 nio
446 2778 798 2830 diatessaron
843 2778 1096 2829 continet
1145 2777 1597 2847 symphoniam:
1642 2780 1999 2832 Diatessaron

299 2871 495 2921 autem
528 2864 898 2917 consonantia
928 2868 1148 2917 constat
1178 2863 1400 2917 duobus
1431 2864 1582 2917 tonis
1612 2868 1669 2918 et
1694 2864 1999 2918 semitonio

299 2954 549 3008 minore.
584 2951 736 3004 Idem
779 2950 886 3004 hoc
935 2950 1102 3003 modo
1136 2965 1241 3019 per
1288 2949 1397 3001 tria
1443 2965 1658 3018 genera
1704 2951 1765 3003 in
1803 2966 2001 3020 supra-

299 3040 527 3111 scriptis
578 3039 951 3093 tetrachordis
1001 3038 1248 3091 divisum
1297 3041 1400 3089 est.
1450 3038 1513 3090 In
1559 3037 1791 3091 diatono
1841 3038 1996 3092 enim

300 3143 511 3201 genere
537 3127 687 3197 quod
719 3127 972 3197 primum
999 3131 1271 3196 paranete
1302 3125 1709 3195 byperboleon,
1736 3127 1793 3180 id
1816 3131 1899 3180 est
1931 3124 1994 3180 ii.

298 3234 352 3272 Ι).
385 3234 469 3270 xc.
513 3232 573 3269 II.
625 3216 696 3269 ad
748 3221 877 3269 nete
921 3214 1334 3285 hyperboleon,
1389 3213 1446 3265 id
1493 3218 1577 3266 est
1613 3210 1674 3268 ii.
1727 3232 1837 3268 ccc.
1891 3231 1995 3268 nn.

299 3303 630 3372 distantiam
672 3303 890 3357 obtinet
919 3301 1064 3366 toni,
1100 3300 1254 3370 quod
1300 3299 1401 3352 tali
1454 3302 1655 3353 notula
1702 3302 1999 3372 inscripsi-

301 3409 447 3447 mus.
588 3392 804 3446 Rursus
835 3391 969 3445 trite
1007 3389 1395 3460 hyperboleon
1440 3387 1713 3442 diatonici
1746 3371 1997 3459 generis,

302 3496 433 3550 qua:
490 3485 575 3534 est
617 3477 683 3535 ii.
746 3494 921 3532 DCCCC.
984 3493 1095 3530 xvr.
1168 3476 1239 3529 ad
1294 3479 1564 3544 paranete
1604 3476 2001 3545 hyperboleon

302 3567 573 3621 diatonici
604 3568 852 3637 generis,
880 3582 1008 3635 quas
1037 3568 1120 3617 est
1146 3561 1209 3617 ii.
1240 3580 1292 3616 ι).
1334 3579 1416 3616 xc.
1468 3579 1527 3637 ιι.
1572 3563 1794 3617 obtinet
1840 3565 1999 3618 ditia-

302 3656 547 3710 rentiam
594 3656 746 3719 toni,
788 3670 961 3723 quam
1010 3652 1184 3704 simili
1234 3651 1433 3703 notula
1574 3651 1998 3721 insignivimus.

304 3745 444 3798 Nete
509 3748 702 3797 autem
778 3742 1231 3810 diezeugmenon
1324 3740 1394 3792 ad
1464 3739 1641 3793 triten
1716 3739 1999 3808 hyperbo-

303 3832 456 3896 leon,
493 3830 550 3884 id
590 3836 693 3896 est,
740 3827 825 3882 iii.
878 3844 1002 3881 Lxx.
1061 3844 1117 3879 ιι.
1167 3824 1239 3879 ad
1305 3825 1363 3878 ἦ.
1425 3842 1605 3880 acccc.
1660 3843 1771 3879 xvr.
1832 3828 2002 3880 semi-

304 3936 527 3989 tonium
564 3936 757 3997 refert,
810 3934 961 4003 quod
1010 3932 1109 3986 tali
1156 3932 1353 3984 notula
1399 3931 1773 3998 signavimus.
1940 3934 2006 3986 Et

308 4029 393 4076 est
432 4026 536 4075 hoc
573 4027 754 4075 totum
805 4022 1051 4090 spatium
1097 4024 1259 4072 netes
1298 4019 1751 4088 diezeugmenon
1800 4026 1854 4074 et
1897 4036 2004 4073 ne-

308 4118 393 4165 tes
457 4111 868 4180 hyperboleon,
938 4111 1185 4162 duorum
1241 4110 1511 4160 tonorum
1570 4122 1633 4158 ac
1691 4109 2001 4161 semitonii.

2100 517 2273 567 neten
2302 510 2718 582 hyperboleon.
2754 512 2835 563 lta
2866 512 3019 565 enim
3052 514 3261 566 factum
3308 517 3391 566 est
3422 512 3526 583 (7t)
3568 514 3668 582 qui
3707 518 3795 567 est

2097 606 2291 665 tonus,
2340 588 2451 653 sed
2502 614 2619 651 non
2667 598 2909 669 integre,
2969 601 3268 666 dimidius;
3327 602 3449 670 qui,
3504 606 3569 653 ut
3622 617 3795 670 supra

2101 688 2390 743 uberrime
2420 690 2801 740 monstratum
2834 692 2916 741 est
2943 689 3105 758 (non)
3141 694 3328 758 potest
3371 695 3542 742 tonus
3588 688 3648 741 in
3679 689 3795 742 duo

2099 794 2265 848 aequa
2322 775 2526 846 partiri
2620 775 3093 846 Consignavimus
3147 778 3323 845 igitur
3384 778 3493 831 hoc
3546 777 3797 846 spatium

2098 868 2273 921 trium
2306 864 2770 932 semitoniorum,
2822 866 2874 919 id
2925 872 3010 921 est
3060 866 3180 919 toni
3225 881 3290 920 ac
3339 865 3645 932 semitonii,
3690 866 3800 919 hoc

2100 974 2268 1026 modo
2631 972 2848 1025 Rursus
2891 976 3163 1042 paranete
3205 971 3594 1041 hyperboleon
3635 972 3801 1024 chro-

2101 1062 2306 1115 matice
2353 1062 2426 1116 ad
2470 1061 2645 1114 triten
2690 1060 3080 1131 hyperboleon
3130 1061 3338 1114 retinet
3385 1065 3603 1130 partem
3653 1060 3797 1127 toni,

2098 1150 2153 1204 id
2189 1154 2275 1203 est
2313 1150 2709 1217 semitonium,
2764 1150 2913 1220 quod
2964 1150 3249 1219 reliquum
3302 1148 3409 1201 fuit
3453 1164 3516 1200 ex
3573 1148 3797 1201 duobus

2100 1238 2276 1302 tonis,
2322 1238 2422 1308 qui
2453 1238 2822 1292 continentur
2855 1238 3005 1291 inter
3054 1237 3227 1291 triten
3257 1236 3645 1307 hyperboleon
3678 1236 3791 1290 dia-

2100 1325 2353 1379 tonicam
2386 1329 2443 1379 et
2490 1329 2662 1380 neten
2710 1326 3120 1396 hyperboleon.
3168 1324 3482 1378 Subtractis
3522 1339 3651 1377 vero
3698 1340 3800 1377 ιιιι.

2103 1413 2447 1480 semitoniis,
2503 1414 2790 1486 reliquum
2840 1430 2903 1466 ex
2948 1418 3069 1466 toto
3128 1412 3492 1466 tetrachordo
3551 1412 3801 1483 spatium

2103 1500 2401 1554 semitonii
2466 1506 2567 1569 est,
2638 1502 2792 1572 quod
2863 1501 3189 1554 continetur
3253 1501 3404 1553 inter
3464 1504 3631 1553 neten
3693 1499 3807 1553 die-

2106 1602 2490 1657 zeugmenon,
2539 1594 2596 1642 et
2642 1589 2816 1642 triten
2885 1588 3293 1658 byperboleon.
3356 1590 3587 1642 Constat
3628 1587 3809 1658 igitur

2033 1673 2213 1749 Bhoc
2258 1677 2688 1730 tetrachordum
2745 1692 2808 1729 ex
2869 1675 3093 1728 duobus
3151 1674 3301 1726 tonis
3360 1690 3422 1727 ac
3475 1674 3803 1738 semitonio,

2110 1762 2358 1816 divisum
2391 1765 2567 1818 semel
2603 1764 2838 1834 quidem
2889 1762 2946 1815 in
3000 1778 3116 1814 uno
3167 1762 3351 1831 spatio
3402 1761 3584 1815 tribus
3634 1761 3808 1815 semi-

2108 1849 2302 1915 toniis,
2334 1851 2395 1903 in
2428 1852 2651 1906 duobus
2678 1856 2872 1905 autem
2923 1850 3120 1919 spatiis
3169 1850 3390 1904 duobus
3440 1849 3757 1903 semitoniis
3794 1865 3808 1902 :

2107 1937 2220 1990 tria
2264 1954 2401 1991 vero
2454 1942 2641 2010 spatia
2692 1940 2882 1993 nervis
2934 1956 3032 1992 ιιιι.
3087 1939 3473 1993 continentur.
3526 1941 3585 1993 In
3636 1954 3808 1993 enar-

2110 2025 2304 2078 monio
2338 2044 2472 2081 vero
2504 2044 2715 2098 genere
2765 2042 2993 2080 summa
3044 2032 3129 2080 est
3176 2027 3234 2081 id
3284 2028 3657 2095 pernoscendi
3693 2026 3811 2096 (72)

2108 2118 2276 2186 tonos
2323 2114 2583 2186 integros
2624 2117 2816 2182 distat,
2867 2131 3010 2185 quos
3064 2114 3166 2167 hoc
3224 2116 3395 2169 modo
3459 2115 3807 2170 notavimus.

2107 2181 2166 2258 'i‘.
2296 2180 2664 2276 Relinquitur
2696 2180 2971 2274 igitur—ex
3006 2202 3177 2256 totius
3206 2203 3554 2257 tetrachordi
3585 2202 3811 2256 duobus

2106 2292 2260 2345 tonis
2290 2308 2354 2345 ac
2385 2293 2691 2347 semitonio
2740 2307 2922 2345 unum
2972 2290 3361 2357 semitonium,
3413 2291 3568 2362 quod
3618 2290 3807 2344 conti-

2110 2384 2279 2434 netur
2304 2380 2458 2435 inter
2489 2386 2663 2436 neten
2708 2381 3184 2450 diezeugmenon.
3236 2384 3293 2432 et
3336 2383 3652 2449 paraneteu
3698 2380 3811 2448 hy-

2109 2468 2421 2541 perboleon
2482 2469 2887 2535 enarmonion,
2939 2468 3091 2537 quod
3142 2467 3357 2521 scilicet
3400 2467 3699 2522 divisimus
3749 2466 3811 2519 in

2109 2558 2247 2611 duas
2313 2558 2501 2611 dieses
2575 2558 2706 2611 trite
2782 2556 3159 2627 hyperboleos
3226 2556 3416 2609 media
3489 2555 3812 2625 interjecta,

2108 2647 2477 2716 spatiumque
2525 2647 2746 2701 dieseos
2795 2646 2902 2700 hoc
2944 2646 3112 2699 modo
3165 2646 3503 2699 notavimus.
3535 2645 3597 2708 Ο.
3628 2645 3815 2715 Igitur

2110 2734 2274 2787 nobis
2340 2734 2737 2803 hyperboleon
2803 2733 3227 2787 tetrachordum
3295 2732 3644 2802 descriptum
3705 2735 3813 2797 est,

2110 2838 2225 2893 quo
2270 2828 2508 2891 peracto
2559 2822 2630 2876 ad
2674 2822 3133 2892 diezeugmenon
3178 2820 3495 2875 veniamus.
3548 2822 3661 2875 Nec
3718 2819 3816 2872 in-

2112 2909 2460 2962 morandum
2509 2915 2598 2963 est
2644 2909 2865 2964 hisdem
2917 2908 3563 2962 commemorationibus
3608 2908 3668 2960 in
3702 2923 3815 2961 caa-

2109 2997 2267 3063 teris,
2302 3011 2433 3049 cum
2468 2996 2537 3050 ab
2584 2997 2691 3051 hac
2734 2996 3115 3067 descriptione
3163 2996 3335 3050 etiam
3385 2996 3441 3049 in
3492 2995 3618 3049 aliis
3660 2994 3813 3048 sumi

2108 3085 2291 3154 possit
2317 3084 2669 3155 exemplum.

2109 3208 2461 3263 Monochordi
2515 3215 2765 3263 netarum
2828 3225 2926 3278 per
2992 3211 3103 3262 tria
3160 3224 3357 3277 genera
3408 3209 3642 3277 partitio
3703 3206 3815 3260 die-

2784 3312 3128 3364 zeugmenon.

2181 3410 2348 3463 Netes
2382 3409 2561 3478 igitur
2606 3411 3085 3480 diezeugmenon,
3132 3428 3259 3482 quae
3308 3416 3388 3465 est
3439 3411 3525 3464 ῖΠ.
3574 3426 3698 3463 Lxx.
3746 3427 3805 3465 ιι.

2112 3498 2157 3550 si
2217 3497 2515 3551 dimidiam
2574 3515 2817 3565 sumam,
2864 3504 3035 3551 erunt
3082 3496 3121 3551 i.
3176 3517 3226 3553 n.
3279 3516 3402 3553 xxx.
3460 3515 3532 3551 νι.
3596 3499 3809 3552 eisdem

2112 3585 2310 3643 additi,
2342 3584 2492 3637 ﬁunt
2520 3584 2626 3639 ﬂii.
2664 3602 2749 3638 DC.
2780 3603 2893 3640 vm.
2941 3584 3047 3653 (73)
3081 3603 3275 3655 quam.
3312 3586 3376 3639 Ο.
3410 3587 3630 3638 interea
3656 3586 3811 3639 desi-

2113 3674 2433 3740 gnavimus.
2495 3672 2654 3735 Quod
2712 3673 2759 3725 si
2812 3673 3070 3740 ejusdem
3122 3680 3279 3727 netes
3328 3673 3808 3741 diezeugmenon,

2111 3761 2168 3814 id
2221 3766 2324 3826 est,
2386 3761 2496 3813 DD.
2563 3760 2776 3813 scilicet
2828 3759 2913 3813 iii.
2974 3777 3094 3813 ιιι.
3161 3778 3219 3814 ιι.
3278 3762 3533 3813 auferam
3581 3762 3810 3815 tertiam

2114 3854 2357 3917 partem,
2388 3852 2556 3900 erunt
2592 3845 2631 3900 i.
2683 3864 2768 3900 xx.
2824 3864 2925 3900 ιιιι.
2973 3848 3073 3916 qui
3127 3849 3343 3901 eisdem
3388 3848 3678 3915 conjuncti
3725 3848 3808 3901 fa-

2113 3937 2265 3988 cient
2295 3933 2402 3988 ἦῆ.
2451 3951 2533 3989 xc.
2568 3952 2640 3988 v1.
2676 3951 2805 4005 quae
2834 3936 3132 3988 vocabitur
3170 3952 3485 4004 paramese.
3522 3937 3582 3988 Χ.
3620 3936 3811 3989 littera

2114 4024 2437 4077 subnotata.
2503 4023 2638 4075 Nete
2700 4023 2875 4091 igitur
2930 4023 3403 4091 diezeugmenon,
3457 4022 3515 4075 id
3565 4026 3670 4083 est,
3722 4022 3805 4077 il_l.

2115 4126 2240 4164 Lxx.
2277 4126 2335 4163 ιι.
2378 4110 2444 4162 ad
2490 4124 2708 4174 mesen,
2739 4109 2794 4162 id
2827 4113 2933 4175 est,
2988 4105 3069 4161 iii.
3123 4126 3207 4162 nc.
3264 4125 3377 4163 vni.
3430 4110 3703 4178 quoniam
3749 4111 3811 4163 in

309 4199 418 4253 Sed
470 4199 646 4251 iidem
715 4198 828 4251 duo
896 4196 1020 4250 toni
1080 4211 1144 4248 ac
1193 4194 1565 4248 semitonium
1618 4195 1679 4247 in
1739 4196 2002 4249 chroma-
2043 4238 2085 4291 Β
2118 4199 2492 4268 sesquialtera
2540 4197 2970 4267 comparatione
3028 4198 3304 4263 consistit,
3352 4198 3481 4251 ideo
3541 4198 3811 4268 diapente

311 4287 422 4340 tico
488 4301 697 4356 genere
763 4285 868 4337 hac
941 4284 1161 4336 ratione
1226 4281 1395 4335 divisi
1457 4286 1609 4335 sunt.
1678 4283 2002 4338 Secundum

313 4373 467 4427 enim
535 4388 736 4441 genus,
805 4370 961 4441 quod
1028 4374 1113 4423 est
1175 4368 1610 4435 chromaticum,
1667 4370 1773 4423 hoc
1840 4374 2007 4426 modo

312 4462 662 4531 descriptum
716 4464 818 4513 est.
872 4460 1148 4511 Paranete
1197 4458 1351 4510 enim
1398 4458 1742 4511 chromatice
1798 4459 2006 4529 hyper-

312 4549 541 4615 boleon,
586 4564 715 4618 quas
745 4552 830 4601 est
855 4542 916 4601 Π.
963 4562 1075 4600 DCC.
1106 4560 1235 4599 xxx.
1271 4561 1345 4598 v1.
1398 4545 1468 4598 ad
1516 4550 1689 4599 neten
1720 4546 2006 4617 hyperbo-

313 4637 467 4702 leon,
502 4652 631 4706 quae
661 4640 743 4688 est
768 4632 833 4688 ii.
884 4650 992 4687 ccc.
1039 4649 1139 4686 ιιιι.
1173 4637 1521 4702 comparata,
1571 4633 1827 4688 continet
1873 4651 2005 4704 spa-

314 4725 456 4778 tium
526 4728 824 4794 paranetes
874 4721 1267 4792 hyperboleon
1325 4720 1599 4775 diatonici
1655 4722 1883 4790 generis
1936 4724 2007 4777 ad

315 4817 485 4865 neten
525 4811 941 4882 hyperboleon,
974 4809 1072 4880 qui
1104 4813 1189 4863 est
1232 4825 1379 4863 unus
1417 4812 1608 4876 tonus,
1660 4808 1717 4862 id
1764 4814 1849 4861 est
1894 4810 2007 4863 duo

314 4900 620 4953 semitonia
650 4899 835 4969 majus
884 4914 949 4952 ac
995 4897 1187 4950 minus
1221 4912 1233 4950 ε
1263 4902 1321 4951 et
1369 4896 1617 4950 divisum
1649 4913 1844 4950 rursus
1873 4914 2009 4967 spa-

387 5042 501 5166 (702
536 5043 604 5096 Ut
632 5058 699 5095 ex
744 5038 1136 5111 superioribus
1180 5042 1356 5108 patet,
1398 5038 1491 5092 hic
1534 5039 1723 5092 denuo
1758 5055 1919 5092 error
1950 5038 2010 5092 in

387 5115 470 5166 lcu
502 5128 599 5165 um
646 5112 893 5166 irrensit.
950 5110 1274 5166 Legendum
1323 5108 1504 5166 igitur
1542 5127 1557 5161 :
1609 5109 1714 5163 Sed
1753 5112 2010 5166 quoniam

315 5108 599 5187 calculum
646 5108 893 5182 irrepsit.
950 5110 1274 5187 Legendum
1323 5108 1557 5179 igitur:
1609 5109 1714 5163 Sed
1739 5112 2010 5187 quoniam

314 5189 433 5237 nete
489 5184 901 5250 diezeugmenon
957 5187 1035 5235 est
1084 5184 1169 5233 f1.
1232 5196 1355 5233 ιιι.
1410 5196 1469 5246 ιι,
1518 5185 1778 5247 paranete
1831 5185 2009 5233 autem

320 5255 676 5321 hyperboleon
730 5252 789 5306 ii.
843 5267 1017 5305 Dcccc.
1080 5266 1192 5303 xvi.
1247 5252 1436 5304 horum
1488 5252 1755 5303 distantia
1812 5253 1916 5304 erit
1958 5267 2005 5303 c.

320 5341 427 5377 LVI.
479 5325 667 5378 horum
703 5337 853 5377 sumo
884 5321 1173 5374 dimidiam
1200 5325 1432 5388 partem,
1480 5323 1577 5388 qui
1619 5326 1748 5374 sunt
1783 5336 2005 5385 Lxxvm,

323 5396 417 5448 hos
447 5395 653 5463 adjicio
677 5392 741 5449 ii.
774 5407 952 5447 DCCCC.
986 5407 1095 5445 xvr.
1145 5389 1277 5460 ﬁent
1308 5405 1365 5443 ιι.
1402 5406 1577 5443 DCCCC.
1622 5407 1707 5444 xc.
1760 5407 1861 5444 ιιιι.
1898 5391 2009 5445 haec

322 5468 445 5520 erit.
487 5471 590 5518 etc.

397 5534 511 5603 (71)
545 5534 936 5604 Supplendum
976 5549 988 5586 :
1022 5534 1103 5586 ita
1133 5533 1275 5585 enim
1320 5532 1529 5596 factum
1559 5534 1657 5597 est,
1698 5535 1758 5584 ut
1800 5530 2007 5584 duobus

2115 4285 2451 4341 consonabit
2495 4284 2915 4355 symphoniam.
2954 4284 3160 4337 Eadem
3194 4301 3327 4338 vero
3368 4288 3497 4337 nete
3541 4286 3806 4353 diezeug-

2118 4389 2350 4439 menon,
2384 4374 2440 4426 id
2473 4379 2579 4440 est,
2608 4370 2689 4426 ﬁ.
2723 4388 2889 4427 Lxxn.
2928 4372 2995 4425 ad
3041 4389 3400 4441 paramesen,
3446 4372 3505 4426 id
3549 4378 3652 4437 est,
3697 4370 3810 4426 iiii.

2114 4480 2201 4517 xc.
2239 4479 2314 4516 γι.
2367 4478 2495 4531 quae
2544 4463 2613 4514 ad
2663 4478 2788 4515 eam
2834 4461 3003 4514 etiam
3053 4462 3109 4514 in
3162 4461 3524 4532 sesquitertia
3569 4477 3812 4531 propor-

2116 4549 2273 4602 tione
2303 4549 2622 4618 composita
2670 4555 2777 4616 est,
2832 4548 3188 4601 diatessaron
3238 4549 3447 4601 retinet
3493 4563 3814 4601 consonan-

2118 4634 2277 4688 tiam.
2334 4634 2392 4688 Si
2442 4636 2620 4705 igitur
2665 4636 2736 4689 ab
2783 4652 2849 4689 ea
2893 4652 3023 4703 qua:
3054 4640 3137 4688 est
3167 4639 3296 4688 nete
3329 4634 3810 4703 diezeugmenon,

2116 4720 2200 4775 1—1i.
2259 4739 2382 4777 ιιι.
2458 4739 2517 4776 ιι.
2577 4728 2831 4776 octavam
2889 4723 3085 4775 aufero
3136 4726 3381 4789 partem,
3440 4721 3495 4773 id
3551 4726 3656 4787 est,
3699 4737 3808 4774 ccc.

2117 4823 2278 4872 Lxxx,
2337 4825 2438 4862 ιιιι.
2507 4808 2702 4877 eisque
2752 4807 3035 4876 adjiciam,
3102 4806 3244 4860 ﬁent
3300 4802 3383 4860 iﬁ.
3447 4822 3588 4860 cccc.
3627 4823 3677 4859 ι.
3737 4823 3810 4859 vr.

2118 4896 2341 4966 eritque
2372 4898 2490 4949 haec
2521 4900 2790 4965 paranete
2818 4895 3274 4964 diezeugmenon
3298 4894 3560 4948 diatonos
3591 4893 3813 4947 duobus

2117 5039 2415 5091 semitoniis

2120 5112 2221 5169 est,
2258 5112 2362 5159 etc.

2193 5176 2301 5245 ('12)
2333 5178 2404 5230 Ut
2432 5192 2629 5229 sensus
2660 5176 2728 5229 sit
2760 5176 3000 5244 integer,
3029 5174 3122 5227 hic
3147 5174 3337 5245 denuo
3371 5174 3752 5244 supplendum
3797 5193 3809 5229 :

2120 5244 2344 5299 summa
2392 5252 2476 5300 est
2522 5247 2578 5300 id
2625 5245 3005 5316 pernoscendi
3050 5244 3315 5316 facilitas,
3375 5260 3504 5297 nam
3553 5251 3812 5312 paranete

2117 5318 2474 5384 hyperboleon
2504 5319 2572 5370 ab
2599 5315 2715 5371 nete
2746 5316 3099 5384 hyperboleon
3127 5315 3259 5368 duos
3294 5321 3475 5380 tonos,
3507 5322 3611 5368 etc.

2190 5390 2306 5452 (73)
2338 5388 2475 5451 Quae
2505 5392 2590 5441 est
2619 5388 2784 5452 Mese,
2810 5386 2881 5439 ad
2906 5389 3033 5438 nete
3055 5384 3514 5455 diezeugmenon
3547 5384 3813 5438 obtinens

2118 5457 2398 5512 rationem
2431 5461 2480 5513 3.

2517 5037 2910 5106 adjungeretur
2999 5035 3340 5089 semitonium
3413 5036 3610 5097 minus,
3711 5036 3812 5106 qui
