4014 6200
257 304 392 354 1115

1339 295 1737 351 ADELBOLDI
1766 293 2271 351 TRAJECTENSIS
2305 294 2644 351 EPISCOPI.

3613 300 3752 351 Hfti

251 429 352 484 CC.
388 428 590 482 litteris
619 431 942 498 pernotata,
965 426 1033 481 ad
1076 431 1263 480 netem
1295 425 1749 495 diezeugmenon
1779 424 1935 478 obti—
1972 427 2015 481 Α
2048 429 2426 496 utrorumque
2460 440 2575 478 una
2594 424 2924 495 descriptio,
2946 429 3010 479 ut
3030 426 3305 496 paulatim
3331 427 3533 496 juncta
3560 427 3755 495 dispo-

255 533 398 571 nens
424 522 645 571 tonum.
673 515 758 569 Ab
787 515 894 568 hac
921 530 1054 568 vero
1075 519 1332 568 octavam
1352 513 1605 567 auferam
1628 513 1674 566 si
1699 517 1942 582 partem,

253 605 311 659 id
360 609 461 668 est,
512 604 582 657 de
632 601 720 657 ἷῇ.
772 618 908 656 εεεε.
969 619 1015 656 L.
1074 618 1146 655 v1.
1205 617 1334 672 quae
1391 606 1476 654 est
1525 617 1662 654 cccc.
1719 618 1824 654 xxx
1883 618 1940 655 ιι.

255 693 484 746 eosdem
517 691 704 745 eidem
752 691 1081 761 adjungam,
1134 694 1301 743 erunt
1330 706 1411 744 ιιι.
1447 705 1592 743 DCCC.
1628 706 1792 742 Lxxx.
1825 706 1939 745 vm.

255 779 478 850 eritque
535 796 619 834 ea.
680 781 740 833 Y.
803 778 937 832 trite
993 778 1450 848 diezeugmenon
1499 778 1782 832 diatonos.
1835 778 1946 832 Sed

256 869 532 938 quoniam
563 873 692 920 nete
727 867 1182 936 diezeugmenon
1229 867 1297 920 ad
1339 881 1679 935 paramesen
1726 867 1943 936 sesqui-

255 956 485 1009 tertiam
547 955 836 1009 obtinebat
889 955 1343 1025 proportionem,
1404 955 1536 1008 trite
1597 959 1788 1008 autem
1831 955 1946 1009 die-

255 1059 614 1113 zeugmenon
682 1043 940 1097 diatonos
992 1060 1025 1096 a
1082 1047 1212 1096 nete
1281 1045 1734 1113 diezeugmenon
1799 1043 1944 1097 duos

253 1137 416 1185 tonos
447 1132 626 1198 abest,
660 1131 1046 1186 continebitur
1083 1133 1232 1185 inter
1278 1133 1451 1186 triten
1491 1131 1944 1201 diezeugmenon

253 1225 308 1272 et
341 1236 677 1290 paramesen
710 1220 1082 1274 semitonium
1113 1220 1324 1273 minus.
1377 1220 1736 1273 Diatouicum
1766 1219 1945 1290 igitur

253 1323 434 1377 genus
458 1307 518 1360 in
550 1309 658 1362 hoc
691 1324 918 1378 quoque
948 1308 1307 1361 tetrachordo
1353 1325 1416 1361 ac
1447 1309 1834 1378 pentachordo
1863 1308 1944 1362 ita

253 1396 546 1465 expletum
576 1402 680 1460 est,
714 1399 777 1449 ut
806 1395 1156 1450 tetrachordi
1199 1396 1429 1466 quidem
1478 1396 1619 1465 ejus,
1673 1397 1826 1466 quod
1859 1401 1944 1450 est

252 1489 412 1537 netes
498 1483 953 1555 diezeugmenon
1011 1486 1082 1538 ad
1147 1500 1506 1554 paramesen,
1592 1483 1941 1538 diatessaron

253 1571 625 1625 consonantia
682 1572 790 1638 sit;
853 1571 1226 1642 penlachordi
1281 1588 1410 1624 vero
1463 1573 1604 1641 ejus,
1655 1572 1810 1641 quod
1859 1576 1944 1625 est

249 1665 409 1714 netes
438 1660 888 1730 diezeugmenon
917 1660 989 1714 ad
1023 1675 1240 1726 mesen,
1291 1659 1560 1730 diapente
1610 1659 1683 1714 sit
1732 1675 1938 1714 conso-

252 1747 470 1800 nanﬁa.

325 1851 731 1905 Enarmonium
763 1867 894 1905 vero
925 1855 1094 1922 atque
1144 1852 1560 1906 chromaticum
1609 1869 1790 1922 genus
1838 1854 1944 1907 hac

252 1939 474 1993 ratione
529 1945 804 1993 texemus.
861 1939 1036 1994 Sumo
1083 1940 1466 1994 differentiam
1505 1946 1663 1995 netes
1693 1947 1746 1995 et
1776 1957 1941 2012 para-

249 2031 410 2080 netes
437 2027 892 2097 diezeugmenon
919 2027 1158 2091 diatoni,
1209 2027 1266 2081 id
1321 2032 1421 2081 est.
1473 2027 1555 2081 11—1.
1612 2045 1732 2082 Lxx.
1785 2045 1844 2082 ιι.
1888 2033 1944 2082 et

249 2111 331 2170 ῐῐῑ.
366 2131 506 2169 εεεε.
550 2131 598 2168 L.
631 2131 705 2169 v1.
739 2120 824 2169 est
849 2131 1048 2169 eorum
1089 2115 1410 2169 differentia
1465 2132 1572 2170 ccc.
1622 2133 1779 2170 Lxxx.
1834 2133 1936 2170 1m.

247 2203 398 2258 hanc
429 2202 640 2271 divido,
674 2207 842 2257 erunt
873 2219 920 2256 ε.
970 2220 1052 2256 xc.
1099 2220 1157 2258 ιι,
1207 2205 1355 2258 hanc
1390 2204 1435 2257 si
1478 2221 1721 2269 sumam,
1773 2205 1939 2275 eique

249 2307 381 2362 quas
411 2297 496 2344 est
524 2296 796 2360 paranete
824 2292 1276 2362 diezeugmenon
1299 2293 1579 2360 diatonos,
1603 2294 1936 2363 adjungam,

248 2380 305 2434 id
331 2385 414 2433 est
451 2377 533 2434 ﬁ.
594 2395 732 2434 cccc.
794 2397 842 2434 L.
903 2397 974 2434 γι.
1037 2381 1176 2434 ﬁent
1227 2379 1306 2433 ΞΗ.
1367 2397 1451 2434 DC.
1509 2397 1592 2434 XL.
1647 2397 1762 2434 vui.
1819 2381 1939 2434 haec

249 2468 358 2521 erit
402 2473 672 2538 paranete
721 2468 1172 2538 diezeugmenon
1216 2468 1580 2537 chromatica,
1627 2470 1684 2522 B.
1727 2471 1788 2522 B.
1839 2484 1935 2539 ge-

250 2555 482 2609 minatis
513 2556 714 2610 litteris
763 2557 1048 2621 adnotata,
1094 2556 1307 2610 distans
1339 2575 1368 2610 a
1402 2562 1533 2610 nete
1572 2558 1938 2627 diezeugme-

247 2660 365 2698 non
395 2650 528 2698 tono
562 2648 619 2698 et
649 2644 974 2710 semitonio,
1008 2645 1064 2699 id
1091 2651 1176 2699 est
1204 2645 1386 2698 tribus
1417 2645 1758 2710 semitoniis,
1802 2661 1937 2698 con-

248 2732 438 2784 tinens
465 2733 532 2786 ad
564 2733 735 2786 triten
765 2732 1219 2802 diezeugmenon
1261 2733 1477 2786 dudum
1527 2733 1760 2803 quidem
1809 2733 1937 2787 dia-

245 2819 509 2884 tonicam,
543 2837 698 2874 nunc
741 2837 876 2874 vero
924 2821 1353 2888 chromaticam,
1396 2821 1454 2874 id
1498 2827 1601 2887 est,
1655 2819 1736 2875 i'ﬁ.
1787 2837 1934 2876 accc.

245 2924 403 2962 Lxxx.
437 2925 554 2962 vui.
589 2908 959 2962 semitonium
1010 2909 1298 2979 reliquum
1346 2910 1414 2963 ab
1462 2926 1529 2963 eo
1577 2915 1735 2974 tono,
1783 2911 1934 2979 quod

2055 512 2276 567 sitionis
2307 514 2480 567 totius
2510 513 2698 567 forma
2727 519 3052 584 consurgat.

2701 617 2909 654 scaeua.
2947 618 3004 654 N.
3047 603 3098 655 '2.

2196 690 2542 744 Monachordi
2568 694 2817 744 natarum
2843 705 2945 759 per
2977 688 3088 744 tria
3117 705 3318 758 genera.
3355 693 3604 759 partitio.

2126 779 2247 832 Duo
2293 777 2526 847 quidem
2578 778 2956 844 tetrachorda,
3007 794 3136 848 quae
3170 779 3401 832 sibimet
3440 779 3752 848 conjuncta

2054 872 2204 928 sunt,
2239 883 2270 919 a
2301 882 2457 919 mese
2495 882 2630 920 vero
2681 866 2988 935 disjuncta,
3029 866 3204 920 trium
3253 883 3529 936 generum
3581 884 3754 938 supe-

2055 955 2171 1006 rior
2194 954 2497 1024 descriptio
2539 955 3030 1024 quemadmodum
3080 956 3403 1008 locarentur
3446 956 3698 1009 ostendit
3734 974 3746 1008 :

2054 1058 2205 1096 nunc
2235 1043 2302 1095 ad
2333 1041 2476 1095 illud
2508 1043 2934 1095 tetrachordum
2957 1043 3323 1108 veniendum,
3355 1044 3506 1113 quod
3529 1060 3752 1112 synem-

2056 1147 2265 1183 menon
2292 1135 2546 1197 vocatur,
2579 1130 2733 1200 quod
2763 1132 3029 1200 junctum
3063 1137 3144 1184 est
3174 1131 3248 1196 ei,
3281 1147 3409 1200 quae
3441 1136 3529 1184 est
3567 1147 3748 1185 mese.

2053 1219 2333 1282 Quoniam
2364 1217 2517 1271 enim
2549 1217 2699 1270 inter
2731 1225 2902 1272 neten
2949 1219 3398 1287 diezeugmenon
3435 1224 3492 1271 et
3526 1235 3747 1283 mesen,

2053 1307 2322 1375 diapente
2366 1307 2800 1360 consonantiam
2843 1323 2964 1360 esse
3013 1307 3381 1375 praadiximus
3415 1308 3524 1375 (est
3554 1312 3751 1360 autem

2053 1395 2319 1465 diapente
2357 1395 2732 1448 consonantia
2779 1395 2954 1449 trium
2999 1400 3266 1448 tonorum
3308 1411 3371 1448 ac
3399 1397 3748 1462 semitonii),

2053 1488 2168 1536 tres
2225 1499 2359 1537 vero
2418 1483 2538 1536 toni
2581 1488 2714 1536 sunt
2768 1483 2828 1536 in
2887 1484 2992 1536 hoc
3038 1483 3446 1553 pentachordo,
3493 1500 3748 1554 quorum

2053 1587 2202 1625 unus
2275 1572 2506 1642 quidem
2566 1577 2722 1625 uetes
2785 1570 3240 1641 diezeugmenon
3300 1571 3371 1624 ad
3429 1576 3752 1642 paraneten

2053 1659 2509 1729 diezeugmenon
2551 1659 2852 1728 diatonon,
2898 1661 3040 1713 alter
3084 1675 3215 1714 vero
3262 1664 3564 1729 paranetes
3623 1659 3751 1713 die-

2055 1764 2410 1819 zeugmenon
2439 1747 2654 1802 diatoni
2676 1747 2744 1802 ad
2771 1748 2944 1800 triten
2965 1747 3418 1818 diezeugmenon
3444 1747 3748 1812 diatonon,

2051 1837 2255 1890 tertius
2285 1841 2476 1890 autem
2511 1852 2835 1906 parameses
2862 1837 2932 1890 ad
2971 1851 3190 1902 mesen,
3223 1836 3632 1906 reliquumque
3658 1850 3749 1889 se-

2053 1921 2359 1974 mitonium
2382 1921 2542 1974 trites
2557 1921 3008 1989 diezeugmenon
3032 1919 3251 1974 diatoni
3278 1921 3346 1974 ad
3371 1935 3746 1989 paramesen;

2052 2009 2442 2078 quoniamque
2491 2012 2648 2061 netes
2687 2007 3142 2078 diezeugmenon
3189 2012 3248 2062 et
3292 2023 3622 2077 parameses
3661 2011 3746 2060 te-

2049 2097 2418 2150 trachordum
2451 2097 2522 2150 ab
2562 2111 2629 2149 ea
2680 2112 2806 2165 quae
2857 2100 2939 2149 est
2988 2110 3162 2161 mese,
3220 2112 3287 2149 eo
3345 2099 3481 2148 tono
3531 2095 3749 2164 disjun-

2050 2189 2204 2239 ctum
2250 2188 2353 2252 est,
2400 2185 2498 2255 qui
2545 2188 2628 2238 est
2672 2184 2825 2238 inter
2869 2200 3202 2254 paramesen
3237 2201 3302 2238 ac
3330 2199 3549 2248 mesen,
3592 2184 3642 2236 si
3676 2199 3747 2237 ex

2047 2290 2112 2326 eo
2143 2273 2533 2342 pentachordo
2575 2273 2728 2342 quod
2779 2279 2866 2326 est
2902 2289 2935 2325 a
2980 2277 3107 2326 nete
3167 2273 3627 2342 diezeugmenon
3670 2273 3741 2326 ad

2049 2361 2223 2414 triten
2250 2377 2665 2431 synemmenon
2692 2359 2824 2430 (74),
2855 2377 3034 2414 unum
3063 2361 3469 2414 abstulerimus
3510 2365 3743 2425 tonum,

2049 2465 2116 2502 eo
2148 2449 2536 2520 pentachordo
2583 2449 2736 2518 quod
2781 2452 2865 2501 est
2912 2465 2944 2501 a
2990 2453 3118 2502 nete
3159 2448 3617 2518 diezeugmenon
3672 2447 3743 2501 ad

2047 2553 2180 2590 eum
2210 2536 2423 2590 scilicet
2455 2536 2553 2606 qui
2601 2536 2927 2590 continetur
2972 2535 3124 2589 inter
3170 2540 3340 2589 neten
3373 2537 3740 2601 diezeugme-

2050 2641 2166 2678 non
2217 2631 2273 2678 et
2317 2629 2635 2694 paraneten
2677 2624 3133 2694 diezeugmenon
3174 2624 3471 2688 diatonon,
3521 2624 3746 2692 poteri-

2049 2729 2177 2766 mus
2225 2713 2375 2766 aliud
2422 2713 2823 2766 tetracbordon
2855 2713 2924 2766 ad
2955 2729 3149 2766 mesen
3180 2713 3513 2782 adjungere,
3547 2718 3610 2764 ut
3644 2714 3746 2765 fiat

2047 2816 2479 2870 synemmenon,
2541 2800 2692 2870 quod
2770 2804 2857 2853 est
2921 2801 3310 2870 conjunctum,
3377 2800 3484 2853 hoc
3543 2801 3738 2854 modo.

2047 2888 2326 2952 Quoniam
2358 2898 2658 2958 paranetes
2704 2887 3156 2958 diezeugmenon
3204 2886 3441 2951 diatoni,
3493 2903 3624 2958 qua:
3657 2893 3743 2939 est

246 2993 491 3048 divisum
545 2999 630 3048 est
675 2995 828 3048 inter
880 3000 1196 3064 paraneten
1254 2995 1528 3048 diatonon
1577 2995 1936 3064 diezeugme-
1975 2977 2016 3031 Ο
2047 2977 2148 3030 CC-
2194 2992 2470 3030 numerus
2500 2981 2585 3029 θεῖ
2607 2973 2691 3030 Ϊῧ·
2735 2992 2874 3064 δείξει
2924 2992 2973 3029 L-
3021 2992 3096 3028 νῐο
3135 2975 3557 3064 δοτυωγίθτξῆδ
3604 2991 3740 3044 Pars

246 3099 386 3149 non,
429 3087 485 3136 et
530 3083 660 3136 trite
709 3073 988 3136 diatonon
1027 3083 1500 3153 diezeugmenon.
1548 3085 1613 3137 Et
1669 3083 1824 3137 aliud
1874 3083 1940 3136 tit

247 3170 536 3241 reliquum
597 3186 665 3224 ex
721 3169 1083 3223 tetrachordo
1139 3170 1506 3224 semitonium
1563 3171 1714 3224 inter
1762 3171 1938 3224 triten

247 3257 706 3326 diezeugmenon
768 3257 1177 3310 chromaticam
1244 3262 1295 3310 et
1357 3273 1715 3326 paramesen,
1784 3258 1938 3326 quod

243 3342 458 3396 scilicet
513 3360 580 3396 ex
630 3343 984 3397 diatessaron
1037 3343 1412 3397 consonantia
1475 3344 1820 3413 relinquitur
1873 3361 1936 3398 ea

245 3445 375 3500 quae
415 3435 498 3484 est
541 3430 692 3484 inter
740 3435 912 3484 neten
968 3430 1420 3500 diezeugmenon
1472 3436 1528 3485 et
1574 3447 1934 3501 paramesen,

245 3518 546 3572 subtractis
603 3518 826 3572 duobus
883 3519 1034 3572 tonis
1086 3529 1249 3588 quos,
1303 3524 1432 3574 nete
1480 3519 1937 3590 diezeugmenon

243 3607 592 3660 chromatica
635 3611 692 3660 et
727 3606 857 3661 trite
899 3605 1353 3678 diezeugmenon
1402 3608 1750 3662 chromatica
1799 3625 1933 3662 con-

241 3694 478 3749 tinebat.
507 3695 644 3758 Quae
678 3699 873 3749 autem
923 3695 984 3748 in
1033 3695 1321 3749 diatonico
1371 3712 1581 3764 genere
1635 3696 1767 3750 trite
1815 3696 1934 3751 die-

241 3799 601 3853 zeugmenon
635 3783 920 3837 diatonica
949 3787 1050 3848 est,
1087 3783 1148 3836 in
1179 3785 1528 3838 chromatico
1566 3789 1760 3838 autem
1804 3785 1935 3839 trite

239 3871 692 3940 diezeugmenon
723 3870 1088 3936 chromatica,
1132 3888 1198 3924 ea
1230 3871 1290 3924 in
1338 3871 1673 3925 enarmonio
1721 3887 1934 3942 genere

241 3965 514 4028 paranete
563 3958 1020 4028 diezeugmenon
1075 3959 1444 4013 enarmonios
1491 3959 1746 4014 dicitur:
1783 3960 1932 4016 inte-

239 4062 372 4116 gros
403 4046 557 4100 enim
588 4046 730 4100 duos
751 4052 920 4100 tonos
950 4046 1123 4101 distat
1155 4047 1224 4101 ab
1254 4063 1319 4101 ea
1347 4064 1475 4118 qua;
1503 4053 1588 4102 est
1635 4053 1764 4102 nete
1813 4049 1933 4103 die-

240 4149 621 4204 zeugmenon,
679 4139 734 4187 et
791 4138 1042 4188 notatur.
1102 4137 1216 4188 AA.
1273 4137 1338 4188 Et
1377 4135 1526 4189 inter
1581 4141 1752 4190 neten
1811 4137 1932 4190 die-

2045 3063 2237 3118 addita
2266 3063 2476 3118 facient
2505 3080 2719 3118 mesen.
2755 3063 2854 3117 Hic
2884 3079 3021 3130 ergo
3051 3079 3328 3116 numerus
3363 3063 3420 3115 in
3466 3063 3736 3132 diezeug-

2045 3168 2254 3206 menon
2285 3152 2643 3206 tetrachordo
2694 3153 2801 3208 CC.
2864 3152 3065 3205 litteris
3115 3153 3420 3206 adnotatus
3466 3157 3604 3204 tono
3656 3150 3741 3203 di-

2045 3241 2230 3294 stabat
2259 3257 2291 3292 a
2323 3244 2473 3304 nete,
2508 3240 2958 3310 diezeugmenon
2989 3240 3050 3292 in
3091 3255 3299 3311 genere
3329 3238 3636 3304 diatonico,
3686 3243 3742 3291 et

2044 3332 2316 3398 paranete
2348 3328 2802 3397 diezeugmenon
2845 3327 3106 3381 diatonos
3151 3327 3482 3380 vocabatur.
3535 3328 3598 3381 In
3646 3344 3731 3396 sy-

2043 3433 2393 3472 nemmenon
2431 3411 2625 3471 autem
2668 3417 3045 3481 tetrachordo,
3075 3417 3131 3470 id
3164 3420 3247 3470 est
3279 3416 3738 3484 conjunctarum,

2043 3507 2115 3560 sit
2141 3511 2269 3560 nete
2301 3521 2714 3576 synemmenon
2742 3505 2804 3558 in
2835 3505 3022 3558 tribus
3052 3504 3360 3575 generibus
3403 3503 3739 3568 constituta,

2042 3594 2103 3648 V.
2136 3593 2329 3647 littera
2375 3597 2676 3662 pernotata
2709 3609 2720 3645 :
2754 3597 2812 3646 et
2861 3592 2930 3646 ab
2979 3608 3046 3645 ea
3092 3597 3288 3645 octava
3337 3607 3469 3661 pars
3519 3591 3742 3644 aufera-

2041 3686 2152 3747 tur,
2188 3697 2317 3751 quse
2357 3685 2458 3734 est.
2511 3696 2650 3734 cccc.
2703 3696 2832 3733 xxx.
2891 3697 2929 3733 ιι
2982 3679 3165 3750 iisque
3211 3683 3556 3748 apponatur,
3600 3678 3743 3732 fient

2041 3765 2122 3824 1—11'.
2158 3787 2304 3824 nccc.
2357 3785 2514 3823 Lxxx.
2563 3785 2678 3822 Vlll.
2731 3769 2806 3822 Ea
2860 3772 2945 3821 est
2999 3773 3272 3837 paranete
3319 3782 3742 3837 synemmenon

2042 3857 2304 3911 diatonos
2348 3873 2493 3926 quae.
2541 3858 2598 3910 T.
2647 3856 2838 3909 littera
2868 3855 3198 3925 insignitur.
3253 3857 3468 3910 Rursus
3513 3871 3546 3907 a
3575 3871 3740 3924 para-

2041 3949 2173 4000 nete
2203 3960 2614 4014 synemmenon
2659 3944 2953 4010 diatonon,
2999 3944 3058 3998 id
3088 3948 3192 4009 est,
3242 3939 3323 3997 1T1.
3375 3959 3520 3996 accc.
3573 3959 3737 3996 Lxxx.

2040 4049 2158 4086 vni.
2193 4038 2388 4087 octava
2419 4047 2549 4102 pars
2583 4047 2712 4103 quae
2763 4037 2849 4086 est
2894 4047 3036 4085 cccc.
3091 4046 3250 4084 Lxxx.
3305 4048 3380 4084 γι.
3424 4030 3473 4083 si
3515 4031 3738 4084 aufera-

2039 4123 2154 4186 tur,
2214 4121 2411 4191 eisque
2472 4124 2810 4190 apponatur,
2877 4135 3122 4190 quorum
3177 4124 3374 4172 octava
3431 4123 3534 4185 est,
3597 4118 3742 4173 ﬁent

238 4237 618 4291 zeugmenon,
643 4226 700 4276 et
718 4227 1030 4291 paraneten
1072 4222 1449 4277 enarmonion
1477 4223 1932 4295 diezeugmenon

2114 4207 2148 4262 ἶ.
2177 4225 2286 4263 εεε.
2319 4225 2440 4262 Lxx.
2475 4225 2577 4262 IIII.
2613 4224 2742 4278 quae
2777 4213 2862 4261 est
2907 4207 3039 4260 trite
3084 4221 3503 4276 synemmenon
3550 4206 3740 4260 diato-

239 4311 399 4364 nulla
427 4310 666 4363 interest
694 4310 926 4375 chorda,
963 4315 1136 4379 atque
1167 4310 1296 4364 ideo
1326 4319 1625 4380 paranetes
1655 4316 1927 4369 vocabulo

240 4403 624 4467 nuncupatur.
661 4397 1040 4451 Semitonium
1082 4413 1235 4463 vero,
1289 4400 1439 4468 quod
1492 4407 1576 4455 est
1625 4401 1776 4456 inter
1825 4419 1924 4473 pa—

237 4491 477 4539 raneten
530 4484 906 4537 enarmonion
959 4485 1414 4555 diezeugmenon
1469 4492 1523 4542 et
1569 4504 1924 4557 paramesen,

239 4573 295 4626 id
323 4577 408 4626 est
444 4571 596 4626 inter
622 4574 736 4626 AA.
771 4576 828 4626 et
857 4573 915 4626 Χ.
949 4573 1055 4626 hac
1082 4573 1300 4627 ratione
1343 4575 1641 4645 partimur,
1684 4583 1745 4629 ut
1792 4576 1928 4630 ﬁant

239 4661 366 4715 dua:
433 4660 634 4716 dieses.
727 4660 901 4714 Sumo
977 4660 1360 4716 differentiam
1427 4668 1731 4732 paranetes
1804 4664 1928 4717 die-

236 4765 596 4820 zeugmenon
661 4749 1004 4812 enarmonii,
1064 4755 1121 4804 et
1185 4767 1533 4821 parameses,
1590 4751 1648 4804 id
1699 4756 1785 4805 est
1843 4749 1924 4806 ﬁ.

237 4853 390 4892 accc.
421 4853 577 4891 Lxxx.
609 4853 722 4890 vm.
759 4842 816 4891 et
843 4835 948 4891 ΠΕ.
980 4854 1066 4892 xc.
1114 4855 1188 4892 vr.
1242 4855 1309 4892 ea
1357 4844 1441 4893 est
1492 4855 1571 4894 cc.
1620 4855 1737 4892 VIII.
1783 4839 1930 4894 hanc

233 4927 446 4991 divido,
511 4925 653 4979 fient
719 4941 767 4977 ε.
831 4942 932 4979 1m.
993 4927 1096 4980 hos
1163 4943 1393 4997 appono
1458 4928 1530 4981 ad
1589 4933 1924 4998 paraneten,

235 5030 362 5084 quae
395 5018 479 5067 est
508 5009 591 5068 ΞΕ.
626 5029 770 5067 nccc.
803 5029 962 5068 Lxxx.
991 5030 1107 5068 vni.
1160 5014 1317 5069 ﬁent.
1370 5011 1450 5069 Γιῖ.
1508 5032 1680 5070 acccc.
1729 5033 1816 5070 xc.
1866 5034 1922 5072 ιι.

235 5118 300 5154 ea
359 5101 467 5154 erit
520 5101 651 5154 trite
727 5100 1178 5171 diezeugmenon
1257 5105 1624 5158 enarmonios
1677 5107 1730 5158 Z.
1796 5120 1925 5174 per-

235 5193 449 5241 notata.
518 5188 694 5258 Hujus
754 5188 930 5258 igitur
986 5190 1334 5244 tetrachordi
1392 5207 1495 5260 per
1548 5192 1660 5245 tria
1715 5208 1928 5262 genera

235 5275 678 5344 descriptionem
708 5277 902 5330 subter
939 5277 1141 5347 adjeci,
1175 5279 1551 5349 superiusque
1583 5279 1924 5349 dispositum

217 5363 627 5442 hyperboleon
707 5365 1132 5421 tetrachordum
1208 5367 1544 5438 aggregavi;
1620 5369 1705 5421 uti
1779 5371 1927 5422 esset

311 5518 420 5590 (74)
456 5526 598 5589 Lege
628 5536 639 5572 ε
675 5521 748 5573 ad
774 5536 965 5575 mesen.

2043 4313 2164 4362 nos,
2197 4297 2254 4350 id
2286 4302 2390 4363 est,
2433 4297 2498 4359 Ο.
2553 4295 2659 4349 Sed
2699 4294 2970 4365 quoniam
3022 4299 3149 4348 nete
3193 4309 3614 4363 synemmenon
3664 4293 3736 4347 ad

2036 4401 2256 4449 mesen,
2289 4385 2342 4438 id
2379 4390 2482 4449 est,
2515 4381 2596 4439 i'ﬁ.
2631 4399 2771 4437 cccc.
2817 4399 2866 4437 L.
2909 4399 2981 4437 νι.
3035 4383 3104 4436 ad
3157 4377 3259 4436 i171.
3312 4398 3393 4434 nc.
3447 4397 3564 4434 vni.
3617 4397 3735 4432 ses-

2037 4472 2368 4544 quitertiam
2399 4472 2620 4527 obtinet
2657 4471 3114 4542 proportionem,
3162 4486 3290 4540 qua:
3330 4474 3416 4522 est
3463 4469 3738 4522 diatessa-

2036 4577 2172 4627 ron;
2204 4561 2337 4615 trite
2367 4566 2558 4614 autem
2609 4575 3018 4630 synemmenon
3065 4559 3132 4612 ad
3185 4563 3358 4612 neten
3413 4573 3737 4627 synemme-

2036 4666 2156 4703 non
2187 4645 2290 4703 1m.
2324 4664 2403 4702 cc.
2456 4665 2576 4701 Lxx.
2630 4664 2732 4700 1m.
2783 4647 2852 4700 ad
2905 4644 2990 4700 iﬁ.
3043 4662 3222 4700 εεεεε.
3253 4661 3303 4699 L.
3337 4661 3417 4699 Vi.
3481 4644 3734 4698 duorum

2034 4742 2307 4792 tonorum
2361 4735 2582 4789 obtinet
2625 4735 3060 4804 proportionem
3104 4750 3116 4786 :
3174 4733 3520 4803 relinquitur
3570 4733 3736 4785 trites

2036 4839 2451 4896 synemmenon
2476 4823 2695 4877 diatoni
2727 4823 2797 4876 ad
2835 4839 3033 4876 mesen
3071 4822 3366 4892 proportio
3414 4820 3734 4884 semitonii,

2036 4918 2092 4967 et
2144 4911 2514 4981 conjunctum
2561 4917 2648 4964 est
2699 4912 2807 4964 hoc
2865 4909 3294 4964 tetrachordum
3339 4925 3468 4961 cum
3513 4923 3673 4960 mese
3719 4925 3732 4960 :

2035 5005 2205 5070 atque
2231 4999 2360 5052 ideo
2391 5013 2810 5068 synemmenon
2842 4997 3006 5068 quasi
3029 4997 3370 5050 continuum
3404 4999 3461 5049 et
3490 4997 3734 5065 conjun-

2035 5092 2189 5142 ctum
2221 5091 2470 5140 vocatur.

2103 5176 2170 5229 Et
2203 5174 2471 5229 diatonici
2518 5172 2752 5244 quidem
2793 5171 3021 5242 generis
3076 5172 3179 5225 hoc
3234 5172 3400 5225 modo
3445 5171 3593 5224 facta
3649 5176 3738 5224 est

2033 5263 2367 5334 proportio;
2427 5260 2761 5315 chromatici
2819 5275 2954 5313 vero
3009 5259 3136 5313 talis
3182 5265 3268 5313 est
3314 5259 3540 5313 divisio.
3592 5259 3734 5313 Nete

2032 5367 2198 5404 sumo
2249 5364 2688 5421 synemmenon,
2740 5353 2794 5401 et
2831 5353 3103 5417 paranete
3147 5362 3562 5417 synemmenon
3609 5347 3733 5401 dia-

2032 5437 2172 5502 toni,
2213 5437 2272 5490 id
2321 5442 2424 5501 est,
2473 5433 2557 5489 ᾗῖ.
2600 5451 2710 5489 εεε.
2763 5451 2810 5489 ι..
2868 5450 2942 5487 v1.
2986 5439 3044 5488 et
3088 5430 3170 5489 "11—1.
3215 5450 3360 5488 DCCC.
3413 5449 3576 5488 Lxxx.
3609 5449 3732 5488 vui.
