4014 6200
357 290 485 340 1119

1691 285 1746 338 S.
1789 284 2208 340 ROMUALDUS
2247 285 2485 339 ABBAS.

3715 288 3845 339 1120

345 416 494 470 hanc
538 414 744 485 adjicio
801 415 871 469 ad
932 413 1005 469 Vi.
1059 429 1242 470 ncccc.
1293 431 1391 468 xu.
1450 420 1511 468 ut
1562 415 1668 467 tria
1717 414 2023 468 semitonia
2061 418 2104 470 A
2137 429 2260 467 Lxx.
2295 430 2367 466 v1.
2400 418 2452 467 et
2479 409 2790 468 v-ﬁ'i.c.~xc.
2835 429 2891 467 ιι.
2937 413 3046 467 hoc
3094 413 3153 466 in
3185 413 3328 467 duas
3367 414 3552 467 dieses
3592 414 3678 468 ita
3711 413 3846 468 divi-

344 504 506 569 ﬁant,
540 507 710 557 erunt
758 500 859 557 ἦ.
906 521 985 557 cc.
1016 520 1100 558 xc.
1159 521 1232 557 vi.
1297 504 1419 557 haec
1476 504 1584 558 erit
1645 505 1702 558 F.
1766 503 2038 574 lychanos

343 593 598 663 hypaton
664 592 1032 656 chromatica,
1080 592 1149 645 ab
1208 609 1274 644 ea
1332 608 1461 662 quas.
1517 596 1600 645 est
1651 592 1861 662 hypate
1910 606 2038 645 me-

343 696 450 733 son
498 679 682 734 tribus
740 680 1059 734 semitoniis
1099 680 1332 733 distans.
1401 680 1830 750 Relinquuntur
1899 695 2038 749 ergo

348 769 462 823 duo
518 769 839 835 semitonia,
899 785 1080 822 unum
1139 769 1371 839 quidem
1415 769 1564 822 inter
1610 769 1878 838 lychanos
1933 769 2038 839 hy-

345 863 521 928 paton
569 856 974 921 chromaticen,
1022 856 1078 910 id
1129 861 1213 910 est
1270 857 1420 910 inter
1609 873 1688 910 cc.
1738 873 1825 910 xc.
1876 873 1950 910 γι.
1985 861 2043 910 et

346 943 441 1001 ᾖ.
477 962 590 1000 occ.
627 962 744 999 Lxx.
778 961 853 1006 v1,
886 945 943 998 id
975 949 1058 998 est
1089 946 1443 1016 parhypaten
1482 947 1733 1016 hypaton
1764 946 1895 1016 (75).

422 1035 616 1088 Restat
644 1032 1013 1085 enarmonion
1046 1047 1247 1102 genus,
1281 1033 1442 1102 cujus
1465 1033 1530 1085 ad
1566 1033 1826 1102 superius
1851 1048 2042 1087 exem-

349 1122 474 1192 plar
513 1120 640 1172 talis
673 1120 872 1173 divisio
905 1123 1006 1172 est.
1037 1119 1313 1183 Quoniam
1354 1119 1506 1172 enim
1555 1121 1872 1189 parhypate
1933 1120 2041 1191 hy-

353 1216 529 1280 paton
569 1207 832 1260 diatonos
875 1209 962 1262 vel
1014 1209 1327 1277 parhypate
1379 1209 1629 1279 hypaton
1678 1208 2040 1263 chromatice.

349 1315 480 1369 qua;
529 1295 648 1353 ﬁ.
696 1314 811 1352 ncc.
841 1314 966 1352 LXX.
1000 1315 1074 1351 v1.
1133 1296 1444 1350 unitatibus
1473 1296 1743 1366 insignita
1773 1305 1879 1364 est,
1909 1296 2043 1351 duo-

350 1386 453 1440 bus
482 1387 632 1439 tonis
654 1385 825 1438 distat
846 1385 916 1438 ab
944 1401 1010 1438 ea
1041 1401 1169 1454 quae
1201 1389 1288 1437 est
1323 1383 1530 1452 hypate
1567 1399 1788 1451 meson,
1842 1383 2040 1436 eadem

349 1474 458 1528 erit
486 1475 544 1527 in
576 1489 787 1543 genere
822 1473 1200 1526 enarmonion
1238 1471 1508 1542 lychanos
1564 1471 1817 1541 hypaton
1876 1488 2041 1524 enar-

348 1561 593 1627 monios,
630 1577 760 1632 quae
789 1561 858 1614 ab
883 1561 1092 1632 hypate
1122 1575 1318 1613 meson
1361 1559 1584 1614 duobus
1615 1561 1761 1613 tonis
1801 1559 2041 1630 integris

2150 502 2359 556 dimus.
2411 502 2585 556 Sumo
2635 501 3015 556 differentiam
3073 502 3216 571 ejus,
3279 518 3407 572 quae
3457 506 3543 556 est
3573 503 3846 573 lychanos

2147 590 2400 660 hypaton
2423 590 2807 654 enarmonios,
2833 593 2889 642 et
2911 590 3150 660 hypates
3165 590 3444 660 hypaton,
3464 591 3524 644 id
3545 595 3630 644 est
3652 596 3739 645 est
3756 587 3845 645 ἦ.

2148 694 2264 731 DCC.
2325 694 2447 732 LXX.
2510 693 2585 732 VI.
2644 681 2700 732 8t
2923 694 2970 731 C.
3026 694 3109 732 XC.
3168 695 3226 731 ΙΙ.
3278 695 3343 731 ea
3400 683 3486 733 est
3534 696 3678 732 CCCC.
3739 696 3845 734 IVX.

2148 765 2320 835 hujus
2350 766 2652 820 dimidiam
2689 782 2874 833 sumo,
2930 771 3084 820 sunt.
3133 783 3210 820 cc.
3272 783 3388 820 vni.
3440 767 3588 820 hanc
3646 767 3846 837 adjicio

2149 850 2243 908 v—ﬁ.
2273 871 2385 908 occ.
2419 870 2540 908 Lxx.
2567 870 2642 906 γι.
2676 853 2817 908 tient
2845 851 2940 907 ᾖ.
2983 869 3154 908 acccc.
3213 870 3372 908 Lxxx.
3422 871 3520 908 ιιιι.
3585 871 3719 924 quas
3771 855 3843 908 sit

2151 944 2216 997 D.
2250 943 2568 1012 parhypate
2598 942 2851 1012 hypaton
2883 942 3270 996 enarmonios.
3323 942 3470 996 Sunt
3505 943 3691 1013 igitur
3718 943 3843 997 dua

2150 1031 2353 1096 dieses,
2380 1047 2494 1084 una
2516 1030 2766 1101 quidem,
2800 1047 2930 1100 qua:
2964 1035 3048 1084 est
3081 1029 3230 1083 inter
3279 1031 3547 1100 lyclianos
3594 1033 3846 1101 hypaton

2150 1118 2551 1185 enarmonion,
2585 1124 2642 1172 et
2667 1119 2986 1189 parhypate
3037 1119 3290 1188 hypaton
3352 1119 3760 1182 enarmonion,
3793 1119 3845 1172 id

2149 1207 2409 1261 estinter
2442 1205 2535 1260 'le.
2579 1223 2694 1261 ncc.
2729 1223 2847 1261 Lxx.
2899 1223 2974 1260 v1.
3022 1212 3078 1260 et
3107 1204 3203 1261 v—ii.
3267 1224 3445 1261 ncccc.
3499 1225 3673 1262 Lxxx.
3744 1224 3844 1261 nu.

2151 1296 2342 1350 Altera
2421 1312 2575 1362 vero,
2645 1311 2773 1366 quae
2834 1300 2920 1349 est
2984 1295 3136 1350 inter
3177 1296 3534 1366 parhypaten
3591 1297 3846 1367 hypaton

2151 1383 2538 1449 enarmonios,
2580 1388 2635 1436 et
2687 1384 2938 1453 hypaten
2987 1385 3264 1455 hypaton,
3318 1384 3376 1437 id
3421 1388 3506 1437 est
3549 1384 3703 1437 inter
3745 1381 3842 1440 ἦ.

2153 1488 2329 1526 ncccc.
2359 1487 2518 1526 Lxxx.
2561 1487 2670 1537 1m,
2695 1477 2750 1524 et
2779 1470 2898 1526 v_1ﬁ.
2933 1489 2980 1526 c.
3022 1489 3106 1526 xc.
3142 1490 3200 1526 ιι.
3236 1478 3403 1526 tonus
3429 1489 3564 1526 vero
3607 1473 3851 1527 ultimus

2150 1559 2300 1612 inter
2324 1560 2946 1628 proslambanomenon
3003 1564 3059 1613 et
3078 1560 3329 1629 hypaten
3357 1560 3633 1629 hypaton,
3670 1561 3726 1614 id
3771 1567 3857 1616 est

349 1649 555 1704 diﬂ'ert.
594 1651 784 1703 Restat
817 1648 994 1718 igitur
1038 1664 1104 1701 ex
1153 1647 1503 1701 diatessaron
1552 1647 1926 1701 consonantia
1956 1665 2044 1701 se-
2083 1687 2124 1742 Β
2154 1647 2304 1700 inter
2340 1644 2456 1700 ﬁn.
2500 1663 2579 1700 cc.
2630 1663 2740 1700 XVI.
2781 1652 2838 1701 et
2859 1645 2979 1703 Ἦ.
3022 1663 3068 1700 c.
3101 1665 3188 1704 xc.
3253 1665 3313 1702 ιι.
3365 1646 3713 1701 continetur.
3757 1649 3856 1702 Di-

350 1735 680 1794 mitonium.
725 1735 880 1805 quod
914 1739 998 1789 est
1039 1735 1190 1789 inter
1227 1735 1499 1805 lychanos
1555 1735 1808 1804 hypaton
1871 1751 2045 1788 enar-
2083 1734 2121 1742 ”
2155 1735 2334 1788 visum
2399 1739 2482 1788 est
2527 1734 2705 1805 igitur
2749 1735 3004 1806 hypaton
3055 1736 3474 1790 tetrachordum
3533 1737 3857 1791 secundum

353 1825 603 1888 monios,
646 1828 703 1876 et
743 1823 997 1894 hypaten
1032 1823 1308 1894 hypaton,
1346 1822 1402 1876 id
1460 1827 1542 1876 est
1580 1823 1729 1876 inter
1779 1819 1876 1876 'v—n.
1927 1840 2044 1878 DCC.

2153 1823 2263 1877 tria
2295 1838 2506 1893 genera
2524 1822 3327 1890 diatonicum,‘chromaticum
3354 1824 3783 1878 enarmonium.

423 1955 533 2024 (75)
565 1954 664 2007 Hic
684 1955 1014 2008 addendum
1070 1953 1295 2008 videtur
1325 1958 1375 2007 et
1415 1956 1646 2009 alterum
1671 1955 1812 2008 inter
1838 1950 2148 2023 parhypate
2178 1955 2424 2024 hypaton
2447 1953 2510 2008 id
2547 1960 2625 2010 est
2682 1958 2827 2010 inter
2881 1971 2977 2010 vn.
3031 1971 3148 2010 ncc.
3223 1971 3347 2009 Lxx.
3423 1972 3499 2011 vi.
3552 1961 3602 2010 et
3649 1973 3770 2010 vni.
3807 1973 3855 2010 c.

352 2041 438 2078 xc.
472 2042 530 2080 ιι.
554 2025 616 2078 id
641 2031 738 2091 est,
764 2027 964 2094 hypate
994 2027 1252 2094 hypaton.

1785 2331 1936 2368 ANNO
1981 2328 2173 2368 DOMINI
2212 2329 2400 2367 XXXVII
2411 2355 2422 2367 .

650 2489 1784 2662 SANCTUS
1967 2491 3564 2668 BOMUALDUS

1135 2771 1411 2839 ABBAS,
1471 2772 1805 2827 ORDINIS
1861 2773 2538 2829 CAMALDULENSIS
2587 2775 3108 2842 INSTITUTOR,

823 3079 1260 3153 NOTITIA
1325 3081 1911 3154 HISTORICA
1969 3081 2078 3153 IN
2138 3081 2642 3154 SANCTUM
2703 3080 3385 3155 ROMUALDUM

1469 3233 1656 3304 (Apud
1691 3233 1904 3290 Fabric.
1941 3233 2200 3288 Biblioth.
2231 3234 2370 3288 med.
2399 3239 2450 3288 et
2478 3237 2582 3301 inf.
2613 3233 2760 3301 Lat.)

429 3485 803 3553 Romualdus,
834 3492 1032 3542 auctor
1059 3487 1276 3541 ordinis
1307 3488 1858 3548 Camaldulensium.
1895 3492 2178 3544 Ravennae
2208 3505 2239 3543 e
2260 3489 2440 3544 nobili
2472 3490 2682 3544 ducum
2717 3488 2939 3544 familia
2980 3494 3138 3542 ortus
3185 3493 3241 3542 et
3286 3488 3491 3542 studiis
3529 3487 3861 3541 liberalibus
3939 3487 3944 3489 ’

358 3555 634 3630 imbutus,
678 3572 936 3611 eremum
974 3559 1164 3628 petiit,
1195 3564 1250 3611 et
1307 3560 1523 3612 ordinis
1552 3559 1606 3614 S.
1670 3561 1956 3614 Benedicti
1989 3560 2262 3614 laxiorem
2320 3560 2679 3630 disciplinam
2740 3560 3023 3630 corrigere
3068 3560 3304 3613 studuit.
3387 3559 3540 3614 Obiit
3601 3575 3658 3613 a.
3705 3562 3858 3624 1027,

358 3627 542 3680 aetatis
576 3629 696 3681 120.

432 3698 564 3769 Ejus
595 3697 1051 3752 Commentarius
1079 3698 1139 3752 in
1168 3700 1410 3768 psalmos
1457 3716 1561 3753 ms.
1597 3705 1683 3753 est
1712 3699 1771 3752 in
1831 3700 2176 3754 monasterio
2235 3701 2680 3766 Camaldulensi,
2712 3699 2770 3753 in
2823 3701 2985 3769 cujus
3037 3700 3308 3768 eperculo
3365 3699 3488 3753 hch
3533 3698 3858 3768 leguntur:

358 3767 524 3821 Istud
547 3771 871 3839 psalterium
899 3772 1123 3838 scripsit
1149 3767 1200 3824 et
1237 3772 1498 3837 glossavit
1523 3787 1689 3824 manu
1737 3786 1836 3825 sua
1887 3773 2120 3839 propria
2175 3774 2548 3825 sanctissimus
2579 3787 2642 3824 ac
2693 3767 3030 3825 beatissimus
3060 3767 3412 3834 Romualdus,
3443 3774 3583 3823 sicut
3607 3767 3622 3768 ί
3638 3785 3854 3838 prece-

355 3843 515 3911 perat
539 3837 649 3892 sibi
676 3841 833 3902 Deus,
868 3837 1086 3907 quando
1115 3842 1226 3905 fuit
1245 3846 1438 3909 raptus
1460 3844 1518 3894 in
1547 3837 1908 3911 paradisum;
1936 3837 2207 3896 celebrans
2227 3843 2451 3895 missam
2481 3844 2540 3894 in
2569 3857 2739 3895 eremo
2767 3842 2988 3909 Sytriae,
3035 3847 3096 3894 ut
3150 3841 3340 3894 scribit
3389 3841 3575 3893 beatus
3605 3909 3612 3911 Α
3640 3837 3858 3893 Petrus

363 3910 680 3981 Damianus,
711 3911 999 3981 presbyter
1028 3911 1349 3975 cardinatis,
1383 3913 1445 3966 tn
1468 3909 1719 3978 Legenda
1746 3927 1866 3965 sua.
1905 3913 2032 3966 Haec
2047 3913 2208 3966 Joan.
2251 3911 2614 3965 Mabillonius
2645 3913 2772 3965 Itin.
2815 3913 2991 3964 Italici
3045 3926 3177 3980 pag.
3230 3915 3349 3964 179.
3407 3909 3850 3978 Expositionem

362 3978 535 4031 etiam
579 3978 640 4032 in
662 3978 940 4034 nonnulla
963 3983 1380 4051 prophetarum
1410 3984 1630 4036 cantica
1663 3982 1995 4036 elaboravit.
2033 3982 2193 4036 Adde
2224 3983 2595 4036 Possevinum
2624 3987 2763 4036 tom.
2800 3983 2846 4036 ΙΙ
2878 3978 3222 4052 Apparatus,
3283 3996 3412 4050 pag.
3447 3983 3574 4034 256.

1422 4266 1992 4340 PROCEMIA
2074 4267 2783 4341 MABILLONII

979 4433 1059 4481 AD
1099 4433 1307 4484 VITAM
1347 4434 1400 4483 S.
1441 4435 1804 4486 ROMUALDI
1848 4437 1886 4485 Α
1923 4435 2175 4486 SANCTO
2217 4436 2436 4486 PETRO
2482 4435 2782 4486 DAMIANI
2825 4435 3192 4485 SCRIPTAM.

1269 4562 1428 4629 (Acta
1458 4562 1778 4618 Sanctorum
1807 4565 1862 4620 S.
1897 4563 2016 4618 0rd.
2047 4545 2268 4631 Bened.,
2301 4568 2444 4616 tom.
2479 4564 2624 4632 νιιι,
2651 4578 2781 4634 pag.
2817 4565 2961 4624 277.)

442 4816 485 4867 1.
538 4813 889 4868 Romualdus
914 4828 1014 4866 seu
1044 4813 1358 4880 Romaldus,
1392 4813 1476 4869 uti
1509 4817 1834 4868 constanter
1862 4814 2062 4868 scribi-
2099 4816 2138 4870 C
2168 4815 2229 4869 in
2261 4815 2386 4869 aliis
2414 4814 2532 4868 suis
2553 4813 2779 4884 scriptis
2816 4817 3252 4867 commemorat.
3305 4811 3507 4866 Mirum
3563 4815 3648 4864 est
3685 4825 3864 4880 quam

365 4907 461 4955 tur
488 4902 548 4955 in
575 4901 867 4972 primariis
895 4902 1086 4956 Eremi
1136 4903 1588 4957 Camaldulensis
1641 4903 2056 4970 monumentis,

364 4991 618 5059 primum
645 4991 784 5045 Vitae
807 5006 924 5044 sua;
941 4990 1280 5061 scriptorem
1304 4991 1534 5045 sortitus
1561 4996 1645 5046 est
1669 4993 1899 5046 Petrum
1947 4991 2060 5044 Da-

367 5079 565 5146 miani,
597 5079 696 5149 qui
717 5084 846 5148 post
873 5081 982 5133 tria
1021 5081 1137 5146 fere
1195 5081 1370 5134 lustra
1417 5079 1487 5132 ab
1521 5079 1646 5148 ejus
1685 5079 1842 5133 obitu
1880 5085 2058 5132 trans-

367 5171 490 5220 acta
517 5165 694 5237 (quod
714 5166 834 5237 ipse
860 5166 921 5220 in
949 5167 1188 5236 prologo
1211 5167 1437 5236 asserit)
1457 5167 1513 5221 id
1545 5167 1733 5236 operis
1757 5181 2060 5238 aggressus

368 5259 472 5307 est.
509 5256 626 5309 Hoc
654 5270 798 5325 opus
823 5270 942 5308 non
971 5255 1112 5309 adeo
1153 5260 1414 5308 accurate
1447 5271 1511 5308 ac
1554 5255 1863 5324 diligenter
1909 5269 2060 5323 prie-

369 5341 534 5406 stitit,
565 5343 705 5413 quin
734 5343 913 5397 multa
939 5343 1256 5413 prudenter
1276 5341 1556 5409 omiserit,
1586 5357 1703 5395 non
1745 5343 1918 5396 modo
1954 5342 2060 5395 mi-

368 5429 580 5496 racula,
612 5430 1101 5500 quemadmodum
1147 5430 1303 5485 idem
1344 5431 1405 5484 in
1451 5430 1690 5500 prologo
1735 5428 2059 5498 proﬁtetur,

369 5517 467 5572 sed
499 5518 672 5572 etiam
703 5517 849 5572 dicta
878 5523 936 5573 et
963 5518 1110 5573 facta
1142 5535 1156 5573 ε
1190 5534 1256 5572 ex
1283 5519 1494 5590 quibus
1542 5518 1822 5572 nonnulla
1861 5519 2062 5573 Petrus

2166 4904 2370 4958 leviter
2408 4903 2479 4957 ab
2501 4902 2725 4969 eodem,
2759 4907 2860 4956 aut
2905 4917 2978 4955 ne
3021 4900 3222 4954 leviter
3269 4899 3524 4970 quidem,
3566 4898 3874 4969 perstricta

2169 4993 2243 5046 sit
2270 4992 2555 5046 institutio
2577 4995 2700 5045 tum
2729 4990 3189 5061 congregationis
3225 4988 3516 5042 ordinisve
3559 4986 3872 5042 Camaldu-

2169 5081 2364 5146 lensis,
2397 5085 2522 5134 tum
2554 5079 2814 5150 primarii
2843 5078 3062 5132 ordinis
3094 5076 3437 5143 Eremitorii,
3482 5091 3516 5129 a
3575 5091 3689 5145 quo
3743 5075 3874 5144 ipse

2169 5167 2309 5222 ordo
2335 5167 2678 5222 vocabulum
2710 5166 2902 5220 traxit.
2938 5167 3107 5220 Plura
3136 5165 3242 5219 hac
3265 5165 3336 5218 de
3388 5179 3448 5218 re
3495 5164 3771 5232 leguntur
3808 5161 3874 5215 in

2171 5243 2436 5308 sermone
2465 5253 2686 5326 prolixo
2735 5254 2806 5308 de
2836 5253 3094 5323 ejusdem
3140 5250 3445 5307 Romualdi
3494 5249 3640 5316 Vita,
3691 5264 3873 5319 quem

2174 5341 2555 5414 Hieronymus
2581 5358 2615 5396 a
2655 5343 2858 5412 Praga,
2910 5340 3148 5394 eremita
3203 5336 3678 5402 Camaldulensis,
3721 5336 3877 5390 alius

2171 5431 2244 5484 ab
2275 5430 2569 5501 azquivoco
2602 5429 2894 5494 heretico,
2919 5428 3101 5484 edidit
3139 5443 3288 5481 anno
3341 5427 3497 5481 1433.
3548 5425 3876 5494 Utrumque

2176 5523 2430 5574 actorem
2494 5518 2736 5574 eruditis
2794 5515 3224 5573 commentariis
3259 5513 3568 5570 illustravit
3620 5513 3879 5568 Joannes
