4014 6200
194 298 323 350 1121

1588 297 1861 353 NOTITIA
1902 296 2269 353 HISTORICA
2281 336 2294 350 .

3555 307 3690 359 1122

188 417 502 472 Bollandus
532 417 591 471 in
628 418 920 472 Februarii
942 422 1099 472 tomo
1147 420 1215 472 Il.
1250 419 1514 489 Ejusdem
1553 420 1691 474 Vitae
1733 437 1883 474 com-
1919 423 1963 474 A
1991 422 2062 475 ad
2093 438 2261 475 usum
2287 426 2339 476 et
2372 426 2666 491 sumptum
2711 424 3082 492 confratrum,
3120 428 3475 483 eremiticam
3508 430 3682 485 vitam

186 505 469 576 pendium
499 512 677 560 exstat
723 507 875 576 apud
907 512 1167 560 sanctum
1228 508 1605 575 Antoninum,
1652 511 1885 563 Petrum

192 594 545 665 Equilinum,
581 595 906 661 Gononum,
939 600 994 648 et
1032 596 1207 661 alios;
1242 596 1384 649 Item
1414 596 1474 649 in
1498 597 1743 650 Historia
1782 598 1884 651 Ca-

192 682 561 751 maldulensi,
585 699 759 753 quam
785 682 1137 753 Augustinus
1156 683 1518 737 Florentinus
1541 685 1885 753 composuit.

192 771 401 825 Eadem
452 771 573 825 Vita
628 771 929 841 Hispanice
964 771 1171 840 scripta
1219 776 1303 824 est
1351 787 1383 824 a
1436 772 1654 826 Joanne
1694 771 1887 826 Catas-

192 858 417 929 gnizza,
451 858 733 913 monacho
786 858 1211 924 Vallisoletano,
1268 863 1468 928 postea
1499 859 1711 927 ltalice,
1770 860 1889 914 imo

192 948 371 1002 etiam
410 948 617 1002 Gallice
670 947 913 1001 reddita.
959 947 1144 1001 Unum
1199 947 1292 1000 hic
1339 948 1574 1001 Petrum
1631 947 1891 1001 Damiani

193 1036 466 1091 exhibere
495 1036 634 1089 satis
677 1035 871 1101 fuerit,
933 1035 1101 1105 cujus
1159 1035 1530 1105 scriptionem
1580 1035 1639 1089 in
1699 1036 1892 1091 codice

193 1123 540 1178 Salemensis
594 1123 653 1176 in
701 1123 907 1177 Suevia
962 1124 1294 1177 monasterii
1345 1123 1605 1178 vidimus.
1660 1125 1737 1178 De
1778 1126 1891 1179 Ro-

196 1212 431 1266 mualdo
462 1211 580 1281 agit
623 1211 796 1264 etiam
826 1212 935 1264 Leo
982 1212 1255 1265 Ostiensis
1306 1212 1363 1264 iu
1418 1213 1684 1267 Clironici
1737 1212 1891 1267 Casi-

195 1299 392 1352 nensis
422 1299 517 1353 lib.
547 1300 617 1366 Il,
644 1315 808 1369 capp.
850 1302 935 1366 18,
972 1300 1035 1351 19
1070 1304 1125 1352 et
1154 1300 1241 1353 24.

269 1390 321 1441 2.
364 1389 574 1442 Praeter
601 1387 814 1441 librum
846 1388 915 1441 de
972 1387 1276 1441 Romualdi
1307 1387 1447 1454 Vita,
1481 1403 1653 1458 quem
1680 1387 1892 1442 librum

199 1476 401 1529 Petrus
443 1475 705 1530 Damiani
752 1476 1106 1545 conscripsit,
1150 1476 1412 1546 quaedam
1465 1476 1534 1530 de
1591 1477 1793 1530 eodem
1833 1476 1893 1529 in

199 1565 329 1617 aliis
368 1566 484 1617 suis
513 1564 738 1635 scriptis
773 1566 966 1618 refert.
995 1565 1063 1617 Et
1110 1565 1300 1633 primo
1343 1564 1574 1635 quidem
1624 1564 1681 1616 in
1714 1581 1894 1634 opus-

198 1654 316 1707 culi
342 1656 405 1707 15
433 1670 555 1723 cap.
597 1656 680 1720 16,
717 1653 813 1707 ubi
842 1669 1017 1723 agens
1048 1653 1118 1706 de
1153 1652 1492 1706 discretione
1527 1669 1539 1705 :
1575 1670 1600 1700 α
1657 1653 1798 1706 Nam
1838 1657 1896 1706 et

198 1757 305 1795 nos
336 1742 744 1812 approbamns,
782 1741 885 1805 ait,
913 1741 1064 1811 quod
1095 1741 1212 1792 suis
1243 1756 1392 1809 saepe
1425 1740 1720 1809 discipulis
1761 1741 1895 1793 bea-

198 1834 293 1884 tus
322 1828 675 1883 Romualdus
717 1827 921 1880 dixisse
979 1827 1360 1896 perhibetur:
1430 1828 1749 1892 Dummodo,
1804 1828 1894 1881 in-

201 1917 347 1987 quit,
379 1918 559 1981 frater
597 1914 824 1982 quilibet
851 1915 1039 1967 cellam
1075 1928 1181 1967 non
1212 1914 1444 1982 deserat,
1491 1917 1652 1967 etiam
1710 1931 1897 1969 carnes

198 2005 557 2073 permittatur
586 2017 653 2055 ea:
683 2001 1001 2055 discretione
1048 2001 1334 2067 comedere,
1363 2004 1413 2054 si
1452 2006 1563 2056 tam
1607 2004 1896 2056 inevitabi-

203 2093 276 2146 lis
315 2090 567 2144 videatur
620 2090 911 2142 necessitas
958 2091 1258 2154 imminere,
1304 2108 1331 2138 »
1365 2092 1470 2142 etc.
1525 2090 1588 2142 Et
1634 2089 1696 2142 in
1725 2105 1897 2158 opus-

205 2178 323 2234 culi
352 2179 421 2232 49
452 2194 574 2248 cap.
617 2180 648 2231 9
682 2194 695 2231 :
735 2198 763 2226 «
802 2178 914 2231 Nec
943 2177 1175 2246 ineptus
1236 2177 1485 2248 applices
1533 2179 1688 2248 quod
1748 2194 1899 2249 saepe

204 2266 324 2321 suis
353 2265 648 2335 discipulis
676 2265 764 2318 vir
813 2265 1041 2318 Domini
1080 2265 1429 2319 Romualdus
1473 2266 1703 2320 aiebat:
1764 2267 1901 2320 Fra-

207 2361 336 2421 tres,
370 2354 579 2424 inquit,
606 2369 724 2407 cum
755 2355 814 2407 in
843 2354 1203 2422 quorumlibet
1247 2358 1507 2408 conventu
1536 2357 1781 2423 reﬁcitis,
1811 2358 1898 2409 in—

211 2446 372 2499 tentis
398 2442 474 2496 ad
518 2442 694 2496 cibum
717 2444 942 2508 caeteris,
972 2444 1028 2495 in
1059 2445 1177 2510 ipso
1215 2445 1525 2508 refectionis
1563 2445 1723 2497 initio
1764 2460 1902 2513 par-

207 2534 339 2597 cite;
373 2535 423 2585 et
455 2546 574 2584 cum
604 2530 718 2583 illis
754 2531 875 2597 jam
906 2544 970 2583 ea:
1012 2535 1174 2598 parte
1197 2531 1544 2594 satisfactum
1573 2533 1762 2599 fuerit,
1807 2546 1900 2586 vos

206 2621 476 2685 inchoate,
517 2622 782 2688 quatenus
816 2624 867 2671 et
914 2620 1214 2686 hypocrisis
1265 2622 1448 2672 notam
1500 2621 1722 2686 possitis
1774 2634 1896 2672 eva-

207 2708 354 2775 dere,
386 2712 437 2761 et
485 2706 793 2760 sobrietatis
847 2708 1091 2773 regulam
1119 2708 1236 2760 sine
1281 2706 1569 2773 offensione
1606 2722 1838 2761 servare.
1870 2728 1898 2756 »

210 2796 468 2865 Denique
499 2794 559 2847 in
594 2794 855 2863 opusculi
884 2796 951 2847 49
1003 2809 1126 2863 cap.
1158 2797 1187 2848 3
1222 2810 1234 2847 :
1275 2813 1303 2843 α
1339 2794 1538 2847 Beatus
1592 2795 1900 2864 aliquando

209 2885 582 2950 Romualdus,
632 2884 916 2938 rediensa
970 2882 1195 2952 Sibyllae
1245 2881 1553 2936 comitissaa
1590 2881 1899 2952 colloquio,

210 2972 510 3025 comitanti
564 2972 747 3025 fertur
787 2971 989 3025 callide
1012 2971 1220 3024 dixisse
1253 2970 1536 3039 discipulo
1564 2986 1575 3023 :
1599 2970 1770 3035 Quam
1808 2972 1902 3024 ele-

210 3062 416 3126 gantis,
448 3061 545 3126 ait,
578 3064 629 3113 et
658 3062 871 3113 venusti
905 3060 1087 3113 vultus
1117 3060 1345 3124 femina,
1376 3060 1504 3125 nisi,
1532 3060 1673 3126 proh
1723 3057 1909 3112 dolor!

210 3150 372 3202 unius
402 3149 544 3202 oculi
590 3148 876 3217 dispendio
907 3148 1196 3201 laboraret.
1251 3147 1352 3201 Cui
1393 3146 1705 3215 discipulus
1734 3162 1748 3199 :
1780 3148 1904 3199 Ab-

210 3235 325 3289 sit!
375 3237 655 3303 magister,
709 3233 917 3304 inquit.
974 3232 1125 3289 Sicut
1163 3233 1356 3287 decora
1402 3236 1539 3286 certe
1588 3235 1780 3299 facies,
1824 3235 1905 3287 ita

213 3337 427 3390 quoque
483 3324 641 3389 oculi,
684 3327 850 3391 prout
904 3324 1176 3389 sagaciter
1221 3320 1567 3389 deprehendi,
1625 3321 1906 3375 nihilomi-

210 3426 316 3464 nus
356 3412 643 3465 incolumes
674 3414 876 3479 vigent.
926 3410 1102 3473 Quem
1150 3409 1424 3479 magister
1452 3409 1732 3462 acerrima
1764 3426 1907 3479 pro-

213 3498 371 3550 tinus
403 3498 897 3552 animadversione
954 3496 1266 3566 corripiens
1300 3513 1312 3549 :
1346 3499 1418 3549 Et
1451 3499 1572 3563 quis
1605 3501 1671 3559 te,
1700 3496 1905 3567 inquit,

214 3590 274 3639 in
301 3587 497 3651 faciem
535 3589 868 3652 feminarum
914 3588 1176 3653 respicere
1231 3585 1448 3638 docuit?
1502 3584 1659 3636 Tunc
1706 3584 1803 3636 ille
1848 3600 1907 3637 se

215 3673 669 3726 circumventum
715 3689 835 3726 esse
889 3672 1260 3742 perspiciens,
1315 3671 1651 3741 poenitentia
1707 3671 1908 3724 ductus

217 3759 469 3826 erubuit,
504 3766 560 3812 et
607 3760 675 3813 de
727 3767 932 3812 caetero
963 3759 1275 3811 cautiorem
1304 3774 1362 3812 se
1420 3758 1543 3811 fore
1574 3757 1908 3812 obstinatis-

219 3848 364 3901 sima
391 3847 805 3916 pollicitatione
836 3846 1081 3900 devovit.
1117 3867 1138 3894 ι

291 3938 341 3989 3.
413 3937 491 3989 De
546 3935 875 4005 primordiis
930 3935 1146 3988 ordinis
1204 3935 1677 4004 Camaldulensis,
1747 3936 1911 4006 cujus

220 4027 418 4076 auctor
458 4024 829 4089 Rornualdus,
887 4023 1124 4075 obscura
1186 4028 1271 4075 est
1316 4022 1550 4076 omnino
1604 4024 1752 4076 Petri
1813 4025 1911 4076 Da-

220 4113 400 4165 miani
427 4112 727 4166 sententia.
764 4113 973 4165 Locum
995 4111 1135 4165 adiit
1168 4111 1252 4163 vir
1282 4116 1508 4165 sanctus
1536 4111 1640 4165 sub
1670 4111 1911 4181 pontiﬁ-

219 4204 347 4254 catu
387 4200 702 4254 Theodaldi
759 4200 1012 4270 episcopi
1064 4199 1307 4267 Aretini,
1365 4199 1426 4253 in
1465 4200 1628 4269 cujus
1684 4198 1910 4254 dicecesi

218 4289 325 4341 sita
363 4293 447 4341 est
496 4288 946 4342 Camaldulensis
1000 4288 1256 4341 Eremus.
1304 4288 1662 4342 Theodaldus
1712 4287 1908 4342 sedere

217 4376 389 4447 cmpit
419 4393 568 4430 anno
590 4377 812 4443 ,Christi
862 4379 1019 4445 1023,
1060 4382 1123 4430 ut
1153 4392 1222 4430 ex
1253 4377 1517 4446 subjectis
1563 4376 1911 4431 instrumen-

218 4464 290 4517 tis
343 4464 709 4517 manifestum
750 4468 854 4517 est.
901 4464 1090 4517 Primo
1124 4464 1509 4517 instrumento
1540 4464 1693 4518 idem
1723 4464 1911 4518 Theo-

217 4552 419 4605 daldus
478 4552 1011 4621 Campum-Malduli
1060 4551 1161 4621 (ita
1217 4552 1371 4605 enim
1429 4552 1637 4619 scribit)
1708 4552 1911 4606 tribuit

218 4641 383 4694 Petro
435 4641 614 4711 priori
666 4656 839 4694 sacra:
900 4641 1086 4694 Eremi
1140 4657 1289 4694 anno
1348 4642 1506 4706 l027,
1567 4644 1623 4693 et
1675 4640 1909 4711 quidem

216 4736 443 4782 mortuo
493 4729 837 4794 Romualdo,
890 4734 952 4782 ut
1004 4745 1108 4781 nos
1144 4729 1310 4782 docet
1338 4729 1728 4782 authenticum
1785 4729 1909 4799 ejus

212 4816 685 4882 instrumentum,
734 4833 849 4887 quo
882 4817 1109 4870 nullum
1159 4816 1451 4886 antiquius
1491 4816 1816 4870 invenimus
1847 4816 1908 4869 in

213 4904 442 4958 archivo
502 4906 692 4959 Fontis
748 4904 909 4971 Boni,
960 4904 1061 4958 ubi
1108 4905 1321 4958 chartae
1352 4908 1409 4957 et
1440 4903 1757 4974 diplomata
1806 4904 1911 4958 Ca-

213 4992 452 5046 malduli
499 4998 880 5046 asservantur.
933 4992 1207 5056 Quaedam
1254 5008 1320 5045 ex
1368 4992 1474 5045 hoc
1524 4992 1908 5046 instrumento

206 5080 371 5151 juvat
410 5081 661 5135 delibare
698 5098 712 5135 :
749 5102 775 5129 ‹‹
804 5080 1143 5146 Teodaldus,
1191 5081 1372 5135 sancti
1405 5081 1611 5134 Donati
1663 5081 1908 5135 vicarius

212 5169 315 5235 (ita
335 5172 546 5237 passim
574 5169 794 5223 Aretini
805 5171 1041 5238 episcopi
1062 5183 1172 5222 sese
1191 5170 1428 5237 vocant).
1454 5168 1725 5223 Omnium
1765 5168 1907 5223 iide-

211 5256 356 5310 lium
394 5257 500 5311 hoc
533 5258 760 5311 dilectio
796 5255 1020 5311 noverit
1047 5257 1198 5327 quod
1233 5273 1356 5323 nos,
1403 5257 1477 5311 ob
1510 5272 1766 5310 amorem
1795 5256 1905 5327 piae

213 5345 624 5400 recordationis
664 5345 845 5401 Patris
883 5344 1064 5399 nostri
1086 5344 1285 5398 domui
1316 5343 1582 5399 Romaldi
1602 5344 1907 5398 clarissimi

214 5434 489 5501 eremitas,
530 5434 823 5489 communi
845 5432 1081 5487 consilio
1121 5433 1361 5486 fratrum
1394 5433 1734 5487 clericorum
1767 5449 1908 5487 nos-

214 5523 435 5574 trorum
472 5521 816 5575 donamus...
848 5522 1059 5575 domno
1105 5522 1273 5575 Petro
1305 5521 1619 5575 venerabili
1647 5522 1905 5575 eremitas

1997 509 2100 563 sub
2143 526 2210 563 eo
2244 510 2599 579 degentium,
2648 512 2880 582 suisque
2929 515 3348 569 successoribus
3398 519 3676 581 eremitis,

1998 595 2306 664 quamdam
2346 595 2644 649 ecclesiam
2675 596 2731 648 in
2765 598 2972 652 mediis
3000 600 3256 669 Alpibus,
3294 602 3442 671 juris
3472 604 3690 673 episco-

1997 682 2079 751 pii
2109 682 2288 736 sancti
2340 683 2565 749 Donati,
2600 700 2773 753 quam
2814 702 2919 738 nos
2950 694 3155 756 rogatu
3193 690 3409 742 domini
3462 692 3687 760 prmfati

1997 771 2257 825 Romaldi
2287 771 2540 825 eremitas
2584 774 3040 828 consecravimus
3080 777 3184 830 sub
3230 778 3450 832 honore
3499 784 3555 832 et
3601 797 3695 833 no-

1998 859 2154 913 mine
2182 859 2247 912 D.
2281 859 2344 912 N.
2397 860 2444 912 J.
2480 860 2538 913 C.
2590 860 2770 913 sancti
2816 860 3142 928 Salvatoris,
3188 865 3594 921 consistentem
3631 868 3693 920 in

1997 945 2287 1001 territorio
2318 952 2524 1016 (nempe
2560 950 2724 1001 unius
2756 949 2870 1002 diei
2906 952 3096 1004 itinere
3133 951 3201 1004 ab
3242 954 3455 1023 Aretio)
3505 955 3577 1008 ad
3609 972 3695 1009 ra-

2000 1034 2153 1089 dices
2183 1034 2413 1103 Alpium
2441 1034 2817 1089 dividentium
2849 1037 3110 1091 Tusciam
3150 1044 3205 1091 et
3237 1038 3598 1106 Romaniam,
3632 1041 3692 1095 in

2000 1124 2125 1177 loco
2153 1123 2252 1193 qui
2285 1123 2494 1177 dicitur
2540 1123 3033 1193 Campo-Malduli,
3082 1143 3182 1196 per
3220 1144 3320 1180 sua
3369 1129 3493 1181 loca
3542 1130 3693 1182 desi-

2002 1215 2196 1280 gnata.
2231 1211 2423 1264 Primo
2454 1210 2630 1280 igitur
2664 1213 2834 1265 latere
2865 1216 3166 1283 praecurrit
3210 1217 3362 1267 rivus
3394 1216 3493 1285 qui
3524 1232 3693 1269 voca-

2002 1306 2097 1352 tur
2120 1301 2307 1368 Niger,
2343 1299 2433 1352 cui
2465 1315 2495 1353 e
2526 1306 2726 1353 contra
2754 1302 2942 1354 obviat
2972 1302 3204 1372 quidam
3235 1304 3382 1358 alius
3416 1306 3569 1358 rivus
3597 1305 3696 1375 qui

2003 1387 2212 1441 dicitur
2236 1388 2303 1441 de
2333 1387 2562 1454 Tellito,
2585 1390 2754 1443 ambo
2788 1391 3004 1459 pariter
3024 1397 3382 1462 emergentes
3414 1393 3472 1446 in
3503 1392 3696 1446 sinum

2002 1475 2299 1543 cujusdam
2353 1475 2626 1529 ﬂuminis.
2684 1478 2758 1530 De
2812 1479 3059 1532 secundo
3115 1480 3291 1532 latere
3324 1486 3410 1534 est
3440 1481 3526 1533 via
3564 1481 3693 1534 des-

2003 1564 2250 1617 cendens
2303 1580 2336 1615 a
2384 1564 2622 1617 summis
2663 1565 2818 1635 jugis
2866 1567 3115 1636 Alpium.
3153 1570 3228 1621 De
3295 1569 3462 1622 tertio
3521 1571 3696 1623 latere

2006 1656 2138 1705 sunt
2184 1651 2290 1704 feri
2340 1657 2562 1705 montes
2618 1660 2789 1722 atque
2846 1654 3069 1707 intonsa
3121 1656 3261 1724 juga
3318 1657 3569 1727 Alpium.
3621 1660 3696 1712 De

2008 1744 2211 1809 quarto
2242 1739 2416 1792 latere
2449 1745 2583 1793 sunt
2603 1741 2838 1808 siclieta,
2869 1745 3322 1812 praerumpentia
3370 1745 3432 1799 in
3489 1746 3697 1815 prmfa-

2007 1832 2128 1880 tum
2178 1826 2363 1880 rivum
2418 1828 2676 1898 Nigrum.
2724 1831 2878 1883 Intra
2908 1831 3169 1900 prmﬁxos
3202 1833 3379 1902 igitur
3422 1833 3698 1888 terminos

2008 1913 2184 1966 enitet
2229 1914 2324 1966 ille
2373 1913 2530 1967 locus
2561 1915 2661 1985 qui
2692 1916 2901 1970 dicitur
2926 1918 3427 1989 Campo-Malduli,
3463 1937 3698 1991 campus

2008 2001 2293 2070 speciosus
2348 2006 2405 2053 et
2462 2002 2740 2069 amabilis,
2796 2004 2893 2057 ubi
2949 2010 3082 2057 sunt
3141 2012 3360 2075 septem
3408 2007 3702 2075 purissimi

2009 2088 2193 2141 fontes
2226 2093 2283 2141 et
2310 2104 2537 2141 amcena
2567 2090 2768 2145 vireta.
2809 2093 2969 2145 Hunc
3001 2092 3212 2145 scilicet
3237 2095 3421 2146 locum
3452 2094 3701 2147 domnus

2008 2176 2342 2241 Romaldus,
2375 2177 2506 2245 pius
2549 2178 2917 2232 eremitarum
2967 2185 3147 2250 pater,
3197 2181 3429 2250 delegit,
3460 2186 3515 2234 et
3547 2197 3703 2251 pree-

2012 2264 2153 2318 vidit
2227 2264 2588 2335 aptissimum
2660 2268 3360 2337 congruentissimumque
3435 2269 3556 2323 fore
3630 2269 3701 2323 ad

2009 2352 2242 2406 cellulas
2293 2352 2535 2406 fratrum
2587 2354 2955 2408 eremitarum
2988 2354 3278 2424 sigillatim
3336 2356 3394 2409 in
3449 2361 3705 2410 contem-

2008 2439 2221 2508 plativa
2251 2439 2366 2492 vita
2423 2441 2538 2493 Deo
2587 2441 3006 2495 servientium:
3057 2448 3498 2513 constructaque
3555 2443 3703 2497 inibi

2008 2528 2242 2581 basilica
2277 2527 2466 2582 Sancti
2498 2528 2826 2591 Salvatoris,
2874 2530 3130 2600 quinque
3159 2532 3391 2585 cellulas
3421 2548 3553 2585 cum
3585 2531 3704 2585 suis

2010 2615 2390 2669 tabernaculis
2449 2616 2663 2670 ibidem
2698 2617 2971 2671 distinxit
3000 2622 3173 2688 atque
3212 2618 3281 2672 ab
3325 2618 3567 2673 invicem
3618 2635 3707 2673 se-

2011 2703 2254 2775 paravit,
2289 2703 2385 2757 sed
2447 2709 2503 2757 et
2549 2704 2790 2776 singulis
2845 2706 3062 2759 cellulis
3111 2707 3367 2773 singulos
3413 2707 3707 2776 deputavit

2010 2793 2213 2847 fratres
2244 2792 2510 2845 eremitas
2558 2793 2679 2863 qui,
2736 2794 3105 2847 saecularibus
3137 2795 3286 2848 curis
3324 2800 3381 2848 et
3420 2795 3703 2848 sollicitu-

2013 2881 2144 2935 dine
2201 2885 2441 2946 remota,
2487 2880 2595 2934 soli
2642 2880 2849 2935 divina:
2902 2882 3375 2951 contemplationi
3419 2882 3702 2936 insistant.

1942 2978 1979 3031 C
2011 2968 2226 3033 Quibus
2244 2968 2411 3022 etiam
2434 2969 2713 3022 domuum
2738 2971 2970 3023 Petrum
2983 2970 3367 3024 venerabilem
3380 2971 3702 3037 eremitam,

2015 3061 2288 3125 tanquam
2349 3056 2578 3109 fidelem
2610 3057 2938 3110 ministrum
2988 3064 3045 3111 et
3074 3064 3484 3128 praeceptorem
3528 3059 3704 3113 dedit.

2015 3144 2117 3198 Cui
2160 3161 2267 3198 nos
2313 3160 2541 3214 quoque
2574 3161 2705 3199 cum
2738 3146 2949 3199 nostris
2994 3147 3236 3216 posteris
3267 3147 3706 3213 successoribus,

2013 3237 2078 3286 ut
2106 3248 2235 3286 cum
2262 3233 2636 3287 denominato
2685 3239 2878 3287 sancto
2932 3234 3075 3299 viro,
3140 3235 3413 3290 Romaldo
3472 3234 3705 3301 scilicet,

2013 3324 2236 3390 partem
2269 3321 2327 3373 in
2361 3326 2574 3375 aeterna
2599 3321 2711 3375 vita
2743 3321 3074 3389 habeamus,
3107 3323 3405 3389 donamus,
3429 3323 3710 3393 largimur

2014 3414 2391 3478 praetaxatum
2467 3411 2674 3476 locum,
2734 3415 2841 3463 etc.
2902 3412 3108 3464 Datum
3170 3428 3320 3465 anno
3398 3411 3708 3465 Dominicm

2016 3495 2425 3549 incarnationis
2485 3500 2641 3563 1027,
2699 3514 2849 3550 anno
2905 3515 3037 3552 vero
3092 3500 3451 3567 pontificatus
3510 3500 3710 3553 domni

2014 3582 2323 3636 Theodaldi
2354 3584 2607 3653 episcopi
2648 3600 2698 3642 v.
2749 3600 2944 3638 mense
2984 3588 3263 3655 Augusto,
3298 3587 3608 3640 indictione
3652 3604 3706 3640 x.

2015 3672 2219 3724 Actum
2249 3670 2310 3723 in
2343 3671 2604 3724 claustris
2634 3672 3059 3726 canonicorum.
3094 3691 3121 3723 »
3156 3676 3387 3727 Petrum
3431 3675 3708 3744 priorem,

2017 3774 2189 3830 quem
2242 3761 2552 3825 Dagninum
2591 3761 3061 3830 cognominatum
3112 3762 3286 3815 fuisse
3340 3762 3523 3829 aiunt,
3578 3779 3709 3817 cum

2018 3847 2169 3901 beati
2203 3847 2367 3901 titulo
2398 3847 2459 3901 in
2500 3849 2816 3919 Menologio
2871 3850 3237 3904 Benedictino
3296 3857 3712 3905 commemorat

2020 3935 2324 3988 Bucelinus
2378 3935 2469 3989 die
2527 3939 2559 3989 2
2620 3937 2971 4002 Novembris,
3033 3953 3147 4007 quo
3215 3954 3343 3991 cum
3406 3938 3711 3992 decessisse

2021 4038 2171 4076 anno
2215 4025 2340 4076 1051
2383 4039 2459 4076 εχ
2508 4024 2749 4095 vulgatis
2805 4026 3130 4078 auctoribus
3189 4026 3405 4079 scribit.
3455 4028 3710 4081 Alterum

2021 4112 2468 4166 instrumentum
2515 4119 2617 4180 est,
2652 4130 2763 4183 quo
2808 4114 2959 4167 idem
2997 4114 3352 4168 Theodaldus
3403 4136 3425 4164 ι
3461 4115 3712 4169 decimas

2024 4215 2222 4253 omnes
2252 4216 2448 4253 earum
2501 4217 2692 4255 rerum
2724 4218 2851 4271 quia
2882 4202 3179 4256 vendendo
3227 4208 3279 4256 et
3334 4204 3575 4257 emendo
3620 4220 3709 4257 ac-

2023 4287 2353 4357 quiruntur,
2388 4289 2644 4342 omnium
2687 4290 3052 4343 Aretinorum
3083 4290 3309 4355 civium,
3361 4292 3711 4345 urbanorum

2019 4382 2075 4429 et
2130 4375 2611 4441 suburbanorum,
2648 4397 2675 4428 »
2712 4377 2951 4447 largitur
2982 4400 3003 4425 ι
3039 4378 3409 4447 charissimis,
3438 4398 3465 4430 »
3499 4379 3706 4449 inquit,

2023 4484 2045 4511 ι
2080 4463 2351 4517 fratribus
2405 4464 2611 4518 nostris
2657 4466 2927 4531 eremitis,
2963 4468 3062 4536 qui
3091 4471 3223 4520 sunt
3255 4473 3312 4522 et
3367 4468 3545 4521 futuri
3578 4473 3713 4521 sunt

2018 4550 2078 4605 in
2129 4567 2320 4605 eremo
2368 4557 2561 4606 nostra
2622 4570 2751 4624 quae
2799 4554 3008 4607 dicitur
3055 4556 3586 4625 Campus-Malduli.
3641 4556 3713 4610 ad

2019 4640 2315 4694 ecclesiam
2385 4641 2576 4695 Sancti
2646 4641 2974 4707 Salvatoris,
3035 4658 3179 4711 quos
3248 4642 3416 4697 nobis
3502 4647 3711 4697 sanctas

2018 4729 2314 4783 memorias
2362 4734 2523 4798 pater
2554 4729 2871 4782 Romaldus
2931 4730 3321 4797 procurandos
3382 4730 3712 4798 gubernan-

2018 4818 2235 4888 dosque
2267 4816 2711 4870 commendavit.
2753 4817 2893 4869 Data
2939 4832 3038 4869 xui
3072 4817 3193 4870 Kal.
3250 4817 3426 4883 Junii,
3459 4834 3611 4871 anno
3642 4818 3712 4871 ab

2017 4904 2410 4958 incarnatione
2471 4903 2699 4957 Domini
2749 4905 2902 4973 l033,
2935 4920 3086 4957 anno
3156 4920 3289 4958 vero
3348 4905 3715 4975 pontiﬁcatus

2020 4992 2240 5047 domini
2288 4991 2599 5045 Theodaldi
2630 4991 2880 5061 episcopi
2918 5008 2974 5058 x,
3022 4991 3332 5046 indictione
3365 5010 3403 5045 ι.
3452 5014 3473 5041 ι
3536 4994 3713 5045 Porro

2019 5082 2267 5151 primam
2329 5079 2493 5134 istius
2560 5078 2739 5133 eremi
2803 5080 3231 5134 concessionem
3301 5096 3335 5133 a
3386 5080 3714 5134 Theodaldo

2018 5169 2285 5240 episcOpo
2337 5167 2546 5221 factam
2595 5167 2770 5221 fuisse
2823 5168 3025 5238 probat
3090 5172 3214 5221 tum
3271 5170 3455 5236 Immo,
3518 5170 3615 5236 qui
3664 5172 3715 5222 et

2017 5256 2423 5323 Herenfredus,
2455 5256 2578 5325 ejus
2600 5272 2905 5321 successor,
2940 5256 3146 5310 litteris
3176 5256 3323 5310 datis
3357 5272 3508 5310 anno
3554 5258 3711 5323 1037,

2019 5345 2080 5399 in
2156 5345 2365 5416 quibus
2444 5344 2968 5400 Camaldulensium
3042 5345 3381 5414 praeclarum
3453 5344 3709 5415 elogium

2019 5434 2304 5488 habetur:
2364 5438 2487 5486 tum
2548 5433 2819 5486 Henricus
2876 5432 3157 5487 secundus
3223 5433 3556 5503 imperator,
3608 5433 3711 5503 qui

2022 5521 2385 5576 donationem
2470 5521 2730 5574 omnium
2800 5520 3106 5587 bonorum,
3192 5537 3322 5591 quae
3390 5520 3716 5575 uenerabilis
