4010 6194
273 281 408 331 1123
481 287 487 292 ’

1616 279 1670 330 S.
1719 276 2073 332 ROMUALDI
2114 277 2424 332 ABBATIS.

3650 281 3791 332 1124

276 398 625 455 Theudaldus
683 397 938 452 eremitis
995 397 1055 450 in
1109 397 1235 451 loco
1290 397 1772 466 Campo-Amabili
1823 398 1973 452 dicto
2013 401 2058 453 A
2088 397 2298 468 aliique
2322 397 2666 452 recentiores
2686 396 3293 468 nounullisupremum
3319 400 3448 470 ejus
3487 401 3811 471 assignant

270 487 766 542 commanentibus
809 485 1138 552 tradiderat,
1184 490 1363 538 ratam
1415 485 1589 539 habet
1613 503 1768 540 anno
1803 488 1967 552 1047;

270 581 392 630 tum
449 575 696 644 denique
751 575 927 630 Guido
976 575 1270 627 monachus
1313 580 1361 626 et
1399 579 1667 642 peccator,
1720 577 1970 642 quamvis

271 663 555 729 indignus,
591 666 685 716 Dei
705 665 892 730 gratia
913 662 1158 716 Aretinz
1185 664 1329 715 sedis
1353 664 1650 730 episcopus,
1675 664 1757 716 uti
1799 663 1972 717 habet

273 750 486 803 chartae
517 750 851 818 inscriptio;
882 750 980 820 qui
1009 749 1192 804 Guido
1222 749 1410 802 oblata
1439 751 1742 820 privilegia
1778 752 1973 804 Eremi

276 839 702 894 Camaldulensis
738 854 836 906 per
870 838 1120 891 domuum
1175 837 1476 892 Johannem
1518 841 1698 892 virum
1747 854 1965 892 venera-

277 925 456 994 bilem,
505 928 725 993 ejusque
759 926 861 978 loci
910 929 1165 993 priorem,
1226 925 1555 993 conﬁrmat;
1599 931 1650 979 et
1696 925 1971 994 quidquid

271 1014 682 1086 praedecessores
713 1015 803 1066 sui
855 1013 1218 1079 Tlieodaldus,
1251 1015 1432 1077 Immo,
1477 1019 1528 1066 et
1566 1014 1968 1077 Constantinus,

275 1107 439 1168 atque
497 1101 786 1168 Gregorius
839 1105 1239 1154 concesserant
1305 1101 1492 1154 eidem
1555 1102 1694 1154 loco.
1764 1101 1971 1154 Datum

277 1203 417 1242 anno
457 1188 524 1241 ab
565 1191 669 1242 inc.
703 1191 918 1242 Domini
975 1192 1129 1255 1116,
1174 1189 1272 1242 sub
1324 1191 1553 1243 Henrico
1596 1205 1738 1257 rege,
1796 1204 1973 1242 mense

275 1276 512 1342 Octobri,
561 1276 856 1329 indictione
907 1293 960 1330 x.
997 1278 1248 1330 Butauus
1274 1276 1580 1346 episcopus
1610 1276 1878 1330 Aretinus
1910 1276 1970 1329 in

276 1364 501 1430 litteris,
548 1364 738 1418 domno
797 1366 981 1418 Azoni
1030 1364 1468 1418 Camaldulensis
1497 1365 1726 1418 ecclesiae
1774 1364 1971 1418 archi-

270 1454 561 1507 mandritae
603 1452 912 1521 inscriptis,
963 1451 1242 1522 quidquid
1297 1452 1646 1518 eidem'Joco
1697 1453 1967 1505 collatum

272 1541 459 1594 fuerat
519 1556 621 1610 per
673 1539 1087 1605 Theodaldum,
1117 1540 1576 1605 Constantinum,
1617 1539 1968 1593 Gualterium

278 1646 342 1682 ac
395 1628 716 1682 Guidouem
766 1627 1084 1696 episcopos,
1146 1627 1425 1696 approbat
1483 1643 1632 1680 anno
1687 1630 1841 1681 1132.
1892 1628 1970 1679 Ex

275 1717 486 1787 quibus
525 1715 872 1784 intelligitur
918 1715 1308 1768 Theobaldum
1353 1714 1526 1768 fuisse
1559 1715 1809 1784 primum
1871 1715 1969 1783 qui

275 1804 464 1858 Eremi
483 1801 934 1856 Camaldulensis
957 1801 1324 1856 donationem
1347 1802 1481 1854 fecit
1500 1802 1846 1855 Romualdo:
1868 1801 1971 1871 qui

273 1891 517 1963 proinde
547 1890 735 1943 isthuc
779 1906 892 1944 non
923 1894 1052 1944 ante
1093 1906 1304 1942 annum
1344 1890 1476 1942 1023
1512 1890 1790 1943 admissus
1839 1890 1964 1943 fuit.

274 1979 644 2034 Recentiores
675 1978 911 2031 tradunt
933 1977 1118 2030 locum
1152 1993 1185 2030 a
1215 1977 1456 2031 Maldulo
1481 1977 1754 2030 traditum
1795 1977 1967 2031 fuisse

273 2066 618 2121 Romualdo.
661 2067 733 2118 At
779 2081 978 2118 vereor
1015 2070 1079 2118 ut
1122 2064 1177 2117 id
1214 2069 1430 2118 certum
1481 2065 1571 2118 sit.
1611 2067 1751 2118 Nam
1810 2065 1966 2118 locus

269 2160 408 2209 tunc
431 2153 719 2225 pendebat
741 2153 812 2207 ab
846 2153 1087 2206 Ecclesia
1115 2154 1371 2220 Aretina,
1404 2168 1654 2222 eumque
1693 2156 1829 2205 tunc
1879 2169 1967 2207 oc-

268 2243 516 2313 cupabat
569 2241 952 2295 Bernardinus
981 2240 1229 2295 Sidonias
1304 2240 1476 2303 ﬁlius,
1558 2241 1966 2310 comprobante

270 2331 543 2401 Gregorio
575 2331 867 2399 episcopo,
901 2329 1002 2400 qui
1032 2329 1341 2382 venerabili
1373 2329 1520 2398 patri
1550 2328 1788 2382 Martiuo
1836 2345 1970 2382 con-

270 2421 466 2475 ﬁrmat
519 2419 668 2472 bona
721 2419 885 2471 eremi
915 2417 1396 2483 Camalduliensis,
1432 2432 1550 2484 quae
1585 2416 1966 2470 Bernardinus

271 2510 512 2565 Sidonia
558 2508 723 2574 ﬁlius,
771 2511 866 2558 aut
917 2510 1079 2573 pater
1108 2506 1222 2574 eius
1253 2505 1320 2557 ab
1351 2505 1572 2558 ecclesia
1627 2505 1816 2559 Sancti
1860 2507 1966 2558 Do-

268 2601 390 2652 nati
429 2600 729 2650 tenueru-nt.
764 2597 965 2649 Datum
1013 2595 1070 2645 in
1100 2607 1268 2646 eremo
1300 2591 1742 2646 Camalduliense
1767 2607 1843 2644 ιιι.
1877 2589 1962 2643 1d.

271 2685 478 2750 Octob.,
509 2697 650 2736 anno
705 2682 994 2736 Dominicze
1037 2683 1144 2733 inc.
1208 2682 1363 2745 l0l6,
1393 2679 1588 2732 indict.
1650 2694 1741 2744 xv,
1789 2679 1966 2746 ponti-

267 2778 460 2842 ﬁcatus
481 2771 731 2846 ejusdem
767 2771 1014 2836 Gregorii
1065 2784 1205 2822 anno
1259 2768 1523 2834 secundo;
1557 2767 1766 2838 quibus
1816 2766 1964 2819 litte-

269 2863 348 2916 ris
380 2861 634 2930 sigillum
665 2857 900 2912 aflixum
934 2862 1072 2910 erat.

2080 503 2298 540 annum
2332 488 2485 552 1027,
2509 485 2608 556 qui
2630 485 2856 539 videtur
2884 486 3242 541 retinendus.
3277 488 3498 543 Saltem
3528 491 3811 543 1101111181-

2078 575 2217 628 dum
2247 590 2363 627 non
2393 573 2701 627 excessisse
2744 575 3151 628 hunc'annum
3199 582 3426 630 constat
3473 593 3546 631 ex
3591 578 3807 631 litteris

2079 663 2388 718 Theodaldi
2440 663 2689 732 episcopi
2738 662 2983 730 Aretini,
3025 663 3170 717 datis
3227 669 3361 735 post
3408 666 3536 736 ejus
3569 666 3804 719 obitum

2079 767 2229 805 anno
2264 754 2419 818 1027,
2451 756 2508 804 et
2555 751 2788 820 quidem
2844 767 3039 804 mense
3091 756 3373 822 Augusto,
3430 769 3498 806 ac
3547 754 3802 822 proinde

2081 856 2194 892 uno
2246 839 2467 892 circiter
2521 855 2714 892 mense
2767 844 2900 908 post
2952 845 3197 893 mortem
3282 841 3624 906 Romualdi,
3693 841 3797 912 qui

2080 925 2223 979 obiit
2244 942 2340 979 Xlll
2391 926 2517 978 Kal.
2546 924 2748 979 Julias.
2784 927 2846 979 Et
2878 942 3014 980 vera
3055 933 3184 981 ante
3222 944 3446 982 annum
3477 932 3643 994 1027,
3679 930 3790 983 viri

2079 1014 2258 1066 sancti
2281 1013 2470 1066 obitus
2492 1013 2580 1066 vix
2610 1013 2814 1082 reponi
2843 1019 3051 1082 potest.
3087 1015 3379 1084 Siquidem
3413 1017 3483 1070 ad
3517 1033 3789 1071 eremum

2080 1099 2576 1154 Camaldulensem
2609 1115 2726 1152 non
2755 1099 2991 1152 accessit
3019 1105 3150 1153 ante
3201 1117 3424 1155 annum
3476 1105 3642 1168 t0'23,
3688 1105 3790 1172 qui

2077 1188 2302 1258 primus
2329 1188 2438 1241 fuit
2466 1187 2830 1258 pontiﬁcatus
2856 1187 3188 1254 Theodaldi,
3222 1205 3254 1241 a
3284 1206 3401 1260 quo
3433 1192 3484 1243 is
3507 1197 3788 1260 exceptus

2079 1281 2180 1330 est.
2211 1280 2403 1330 Annos
2435 1276 2615 1330 astatis
2647 1281 2877 1330 centum
2909 1282 2965 1330 et
2993 1277 3194 1347 viginti
3224 1278 3427 1332 tribuit
3457 1280 3788 1334 Romualdo

2079 1365 2280 1418 Petrus
2325 1364 2588 1418 Damiani
2638 1379 2796 1418 num.
2835 1366 2959 1432 101,
3012 1365 3164 1435 quod
3208 1365 3350 1419 item
3399 1366 3790 1421 conﬁrmatur

2080 1467 2145 1505 ex
2178 1468 2338 1505 num.
2371 1456 2458 1517 77,
2492 1456 2552 1504 ut
2600 1467 2904 1505 numerum
2947 1468 3230 1506 annorum
3279 1459 3626 1523 corruptum
3661 1471 3788 1508 esse

2079 1555 2198 1593 non
2229 1539 2303 1592 sit
2332 1540 2450 1592 veri
2496 1539 2699 1593 simile.
2749 1540 2873 1592 Non
2921 1541 3126 1609 probat
3159 1542 3442 1594 Baronius
3469 1542 3616 1596 adeo
3646 1543 3788 1596 lon-

2080 1641 2298 1696 gaevam
2346 1629 2619 1680 aetatem:
2671 1633 2983 1696 propterea
3021 1628 3170 1696 quod
3222 1629 3579 1684 Romualdus
3629 1646 3788 1683 anno

2080 1715 2264 1768 aetatis
2299 1715 2586 1782 vicesimo,
2621 1720 2685 1768 ut
2711 1715 2771 1768 in
2800 1715 2914 1768 ﬁne
2939 1715 3076 1769 Vita:
3107 1716 3338 1786 legitur,
3367 1717 3661 1771 admissus
3713 1719 3790 1772 sit

2080 1804 2142 1855 in
2173 1804 2464 1858 Classense
2497 1804 2908 1857 monasterium
2925 1803 3028 1857 sub
3062 1805 3308 1858 Honesto
3337 1806 3786 1875 archiepiscopo

2079 1890 2430 1957 Ravennate,
2477 1890 2580 1960 qui
2623 1890 2768 1943 hanc
2800 1890 2996 1944 sedem
3026 1891 3154 1944 iniit
3202 1907 3356 1945 anno
3387 1896 3515 1959 971,
3583 1894 3784 1948 Bubeo

2078 1984 2456 2032 contestante.
2515 1979 2580 2032 Et
2642 1978 2875 2048 quidem
2932 1979 3134 2032 Petrus
3176 1978 3441 2032 Damiani
3511 1980 3576 2033 in
3629 1997 3784 2049 opu-

2079 2065 2219 2118 sculi
2254 2067 2316 2118 l9
2360 2081 2484 2134 cap.
2517 2068 2550 2118 2
2590 2065 2840 2118 afﬁrmat
2902 2066 3212 2119 Honestum
3260 2067 3428 2119 Petro
3482 2067 3778 2137 archiepi-

2078 2153 2292 2222 scopali
2337 2152 2617 2222 dignitate
2675 2158 2877 2222 sponte
2907 2152 3131 2206 cedenti
3183 2154 3552 2220 successisse,
3599 2158 3780 2224 primo

2077 2241 2265 2294 Ottone
2305 2240 2540 2294 habenas
2588 2242 2808 2308 imperii
2849 2241 3224 2311 gubernante.
3269 2245 3384 2295 Aut
3413 2242 3599 2312 igitur
3650 2259 3780 2296 cor-

2075 2329 2317 2398 rigenda
2355 2329 2656 2390 Romualdi
2684 2333 2843 2397 astas,
2877 2335 2975 2384 aut
3003 2347 3134 2384 eum
3166 2331 3332 2384 annis
3394 2332 3778 2385 maturiorem

2076 2417 2136 2470 in
2163 2419 2453 2472 Classense
2483 2418 2897 2472 monasterium
2931 2419 3248 2484 accessisse,
3289 2425 3391 2473 aut
3408 2425 3586 2484 certe,
3623 2421 3780 2491 quod

2075 2505 2269 2559 forsan
2328 2505 2700 2575 probabilius,
2775 2511 2906 2559 ante
2960 2507 3192 2560 Honesti
3239 2508 3673 2577 pontiﬁcatum,
3731 2508 3782 2561 si

2076 2598 2264 2646 tamen
2316 2609 2431 2646 non
2481 2594 2616 2659 duo,
2661 2594 2758 2646 sed
2802 2594 3005 2646 unicus
3037 2594 3142 2647 hoc
3183 2595 3419 2648 nomine
3474 2596 3782 2650 Ravennas

2076 2681 2538 2752 archiepiscopus
2577 2683 2784 2735 saeculo
2814 2682 3036 2736 decimo
3085 2683 3474 2737 admittendus
3508 2691 3612 2738 est.
3679 2685 3783 2737 Ve-

2077 2785 2204 2822 rum
2254 2785 2386 2823 cum
2415 2770 2723 2823 Bomualdi
2754 2775 2916 2838 pater
2957 2770 3144 2824 adhuc
3182 2771 3240 2824 in
3290 2771 3432 2824 vivis
3466 2773 3644 2825 fuerit
3675 2789 3779 2825 an-

2078 2874 2150 2910 no
2227 2859 2350 2923 982,
2423 2857 2730 2911 Romualdi
2795 2862 2933 2912 aetas
2995 2859 3186 2927 potius
3213 2858 3558 2928 corrigenda
3611 2860 3781 2913 nobis

340 2957 394 3002 4.
427 2948 643 3002 Saeculo
701 2946 871 2999 tertio
922 2943 1143 2998 decimo
1201 2943 1475 2997 cellarum
1525 2943 1586 2997 in
1624 2943 1722 2996 illa
1775 2957 1968 2995 eremo
2006 2947 2044 3001 C
2073 2945 2316 2998 videtur.

273 3053 552 3091 numerus
611 3038 865 3086 creverat
919 3032 1035 3084 fere
1075 3031 1146 3085 ad
1197 3031 1454 3100 triginta,
1511 3035 1754 3084 testante
1807 3029 1961 3084 Guil-

271 3126 444 3179 lelmo
478 3123 720 3178 Aretino
753 3121 1026 3186 antistite,
1057 3119 1156 3188 qui
1187 3119 1446 3172 subditos
1477 3118 1586 3172 sibi
1616 3118 1964 3171 dioecesanos

271 3213 533 3268 hortatur
573 3216 638 3262 ut
685 3209 941 3262 subsidia
993 3207 1182 3259 ferant
1229 3207 1296 3260 ad
1357 3206 1676 3275 reparanda
1726 3205 1965 3257 aediﬁcia

271 3317 444 3355 sacra:
497 3297 696 3360 eremi,
747 3299 804 3349 in
863 3310 974 3364 qua
1025 3299 1169 3361 sunt,
1241 3294 1447 3362 inquit,
1507 3295 1703 3358 viginti
1757 3298 1806 3345 et
1852 3297 1964 3346 oclo

270 3390 433 3442 cella.
465 3387 602 3450 Quae
635 3385 835 3437 litterae
865 3383 1011 3436 datae
1043 3386 1175 3434 sunt
1205 3397 1354 3434 anno
1409 3381 1565 3434 1246.
1623 3380 1964 3434 Imminutus

273 3480 398 3530 erat
434 3475 528 3530 hic
560 3488 834 3527 numerus
864 3475 1123 3540 tempore
1158 3470 1487 3539 Hieronymi
1531 3468 1600 3522 de
1648 3469 1848 3538 Praga,
1907 3467 1965 3521 id

273 3568 356 3619 est
385 3579 534 3618 anno
575 3562 730 3627 1433,
760 3575 874 3629 quo
911 3563 1166 3628 tempore
1191 3574 1516 3611 sermonem
1546 3558 1868 3627 composuit
1895 3557 1964 3610 de

269 3652 436 3706 beato
489 3647 808 3705 Romualdo
853 3646 914 3698 in
957 3661 1072 3715 quo
1131 3645 1256 3698 haec
1306 3644 1518 3698 habet:
1571 3664 1597 3692 ι
1634 3644 1730 3696 Est
1771 3648 1962 3696 autem

270 3740 392 3794 haec
423 3755 580 3792 sacra
617 3751 844 3791 eremus
885 3733 1200 3787 Camalduli
1253 3733 1312 3786 in
1361 3732 1542 3796 Italia,
1594 3731 1653 3784 in
1706 3731 1964 3801 partibus

273 3827 684 3890 Romandiolae,
738 3823 955 3878 distans
1002 3821 1210 3874 itinere
1271 3821 1441 3874 unius
1488 3819 1602 3873 diei
1653 3836 1685 3872 a
1739 3819 1962 3873 civitate

273 3917 528 3983 Aretina,
555 3915 615 3967 in
646 3929 760 3983 qua
786 3916 920 3965 sunt
961 3911 1118 3964 cellae
1164 3909 1370 3980 viginti
1395 3913 1642 3979 quatuor
1698 3909 1956 3962 eremita-

268 4021 401 4059 rum
454 4006 751 4072 separatae.
811 4000 876 4052 Et
942 3997 1178 4068 quidam
1243 4002 1374 4050 sunt
1448 3995 1701 4048 eremitas
1756 3995 1959 4064 aperti,

272 4093 371 4146 alii
400 4108 532 4145 vero
582 4093 714 4142 sunt
769 4087 995 4140 reclusi.
1049 4085 1260 4140 Omnes
1308 4090 1501 4138 tamen
1561 4083 1964 4160 eremitte‘per

269 4185 454 4234 totum
514 4193 730 4232 annum
773 4174 1042 4246 jejunant
1096 4173 1278 4226 tribus
1329 4172 1531 4226 diebus
1587 4171 1648 4224 in
1696 4187 1843 4240 pane
1907 4175 1964 4225 et

271 4284 420 4338 aqua
440 4265 695 4338 qualibet
723 4263 1062 4333 septimana,
1103 4260 1271 4313 nudis
1308 4259 1549 4328 pedibus
1587 4259 1848 4313 sedentes
1902 4259 1963 4312 in

268 4363 421 4411 terra
485 4353 736 4422 exceptis
797 4351 1021 4404 duabus
1095 4348 1573 4417 Quadragesimis,
1634 4348 1694 4400 in
1755 4347 1964 4418 quibus

270 4443 568 4498 Dominica
595 4445 820 4494 tantum
846 4442 901 4490 et
931 4437 1072 4490 feria
1101 4436 1305 4506 quinta
1345 4436 1598 4489 eremitis
1638 4435 1808 4489 datur
1836 4439 1962 4488 tan-

270 4538 391 4586 tum
418 4544 598 4584 unum
637 4529 1021 4597 pulmentum.
1073 4523 1297 4579 Reclusi
1329 4528 1520 4576 autem
1565 4524 1820 4592 quotidie
1868 4523 1960 4577 di-

269 4624 406 4673 cunt
435 4623 618 4672 totum
653 4614 1010 4686 psalterium,
1046 4613 1229 4682 aperti
1288 4627 1416 4664 vero
1461 4611 1660 4665 dicunt
1706 4612 1962 4665 medium

269 4723 514 4777 semper,
565 4724 591 4756 »
645 4711 751 4757 etc.
814 4705 974 4756 Hunc
1025 4701 1216 4755 locum
1277 4699 1528 4753 adiimus
1585 4715 1735 4752 anno
1805 4702 1960 4766 1686,

270 4793 631 4850 hebdomada
658 4808 833 4852 sacra,
870 4791 1065 4860 ibique
1097 4788 1364 4843 eremitas
1390 4804 1519 4841 cum
1563 4803 1773 4856 magna
1818 4786 1959 4840 111111-

265 4885 535 4938 ﬁcatione
575 4879 975 4951 spectavimus.
1014 4879 1092 4932 De
1123 4877 1250 4930 aliis
1281 4893 1411 4947 quae
1460 4876 1531 4930 ad
1567 4875 1828 4930 ordinem
1860 4875 1962 4927 Ca-

271 4972 686 5026 maldulensem
733 4967 1043 5038 pertinent,
1105 4965 1337 5020 consule
1393 4964 1698 5018 Historiam
1749 4965 1962 5032 Augus‘

269 5060 378 5115 tiui
423 5057 756 5114 Florentini.
808 5055 1152 5109 Primarium
1185 5054 1354 5124 hujus
1388 5053 1635 5107 instituti
1680 5051 1961 5105 fervorem

269 5149 466 5203 laudat
495 5146 796 5200 Auselmus
827 5141 1297 5210 Havelbergensis
1317 5141 1375 5194 in
1399 5141 1497 5195 lib.
1521 5157 1541 5193 1
1568 5140 1958 5209 Dialogorum,

269 5242 426 5291 tomo
454 5235 565 5301 X11,
599 5232 912 5304 Spicilegii,
947 5247 1076 5302 pag.
1111 5233 1232 5284 112.

342 5327 394 5376 5.
440 5323 562 5386 Quo
609 5338 760 5376 anno
806 5319 1158 5373 Boniualdus
1188 5318 1247 5371 in
1279 5321 1428 5371 terra
1461 5315 1648 5369 vivere
1701 5314 1955 5383 desierit,

270 5427 387 5467 non
417 5409 683 5480 exprimit
703 5409 904 5464 Petrus
931 5405 1210 5473 Damiani,
1245 5420 1348 5458 nec
1376 5402 1561 5473 quivis
1591 5401 1738 5456 alius
1765 5402 1961 5473 (quem

269 5499 503 5570 quidem
561 5495 826 5565 sciamus)
873 5495 996 5563 ejus
1055 5493 1331 5562 temporis
1363 5491 1622 5561 scriptor.
1687 5489 1960 5544 Barouius

2002 4214 2045 4269 D

2147 3035 2198 3086 6.
2234 3053 2262 3081 «
2294 3033 2426 3085 Post
2469 3031 2930 3102 quinquennium
2972 3048 3006 3084 a
3046 3033 3225 3086 sancti
3258 3033 3366 3086 viri
3411 3034 3600 3101 obitu,
3626 3057 3654 3082 ››
3714 3042 3776 3088 ut

2077 3120 2273 3174 scribit
2314 3122 2510 3174 Petrus
2553 3120 2814 3174 Damiani
2850 3120 2911 3172 in
2952 3119 3068 3173 ﬁne
3122 3121 3283 3187 Vitae,
3330 3143 3352 3169 ο
3407 3121 3540 3174 data
3580 3139 3774 3176 mona-

2075 3207 2196 3260 chis
2247 3207 2316 3260 ab
2374 3207 2688 3276 apostolica
2738 3207 2869 3261 sede
2908 3207 3154 3274 licentia,
3213 3224 3388 3278 supra
3447 3211 3773 3263 venerabile

2076 3312 2282 3365 corpus
2331 3295 2454 3365 ejus
2501 3296 2679 3349 altare
2735 3300 3123 3349 constructum
3170 3301 3274 3349 est.
3329 3315 3358 3347 1)
3416 3297 3481 3350 ld
3529 3298 3773 3368 proinde

2074 3384 2288 3438 factum
2335 3384 2564 3438 sedente
2597 3383 2865 3453 pontiﬁce
2908 3385 3124 3438 Joanne
3155 3385 3257 3437 XX.
3307 3385 3536 3438 Nullam
3582 3391 3774 3440 tamen

2071 3470 2308 3525 Joannis
2338 3487 2503 3541 papae
2534 3471 2886 3526 mentionem
2915 3471 3049 3525 facit
3068 3472 3219 3526 idem
3252 3474 3455 3526 Petrus
3512 3475 3576 3528 iu
3632 3491 3772 3544 opu-

2075 3558 2215 3613 sculi
2245 3563 2304 3612 51
2337 3575 2460 3629 cap.
2501 3563 2548 3626 1,
2598 3560 2699 3614 ubi
2737 3559 3041 3614 Romualdi
3093 3562 3452 3616 sanctitatem
3503 3562 3576 3616 ab
3641 3578 3776 3632 apo-

2074 3647 2274 3701 stolica
2344 3648 2476 3702 sede
2542 3648 2916 3718 approbatam
2983 3648 3159 3703 fuisse
3222 3650 3520 3705 contendit
3579 3657 3778 3705 contra

2073 3735 2397 3789 Teuzonem
2439 3737 2802 3804 monachum,
2851 3735 2952 3807 qui
2982 3752 3098 3790 non
3127 3737 3264 3790 satis
3292 3737 3554 3791 modeste
3590 3739 3660 3792 de
3714 3755 3777 3792 ea

2075 3822 2434 3892 loquebatur.
2487 3822 2641 3876 Petri
2693 3823 2866 3877 verba
2913 3839 2981 3877 ex
3012 3825 3119 3877 hoc
3148 3824 3273 3877 loco
3316 3825 3429 3877 huc
3473 3823 3778 3879 referenda

2074 3915 2243 3964 sunt:
2280 3931 2307 3958 «
2339 3911 2600 3980 Cumque
2652 3926 2826 3980 super
2871 3911 3122 3981 quodam
3153 3911 3592 3980 disceptationis
3639 3913 3773 3966 arti-

2073 3998 2198 4052 culo
2253 4003 2478 4052 sanctus
2527 3998 2880 4052 Romualdus
2909 3998 2970 4052 in
3009 3998 3403 4053 testimonium
3443 3999 3772 4063 duceretur,

2070 4091 2283 4155 praesto
2309 4087 2615 4157 quaesitum
2647 4091 2731 4140 est
2761 4086 3094 4156 utrumipse
3112 4087 3467 4142 Romualdus
3497 4094 3601 4141 aut
3640 4091 3776 4140 tunc

2074 4174 2355 4228 exstiterit
2382 4177 2628 4241 sanctus,
2661 4175 2750 4227 vel
2797 4190 2952 4228 nunc
2981 4174 3053 4228 sit
3073 4175 3135 4228 in
3181 4175 3452 4245 paradiso
3483 4181 3771 4245 receptus.

2072 4260 2160 4326 Et,
2189 4260 2319 4314 licet
2347 4264 2542 4314 contra
2575 4260 2749 4315 ﬁdem
2781 4261 2955 4316 totius
2989 4262 3249 4316 Ecclesiae
3272 4267 3611 4316 nostrarum
3631 4278 3773 4331 pro-

2072 4347 2387 4403 vinciarum
2417 4349 2539 4402 haec
2567 4349 2636 4403 de
2667 4353 2861 4404 sancto
2893 4349 3013 4403 viro
3043 4350 3285 4420 quaestio
3316 4357 3675 4418 moveretur,
3705 4350 3773 4404 ad

2072 4437 2439 4491 astruendam
2468 4441 2662 4491 tamen
2709 4437 2888 4507 partis
2916 4443 3124 4492 nostra:
3154 4439 3500 4492 sententiam
3551 4438 3686 4492 illos
3715 4440 3775 4492 in

2072 4524 2466 4578 testimonium
2487 4529 2713 4578 sanctos
2742 4525 3068 4593 ascivimus,
3097 4541 3346 4595 quorum
3395 4526 3773 4579 celeberrima

2074 4617 2129 4665 et
2153 4617 2315 4666 vetus
2356 4613 2554 4681 opinio
2585 4613 2760 4666 etiam
2805 4613 2956 4682 apud
2985 4613 3269 4682 quoslibet
3299 4618 3356 4666 et
3385 4614 3623 4683 ignaros
3672 4631 3772 4668 nu-

2072 4704 2193 4754 tare
2219 4716 2335 4754 non
2374 4700 2569 4770 possit,
2605 4701 2848 4754 Leonem
2902 4701 3166 4754 videlicet
3189 4707 3363 4772 atque
3403 4703 3770 4772 Gregorium,

2075 4788 2419 4842 clarissimos
2450 4788 2586 4842 olim
2644 4789 2918 4842 Romanae
2951 4789 3100 4843 sedis
3145 4790 3430 4844 antitistes
3464 4807 3480 4844 :
3521 4807 3769 4861 quorum

2072 4876 2304 4944 quidem
2331 4879 2494 4930 ‘alter
2538 4876 2868 4930 authentica
2897 4891 3186 4932 canonum
3237 4878 3467 4931 decreta
3518 4879 3770 4949 promut-

2072 4969 2188 5032 gat,
2219 4964 2362 5017 alter
2382 4963 2686 5016 Ecclesiam
2718 4963 3037 5034 perspicuis
3085 4979 3149 5017 ac
3171 4965 3477 5033 profundis
3526 4966 3768 5020 caelestis

2073 5051 2416 5121 eloquentiae
2455 5051 2708 5104 fontibus
2730 5051 2949 5122 irrigat.
2974 5071 3004 5102 »
3057 5054 3260 5106 Verum
3292 5053 3383 5106 his
3435 5054 3770 5107 nominibus

2073 5155 2192 5192 non
2243 5141 2488 5194 Leonem
2519 5141 2585 5193 IX
2618 5156 2682 5193 ac
2711 5139 3051 5210 Gregorium
3082 5141 3168 5208 VI,
3213 5142 3311 5195 sed
3363 5143 3616 5196 Leonem
3645 5143 3769 5211 pri-

2071 5243 2232 5281 mum
2264 5245 2327 5282 ac
2355 5227 2694 5298 Gregorium
2725 5227 2925 5282 itidem
2956 5228 3209 5299 primum
3242 5229 3540 5299 designari
3569 5230 3768 5284 existi-

2071 5329 2186 5381 mo,
2208 5331 2457 5385 quorum
2497 5315 2841 5369 testimoniis
2882 5317 3080 5370 Petrus
3109 5318 3516 5371 auctoritatem
3565 5318 3772 5372 Roma-

2069 5417 2160 5456 na:
2191 5403 2339 5457 sedis
2368 5403 2430 5456 in
2486 5404 2790 5458 asserenda
2819 5408 3147 5460 sanctorum
3167 5405 3606 5460 canonizatione
3635 5422 3774 5460 usus

2071 5490 2143 5542 sit
2161 5495 2360 5545 contra
2389 5491 2730 5546 Teuzonem.
