4014 6200
258 282 391 332 H25

1514 278 1874 333 EXPOSITIO
1916 279 1981 333 IN
2024 278 2209 333 PSAL.
2263 278 2486 334 LXVIII.

3620 286 3635 334 l
3656 286 3750 335 126

322 414 373 462 7.
404 409 706 463 Romualdi
757 410 966 462 festum
1017 410 1339 461 celebratur
1392 408 1686 461 Februarii
1734 408 1826 461 die
1884 412 1939 473 7,
1981 412 2026 461 A
2055 413 2143 462 cet
2172 408 2417 461 residere
2450 407 2654 461 habeat
2680 424 2743 461 ac
2795 408 3032 473 servari,
3068 408 3409 462 Fabrianine
3440 409 3497 462 in
3552 426 3749 463 mona-

252 498 352 567 qui
381 497 499 549 dies
530 504 614 549 est
645 498 766 565 ejus
800 497 1207 550 translationis
1248 513 1319 550 ex
1374 496 1568 549 IEsiuo
1627 496 1838 565 oppido
1888 496 1948 548 in

252 585 455 637 urbem
488 585 851 652 Fabrianum,
884 601 1013 654 quae.
1072 585 1179 637 sita
1240 590 1323 637 est
1364 584 1423 637 in
1458 584 1690 637 marcha
1719 583 1944 636 Aucho-

252 675 471 726 nitana.
506 674 633 726 Haec
673 670 969 726 translatio
1018 673 1259 741 contigit
1317 688 1465 725 anno
1498 673 1625 725 1481
1688 677 1948 741 tempore

252 761 407 815 Petri
434 761 701 831 Delphini
759 761 1060 830 generalis,
1115 761 1213 831 qui
1260 760 1328 813 de
1358 777 1423 813 ea
1462 761 1581 830 agit
1610 761 1669 812 in
1701 760 1948 829 quadam

250 848 473 902 inedita
505 850 746 919 epistola
784 850 855 902 ad
887 850 1253 902 Benedictum
1301 850 1567 902 abbatem
1622 849 1814 903 Sancti
1857 849 1951 901 Mi-

252 938 464 991 chaelis
520 938 671 1007 apud
724 938 1069 991 Muranum:
1109 959 1131 986 σ
1185 937 1264 991 De
1322 954 1559 1006 corpore
1608 936 1946 990 sanctissimi

254 1026 582 1090 Romualdi,
615 1026 769 1096 quod
800 1026 964 1079 initio
996 1026 1359 1094 generalatus
1410 1026 1524 1078 mei
1550 1042 1580 1077 a
1612 1025 1791 1079 tribus
1823 1042 1943 1078 mo-

258 1115 456 1168 nachis
496 1114 706 1167 nostris
752 1131 820 1168 ex
869 1112 1269 1184 antiquissimo
1319 1114 1490 1166 Vallis
1549 1113 1729 1166 Castri
1760 1128 1946 1165 sarco-

255 1204 450 1273 phago
478 1203 627 1256 furto
678 1204 987 1267 sublatum,
1042 1210 1212 1272 atque
1262 1203 1331 1255 ad
1383 1203 1616 1255 Esinum
1668 1202 1946 1271 oppidum

249 1292 591 1345 translatum
651 1291 857 1355 fuerat,
912 1291 1398 1360 postmodumque
1447 1291 1607 1359 jussu
1658 1289 1947 1359 pontiﬁcis

254 1378 732 1433 Fabrianensibus
760 1379 1113 1443 restitutum,
1148 1394 1210 1431 ex
1243 1383 1563 1431 memorato
1596 1378 1715 1430 cive
1764 1379 1947 1430 multa

251 1472 307 1520 te
338 1467 603 1520 didicisse
636 1483 751 1519 non
783 1467 982 1520 dubito
1015 1484 1027 1520 :
1080 1466 1252 1537 idque
1300 1466 1360 1518 in
1402 1465 1623 1535 primis,
1658 1464 1758 1517 ubi
1789 1464 1943 1517 scili-

2056 495 2229 547 sterio
2259 495 2450 549 Sancti
2480 495 2667 560 Blasii,
2718 496 2814 548 ubi
2876 513 3026 549 nunc
3074 502 3178 555 est,
3231 513 3303 549 an
3334 497 3392 549 in
3425 497 3593 550 Vallis
3647 499 3749 551 Ca-

2059 584 2161 637 stri
2192 584 2473 645 coenobio,
2526 584 2624 637 ubi
2656 584 2815 652 prius
2848 584 3122 652 jacuerat.
3179 587 3289 653 Ego
3319 585 3552 655 quidem
3584 587 3752 638 certis

2058 672 2375 725 rationibus
2408 671 2675 741 expedire
2734 672 2978 739 judicavi
3008 677 3070 725 ut
3102 674 3363 726 Fabriani
3406 680 3747 726 remaneret.

2060 761 2203 813 Nam
2234 765 2291 812 et
2316 759 2492 812 tutius
2520 760 2579 812 in
2625 760 2764 812 urbe
2797 760 3007 811 servari
3040 776 3204 828 posse
3256 767 3474 814 certum
3523 766 3625 824 est,
3679 777 3751 814 ne

2057 848 2263 900 iterum
2316 848 2724 917 subriperetur,
2776 851 2833 900 et
2888 848 3294 900 Fabrianenses
3351 851 3533 902 multa
3581 865 3639 902 se
3691 850 3749 902 in

2057 937 2272 989 honore
2332 952 2620 989 sacrarum
2676 936 3072 1004 reliquiarum,
3108 935 3153 987 si
3196 936 3406 989 ibidem
3456 938 3749 1007 relinque-

2056 1029 2277 1091 rentur,
2326 1023 2571 1076 facturos
2636 1024 3076 1092 spoponderant.
3142 1022 3350 1091 fltaque
3410 1024 3641 1092 cognito
3685 1040 3751 1076 ex

2057 1112 2405 1165 revelatione
2459 1111 2950 1175 Fabrianensium,
3009 1109 3306 1179 negotium
3368 1110 3518 1163 istud
3565 1112 3750 1164 cardi-

2055 1200 2173 1253 naJi
2228 1200 2419 1254 Sancti
2471 1200 2714 1268 Georgii,
2775 1200 2963 1268 legato
3013 1199 3136 1268 agri
3176 1198 3390 1264 Piceni,
3442 1215 3474 1250 a
3523 1214 3750 1251 summo

2056 1288 2325 1357 pontifice
2374 1287 2545 1341 fuisse
2600 1288 2942 1356 iniunctum,
3009 1286 3392 1339 necessarium
3444 1286 3582 1339 duxi
3638 1286 3748 1339 Ma-

2056 1380 2257 1427 cerata:
2320 1375 2484 1427 illum
2569 1375 2892 1439 convenire,
2962 1381 3066 1427 etc.
3147 1376 3218 1427 Ex
3247 1378 3483 1428 Ancona
3536 1374 3628 1428 die
3689 1376 3751 1427 16

2055 1463 2184 1517 Maii
2218 1464 2373 1516 1481.
2409 1484 2430 1511 ι
2462 1464 2590 1516 Haec
2622 1463 2680 1515 in
2712 1469 3069 1516 antecessum
3101 1464 3253 1516 satis.

704 1722 1068 1822 VITA
1136 1721 1676 1822 SANCTI
1757 1718 2578 1821 ROMUALDI
2646 1718 3299 1820 ABBATIS

1468 1884 1797 1937 AUCTORE
1836 1884 1891 1937 S.
1937 1883 2164 1936 PETRO
2205 1882 2543 1937 DAMIANI.

743 2004 901 2074 (Vide
934 2006 1083 2059 inter
1113 2006 1300 2075 Opera
1329 2005 1384 2059 S.
1421 2005 1572 2058 Petri
1608 2004 1887 2069 Damiani,
1920 2004 2091 2068 infra,
2128 2004 2470 2071 Patrologias
2502 2007 2641 2056 tom.
2676 2002 2891 2069 CXLIV,
2929 2003 3032 2055 sub
3060 2003 3277 2071 ﬁnem.)

1635 2256 2380 2328 FRAGMENTUM

660 2408 1948 2533 EXPOSITIONIS
2029 2408 2693 2531 PSALMI
2785 2408 3356 2529 LXVIII

1388 2608 1548 2671 QUAE
1587 2606 1970 2659 TRlBUlTUR
2010 2605 2174 2659 DIVO
2214 2605 2615 2661 ROMUALDO.

539 2737 773 2807 (Annal.
803 2738 1123 2806 Camaldul,
1155 2738 1199 2800 Ι,
1231 2739 1357 2801 237,
1391 2754 1453 2789 ex
1488 2736 1837 2805 membrana
1854 2735 2043 2788 saeculi
2076 2751 2129 2787 x1
2164 2735 2493 2788 monasterii
2526 2735 2714 2789 Sancti
2738 2736 3025 2790 Michaelis
3056 2737 3126 2790 de
3160 2738 3462 2806 Mariano.)

259 2953 576 3006 Extraneus
631 2953 811 3017 factus
866 2966 983 3005 sum
1033 2952 1305 3016 fratribus
1337 2954 1490 3020 meis,
1530 2957 1581 3005 et
1631 2956 1951 3021 peregrinus
1992 2956 2034 3008 B
2064 2953 2233 3006 nibus
2278 2953 2485 3006 sanctis
2555 2953 3001 3008 vicissitudinem
3052 2956 3357 3009 redderent
3403 2957 3757 3028 jurgiorum,

826 3043 958 3109 ﬁliis
1000 3043 1195 3094 matris
1222 3056 1366 3094 meae.

336 3132 445 3184 Vox
475 3129 705 3183 Christi.
738 3130 967 3184 Iudaeos
1016 3129 1107 3181 hic
1137 3130 1387 3198 appellat
1430 3128 1630 3182 fratres
1660 3130 1759 3199 qui
1791 3135 1955 3183 erant

260 3219 315 3272 ei
343 3218 640 3289 sanguinis
670 3217 959 3270 vicinitate
1010 3216 1330 3286 conjuncti;
1391 3216 1599 3286 quibus
1653 3222 1953 3271 extraneas

260 3307 438 3360 factus
470 3311 575 3372 est,
618 3306 848 3375 quando
884 3306 934 3358 ei
985 3305 1214 3358 credere
1250 3306 1590 3370 noluerunt;
1649 3322 1781 3359 nam
1821 3323 1950 3360 cum

254 3394 377 3464 ipse
435 3399 583 3448 esset
609 3395 679 3447 de
732 3394 947 3447 semine
990 3393 1296 3455 Abraham,
1348 3394 1664 3446 secundum
1699 3411 1949 3460 carnem,

252 3482 359 3547 illi,
384 3483 549 3536 malis
597 3482 867 3553 operibus
922 3482 1152 3547 addicti,
1203 3499 1234 3533 a
1288 3480 1628 3549 patriarchas
1680 3487 1813 3535 sunt
1846 3483 1954 3535 ori-

255 3569 386 3638 gine
417 3571 720 3640 segregati,
749 3570 894 3623 sicut
924 3570 1001 3622 ait
1026 3570 1085 3622 in
1106 3569 1416 3638 Evangelio
1447 3584 1459 3620 :
1492 3569 1552 3622 Si
1580 3568 1689 3638 ﬁlii
1714 3571 1953 3623 Abrahae

254 3660 461 3719 essetis,
509 3672 672 3724 opera
718 3658 956 3710 Abrahae
981 3659 1209 3721 fecistis.
1243 3655 1462 3725 Adjecit
1495 3672 1508 3708 :
1568 3677 1595 3704 «
1651 3657 1717 3709 Et
1745 3656 1953 3726 hospes

255 3742 388 3795 ﬁliis
414 3743 611 3795 matris
667 3758 827 3796 meas.
866 3764 893 3791 ››
948 3743 1242 3812 Hospitem
1297 3744 1553 3796 dicamus
1613 3744 1949 3812 quemlibet,

257 3831 493 3884 domum
557 3835 809 3883 nostram
878 3831 1113 3899 adeptus
1171 3829 1261 3901 [ad
1293 3833 1536 3900 tempus]
1575 3831 1950 3898 habitantem,

260 3919 358 3989 qui
389 3934 506 3971 non
528 3918 762 3971 nomine
814 3918 1345 3987 consanguinitatis,
1379 3919 1477 3972 sed
1530 3923 1804 3989 tanquam
1853 3936 1952 3989 pe-

259 4008 543 4076 regrinus,
577 4007 874 4075 excipitur.
940 4008 1171 4060 Matrem
1202 4022 1335 4060 vero
1398 4024 1559 4060 suam
1591 4008 1952 4078 Synagogam

258 4093 397 4147 dicit
426 4095 494 4148 de
524 4111 637 4165 qua
668 4099 825 4148 ortus
853 4099 955 4161 est,
987 4096 1125 4148 dum
1153 4096 1349 4149 Jndzea
1380 4100 1548 4166 gente
1570 4097 1725 4149 nasci
1757 4097 1954 4166 digna-

258 4186 348 4236 tus
380 4188 484 4236 est.

260 4271 528 4335 Quoniam
580 4272 723 4325 zelus
775 4271 961 4324 domus
992 4276 1096 4325 tua:
1133 4272 1358 4325 comedit
1396 4288 1497 4334 me,
1554 4276 1604 4325 et
1660 4272 1954 4341 opprobria

467 4361 921 4428 exprobrantium
967 4360 1068 4413 tibi
1106 4360 1409 4413 ceciderunt
1438 4376 1601 4429 super
1626 4377 1726 4415 me.

327 4448 439 4500 Vox
472 4448 698 4501 Christi.
732 4448 875 4511 Quia
927 4448 1189 4502 fecerunt
1245 4465 1371 4502 eam
1413 4449 1746 4519 speluncam
1775 4449 1949 4502 latro-

260 4551 419 4589 num.
472 4537 954 4605 Exprobrantium
978 4538 1134 4590 enim
1164 4537 1438 4606 injuriam
1459 4554 1633 4608 super
1661 4553 1793 4590 eum
1814 4553 1953 4606 pro-

253 4624 537 4693 jecerunt,
572 4640 701 4677 cum
746 4641 874 4678 eum
924 4630 979 4679 et
1024 4625 1446 4679 Samaritanum
1488 4632 1544 4679 et
1600 4626 1953 4679 daemonium

259 4712 567 4766 habentem
618 4718 906 4778 vocarent,
957 4719 1014 4767 et
1048 4714 1231 4767 illud:
1295 4715 1355 4769 Si
1396 4715 1577 4768 Filius
1624 4717 1717 4767 Dei
1758 4728 1831 4779 es,
1856 4713 1952 4765 de-

259 4798 448 4852 scende
470 4798 536 4853 de
566 4815 737 4865 cruce,
789 4804 895 4853 etc.
946 4801 1292 4853 Comedebat
1347 4817 1479 4853 eum
1533 4800 1690 4853 zelus
1749 4800 1954 4853 domus

262 4886 382 4953 Dei,
416 4888 665 4957 quando,
711 4887 967 4941 funiculo
1023 4888 1191 4955 facto,
1253 4888 1550 4941 cathedras
1579 4887 1952 4941 vendentium

259 4975 550 5029 columbas
579 4981 637 5028 et
666 4976 1184 5029 nummulariorum
1238 4992 1462 5029 mensas
1494 4976 1718 5043 evertit,
1746 4976 1955 5029 docens

259 5064 413 5118 aliud
438 5080 557 5118 esse
578 5066 861 5134 templum
889 5070 1171 5132 sanctum,
1203 5064 1359 5117 aliud
1396 5063 1807 5134 negociationis
1836 5064 1958 5118 offi-

258 5152 431 5205 cium.
467 5152 579 5207 Sed
633 5153 783 5207 istud
835 5153 1023 5207 zelum
1074 5152 1168 5223 qui
1216 5152 1389 5207 fuerit
1431 5157 1803 5206 consecutum
1852 5170 1953 5223 po-

258 5245 445 5295 tenter
475 5241 812 5311 adjungitur
845 5258 857 5294 :
919 5245 987 5295 Et
1034 5242 1328 5309 opprobria
1371 5242 1819 5309 exprobrantium
1852 5242 1956 5295 tibi

257 5329 562 5384 ceciderunt
589 5346 751 5399 super
773 5346 871 5383 me.
925 5331 1064 5383 Nam
1098 5334 1420 5399 postquam,
1454 5329 1703 5399 indigni,
1736 5331 1950 5384 saluta-

257 5417 416 5472 ribus
446 5419 681 5473 monitis
706 5402 1172 5487 increpabantur,
1223 5418 1533 5488 opprobria
1584 5434 1757 5487 supra
1799 5434 1950 5485 eum,

261 5508 422 5576 quasi
485 5508 741 5561 conferta
804 5508 936 5572 tela,
998 5507 1296 5566 miserunt.
1348 5512 1409 5560 ut
1462 5523 1566 5577 pro
1613 5506 1955 5561 admonitio-

2064 3045 2131 3096 Et
2179 3044 2368 3110 operui
2394 3044 2454 3095 in
2477 3042 2690 3110 jejunio
2737 3045 2976 3096 animam
3005 3059 3202 3109 meam,
3233 3049 3283 3097 et
3335 3046 3537 3114 factum
3591 3050 3668 3100 est
3697 3050 3756 3099 in

2664 3132 2959 3200 opprobria
2988 3133 3142 3185 mihi.

2132 3217 2520 3287 Opprobrium
2600 3217 2653 3270 ei
2708 3218 2919 3271 inferre
2961 3219 3293 3285 conabatur,
3352 3237 3482 3273 cum
3532 3225 3757 3274 tentans

2062 3320 2193 3357 eum
2225 3305 2432 3359 Satana
2464 3304 2687 3358 dicebat
2720 3322 2731 3358 :
2783 3308 2878 3359 Dic
2905 3311 2965 3359 ut
2987 3307 3196 3375 lapides
3254 3309 3348 3360 isti
3374 3323 3544 3376 panes
3596 3310 3752 3376 ﬁant.

2058 3393 2348 3461 Jejunium
2381 3392 2624 3446 dicimus
2673 3393 2898 3463 quoties
2950 3410 2979 3446 a
3023 3395 3161 3448 cibis
3214 3396 3536 3449 carnalibus
3583 3396 3757 3450 absti-

2060 3498 2285 3547 nemus,
2318 3498 2421 3535 nec
2453 3482 2697 3535 esuriem
2730 3487 2985 3535 nostram
3038 3484 3229 3554 aliqua
3277 3485 3622 3539 comestione
3669 3501 3759 3537 sa-

2065 3568 2295 3620 tiamus.
2324 3568 2410 3621 Ad
2438 3584 2613 3637 quam
2637 3568 3074 3622 similitudinem
3099 3571 3393 3639 jejunasse
3410 3572 3546 3625 dicit
3569 3572 3758 3625 Domi-

2061 3671 2169 3708 nus
2202 3655 2478 3722 Christus,
2512 3656 2648 3725 quia
2690 3656 2986 3709 hominum
3013 3656 3200 3721 ﬁdem,
3231 3675 3405 3727 quam
3436 3660 3597 3712 valde
3628 3676 3757 3713 esu-

2063 3743 2263 3810 riebat,
2294 3744 2532 3797 minime
2563 3749 2787 3813 poterat
2836 3745 3120 3798 invenire.
3175 3747 3394 3815 Operui,
3426 3747 3588 3811 dixit,
3632 3751 3756 3801 ani—

2061 3848 2224 3899 mam,
2260 3834 2424 3903 quasi
2455 3834 2650 3903 aliquo
2672 3833 2845 3902 pallio
2868 3834 3113 3887 tristitiae
3130 3836 3528 3889 circumdedit.
3555 3836 3754 3905 Sequi-

2062 3926 2157 3973 tur
2190 3936 2204 3973 :
2234 3922 2313 3974 Et
2343 3923 2553 3987 factum
2580 3926 2657 3974 est
2687 3923 2825 3975 mihi
2855 3925 2911 3974 in
2939 3923 3305 3991 opprobrium.
3342 3924 3580 3993 Semper
3620 3924 3759 3977 boni

2064 4008 2231 4061 malis
2264 4009 2575 4078 opprobrio
2606 4014 2757 4075 sunt,
2794 4011 2926 4079 quia
2959 4010 3195 4064 minime
3223 4028 3417 4064 eorum
3453 4010 3759 4065 sceleribus

2063 4096 2452 4166 acquiescant,
2482 4097 2620 4149 dum
2652 4096 2765 4149 illis
2800 4097 2987 4150 studio
3045 4098 3132 4150 sui
3165 4098 3493 4166 detrahunt,
3551 4098 3758 4169 quibus

2064 4185 2223 4237 nulla
2266 4184 2534 4238 societate
2576 4186 2924 4254 junguntur.
2972 4187 3280 4239 Testantur
3324 4188 3475 4240 enim
3520 4187 3627 4240 ista
3660 4204 3759 4257 op-

2062 4272 2299 4342 propria
2352 4272 2565 4341 alapas,
2651 4274 2897 4341 ﬂagella,
2962 4279 3239 4343 consputa
3296 4291 3423 4345 quae
3484 4275 3758 4329 Dominus

2065 4362 2321 4415 Salvator
2350 4361 2419 4414 ab
2448 4360 2645 4414 insana
2674 4361 2836 4430 plebe
2864 4377 3167 4431 perpessus
3198 4367 3300 4416 est.

2062 4450 2141 4502 Et
2184 4451 2344 4518 posui
2391 4452 2762 4503 vestimentum
2818 4466 2990 4504 meum
3032 4453 3289 4518 cilicium,
3325 4456 3373 4506 et
3414 4453 3595 4518 factus
3639 4468 3757 4507 sum

2628 4540 2739 4591 illis
2770 4540 2827 4591 in
2842 4539 3184 4607 parabolam.

2136 4626 2247 4678 Vox
2289 4624 2514 4678 Christi.
2548 4626 2611 4678 In
2668 4642 2827 4679 sacco
2882 4627 3065 4680 luctus
3109 4628 3428 4681 ostenditur
3456 4629 3542 4681 vel
3573 4628 3756 4695 ﬂetus,

2063 4729 2176 4783 quo
2207 4713 2267 4766 in
2309 4718 2490 4767 morte
2541 4714 2735 4766 Lazari
2778 4730 2913 4766 usus
2968 4718 3087 4779 est;
3138 4714 3194 4766 in
3251 4715 3524 4784 parabola
3578 4715 3757 4768 factus

2063 4808 2146 4855 est
2171 4801 2405 4867 Iudaeis,
2458 4817 2585 4854 cum
2638 4818 2703 4854 eo
2738 4802 2909 4855 ﬂente
2949 4802 3252 4854 dicerent:
3307 4804 3449 4855 Ecce
3497 4803 3756 4871 quomodo

2061 4890 2284 4944 amabat
2313 4906 2463 4956 eum;
2515 4891 2615 4943 alii
2664 4904 2789 4943 vero
2823 4905 2834 4941 :
2897 4891 3017 4945 Non
3043 4894 3258 4957 poterat
3284 4889 3372 4942 hic
3416 4891 3513 4955 qui
3541 4890 3755 4956 aperuit

2061 4979 2237 5031 oculos
2291 4979 2415 5030 caeci
2472 4979 2595 5029 nati
2649 4980 2829 5043 facere
2877 4982 2936 5031 ut
2998 4979 3082 5030 hic
3128 4993 3235 5031 non
3280 4981 3593 5030 moreretur.
3651 4977 3757 5029 Per

2062 5067 2299 5119 cilicium
2347 5063 2578 5117 tristitia
2627 5065 2999 5133 signiﬁcatur,
3035 5070 3092 5118 et
3145 5066 3412 5134 lacrymaa
3470 5080 3611 5133 quas
3643 5064 3755 5117 Do-

2062 5154 2271 5213 minus,
2304 5152 2544 5206 humani
2599 5154 2824 5223 generis
2880 5153 3251 5207 inhecillitate
3305 5157 3618 5223 permotus,
3660 5169 3753 5207 su-

2064 5241 2367 5294 scitaturus
2418 5242 2692 5295 Lazarum
2724 5241 2910 5305 ﬂevit;
2971 5258 3257 5311 nusquam
3318 5242 3474 5294 enim
3546 5242 3757 5311 legitur

2062 5329 2371 5383 Dominum
2432 5345 2595 5381 usum
2673 5328 2845 5382 fuisse
2878 5330 3084 5383 cilicio.
3140 5331 3339 5383 Factus
3394 5334 3478 5383 est
3520 5346 3753 5400 quoque

2060 5417 2272 5472 ludatis
2329 5416 2389 5469 in
2419 5416 2693 5486 parabola
2735 5418 2966 5487 quando
2998 5432 3102 5486 per
3132 5416 3534 5471 similitudines
3583 5433 3753 5487 quas-

2064 5506 2194 5559 dam
2238 5504 2523 5556 carnalem
2558 5504 2839 5573 populum
2871 5505 3071 5558 docere
3111 5504 3424 5571 videbatur,
3485 5505 3629 5557 sicut
3684 5504 3743 5557 in
