4010 6194
289 295 420 347 H27

289 423 603 494 Evangelia
659 421 875 492 legitur
907 437 921 474 :

289 513 534 578 turbam;
566 516 623 564 et
651 511 707 564 in
741 509 854 562 alio
901 509 1124 578 psalmo
1167 525 1179 561 :
1228 510 1485 575 Apertam
1511 511 1570 559 in
1605 508 1886 576 parabolis
1933 524 1990 563 os

287 615 482 653 meum.
518 598 795 652 Parabola
824 603 908 649 est
949 597 1104 649 enim
1137 601 1340 648 natura
1397 595 1846 663 discrepantium
1898 612 1987 650 re-

288 703 438 750 rum,
509 687 613 740 sub
668 686 862 755 aliqua
931 683 1326 748 similitudine,
1402 683 1550 736 facta
1615 684 1984 754 comparatio,

292 790 453 828 more
483 774 862 844 providentia
893 789 1028 836 sum,
1061 777 1123 824 ut
1179 771 1278 841 qui
1332 771 1579 824 coelestia
1609 787 1812 841 capere
1873 789 1988 824 nun

221 882 224 884 ν
291 866 578 931 poterant,
612 877 714 931 per
743 865 998 914 terrenas
1039 859 1443 912 similitudines
1473 859 1668 912 audita
1696 859 1988 929 percipere

293 950 632 1020 potuissent.

362 1040 668 1093 Adversum
698 1052 780 1090 me
826 1037 1185 1104 loquebantur
1233 1037 1330 1103 qui
1355 1035 1611 1090 sedebant
1639 1037 1698 1089 in
1722 1041 1907 1105 porta,
1941 1041 1991 1090 et

293 1129 352 1179 in
378 1142 460 1179 me
481 1125 789 1194 psallebant
817 1127 914 1192 qui
938 1124 1186 1177 bibebant
1211 1127 1418 1177 vinum.

367 1214 427 1265 In
459 1212 572 1265 illis
602 1211 838 1279 scilicet,
870 1211 1023 1281 quia,
1048 1211 1321 1264 habentes
1345 1211 1559 1263 clavem
1589 1210 1862 1274 scientias,
1887 1226 1988 1264 ne-

292 1315 404 1370 que
428 1299 744 1353 introibant
783 1315 969 1370 neque
1001 1299 1139 1351 alios
1162 1299 1401 1351 introire
1429 1298 1817 1367 pertinebant,
1841 1299 1990 1352 Scri-

290 1389 380 1442 baa
415 1393 472 1442 et
503 1387 794 1452 Pharisaei,
824 1387 923 1457 qui
963 1387 1362 1441 discernebant
1409 1402 1608 1438 causas
1659 1402 1788 1440 cum
1836 1387 1992 1440 sede-

291 1478 432 1530 bant
460 1478 520 1529 in
551 1477 780 1544 publico
797 1476 1056 1545 judicio;
1088 1479 1218 1529 etin
1256 1490 1336 1527 me
1367 1475 1674 1542 psallebant
1719 1477 1816 1542 qui
1853 1475 1992 1527 bibe-

296 1565 426 1618 bant
448 1567 656 1628 vinum,
700 1563 908 1632 repleti
957 1564 1111 1616 enim
1164 1563 1298 1615 vino
1345 1563 1690 1632 iniquitatis.
1733 1562 1992 1626 Qualiter

295 1669 426 1706 eum
458 1653 851 1705 interﬁcerent
906 1651 1356 1714 concinnabant;
1409 1651 1578 1702 stulte
1628 1650 1779 1702 enim
1839 1651 1989 1720 psal-

293 1741 559 1802 lentium,
594 1739 727 1792 audi
761 1738 1010 1809 qualiter
1057 1738 1256 1791 doceat
1303 1754 1399 1790 vos
1433 1754 1446 1792 :
1479 1739 1718 1804 Psallite,
1778 1738 1985 1807 inquit.

291 1832 584 1897 sapienter.
636 1829 730 1880 Vel
753 1826 896 1880 ebrii
925 1831 1088 1879 erant
1116 1826 1184 1879 de
1215 1826 1368 1891 vino,
1394 1827 1622 1895 quando
1655 1826 1992 1895 aperiebant

294 1921 468 1986 caput
501 1916 646 1985 ejus,
703 1919 760 1968 et
806 1915 1108 1968 dicebant:
1165 1914 1486 1982 Prophetiza
1532 1915 1705 1978 nobis,
1759 1915 1986 1980 Christe,

296 2007 420 2073 quis
448 2009 525 2058 est
555 2005 724 2071 quite
751 2005 1036 2071 percussit.
1103 2002 1164 2054 ln
1208 2001 1390 2071 portis
1451 2001 1651 2055 sedent
1701 2000 1800 2070 qui
1849 2016 1988 2054 con-

296 2092 557 2146 ventibus
606 2090 932 2155 hominum,
985 2090 1183 2143 sedula
1246 2089 1598 2155 curiositate,
1655 2088 1986 2141 miscentur.

297 2179 441 2234 Dicit
499 2179 655 2232 enim
703 2178 1028 2247 passionem
1082 2193 1245 2230 suam
1299 2176 1456 2245 genti
1511 2174 1764 2229 Judaicte
1816 2175 1992 2228 fuisse

296 2267 572 2332 fabulam,
604 2274 667 2320 ut
698 2266 888 2320 nullus
920 2267 1278 2334 exciperetur
1298 2265 1450 2334 quia
1481 2263 1580 2317 tali
1621 2263 1994 2317 collocatione

298 2355 636 2409 redderetur
687 2355 927 2407 alienus.
979 2354 1054 2406 De
1109 2352 1433 2422 opprobriis
1475 2368 1538 2405 ac
1585 2351 1850 2404 conviciis
1902 2353 1996 2404 Ju-

299 2444 559 2498 daaorum
580 2443 853 2496 hactenus
880 2443 1120 2496 locutus.
1151 2443 1328 2505 Nunc,
1355 2445 1635 2510 quantum
1658 2439 1798 2493 mihi
1821 2440 1994 2505 ,vide-

299 2541 412 2598 tur,
446 2532 513 2584 de
543 2530 807 2584 ﬁdelibus
838 2530 974 2584 dicit
1005 2545 1018 2582 :
1054 2532 1122 2582 Et
1145 2531 1204 2582 in
1232 2544 1314 2582 me
1349 2530 1657 2597 psallebant
1708 2530 1805 2595 qui
1857 2528 1998 2580 bibe-

302 2621 432 2673 bant
462 2621 666 2672 vinum.
705 2619 766 2672 In
803 2619 1113 2671 Dominum
1136 2617 1390 2684 psallunt
1411 2618 1510 2686 qui
1544 2616 1765 2670 actione
1788 2617 1995 2686 proba-

299 2707 400 2760 bili
440 2707 790 2776 diriguntur,
851 2709 908 2759 et
955 2705 1225 2774 operibus
1273 2705 1524 2758 reddunt
1575 2720 1704 2775 qua:
1762 2703 1998 2757 monitis

300 2793 552 2848 caelestia
577 2793 844 2846 mandata
875 2791 1213 2862 suscipiunt.

301 2884 417 2949 Ego
471 2897 594 2935 vero
653 2883 950 2934 orationem
990 2895 1162 2932 meam
1226 2878 1304 2932 ad
1350 2883 1416 2944 te,
1488 2881 1741 2945 Domine;
1788 2883 1997 2947 tempus

884 2968 1218 3035 beneplaciti,
1259 2967 1420 3020 Deus.

375 3059 491 3110 Vox
519 3057 726 3111 Christi
754 3058 825 3110 ad
853 3058 1098 3110 Patrem.
1144 3055 1268 3108 Non
1319 3055 1472 3108 enim
1509 3055 1705 3108 vincor
1733 3054 1822 3108 his
1869 3071 1996 3124 pas-

303 3146 585 3211 sionibus,
615 3145 752 3215 quia
781 3150 970 3198 tecum
1005 3160 1133 3197 sum
1165 3143 1224 3196 in
1255 3144 1545 3208 oratione;
1579 3159 1673 3210 ego
1709 3158 1833 3197 vero
1876 3158 1998 3197 oras

307 3239 503 3290 tionem
528 3249 700 3287 meam
733 3233 807 3286 ad
838 3238 907 3298 te,
930 3234 1170 3286 Domine.
1201 3230 1415 3285 Iudaeis
1446 3232 1590 3284 mihi
1620 3232 1768 3284 male
1807 3231 1999 3284 dicen-

308 3323 504 3376 tibus:
569 3323 838 3388 cruciﬁge,
897 3320 1147 3386 cruciﬁge
1190 3333 1337 3384 eum;
1390 3332 1494 3386 ego
1544 3333 1648 3385 pro
1699 3317 1780 3370 eis
1830 3333 2001 3371 orans

309 3409 627 3481 loquebar:
665 3411 842 3475 Pater,
895 3412 1108 3476 ignosce
1137 3409 1233 3460 eis.
1267 3407 1398 3460 Non
1446 3408 1588 3459 enim
1638 3408 1816 3460 sciunt
1865 3406 2004 3474 quid

303 3500 538 3565 faciunt.
571 3497 818 3566 Tempus
873 3495 1158 3564 placendi,
1216 3495 1508 3548 Dominus.
1555 3494 1673 3548 Hic
1703 3501 1783 3549 est
1808 3495 1998 3562 Filius,

307 3587 488 3640 Filius
515 3599 662 3638 meus
693 3586 751 3638 in
781 3599 885 3652 quo
912 3583 1051 3636 mihi
1103 3583 1420 3651 complacui.
1472 3581 1641 3635 Venit
1667 3583 1735 3634 ad
1766 3583 2003 3636 tertium

307 3682 497 3748 caput,
533 3677 630 3731 ubi
661 3683 861 3731 contra
893 3676 1187 3729 maledicta
1218 3675 1546 3728 Judasorum
1578 3672 1854 3726 orationis
1886 3689 2002 3726 suae

310 3768 499 3838 posuit
527 3765 888 3820 sanctitatem
917 3764 1159 3817 caelestis
1195 3765 1422 3826 Doctor,
1471 3761 1770 3814 insinuans
1794 3761 2003 3830 jurgiis

309 3856 613 3910 hominum
642 3871 756 3906 non
785 3853 1157 3906 inﬂammatis
1188 3851 1344 3916 rixis,
1377 3850 1474 3903 sed
1505 3849 1614 3919 piis
1649 3849 2004 3901 orationibus

310 3944 677 3998 obviendum.
704 3941 1122 4010 Videamusque
1146 3955 1317 4006 nunc,
1351 3939 1504 4008 quod
1529 3937 1824 4005 sittempus
1851 3938 2003 3991 bene-

305 4034 525 4101 placiti.
579 4030 722 4084 Illud
771 4035 1002 4097 tempus
1046 4033 1130 4081 est
1169 4027 1508 4095 beneplaciti,
1539 4025 1791 4096 quando,
1825 4025 2006 4079 incar-

311 4119 561 4173 nationis
592 4134 710 4172 suas
737 4115 1037 4182 beneﬁcio,
1086 4115 1505 4185 periclitantem
1559 4113 1839 4166 mundum
1888 4114 2002 4167 im-

315 4207 557 4262 minenti
578 4206 840 4260 liberavit
867 4205 1060 4258 exitio.
1096 4205 1210 4258 Hoc
1259 4208 1487 4271 tempus
1517 4205 1600 4254 est
1657 4201 2000 4270 beneplaciti,

315 4296 380 4350 de
420 4311 534 4366 quo
567 4300 625 4348 et
651 4293 958 4363 Apostolus
989 4292 1069 4345 ait
1101 4308 1114 4344 :
1153 4294 1285 4346 Ecce
1323 4305 1466 4344 nunc
1495 4294 1702 4358 tempus
1758 4295 2002 4358 accepta-

315 4383 436 4449 bile,
479 4397 589 4436 ecce
614 4397 753 4435 nunc
783 4381 898 4434 dies
927 4381 1128 4434 salutis

313 4473 378 4525 1n
407 4469 755 4524 multitudine
783 4469 1169 4522 misericordiae
1225 4471 1327 4520 tuae
1379 4465 1585 4520 exaudi
1621 4482 1722 4532 me,
1763 4467 1822 4520 in
1863 4468 2008 4521 ueri-

922 4561 1030 4611 tate
1053 4558 1251 4610 salutis
1282 4561 1404 4610 tua.

391 4647 460 4702 Ut
481 4650 612 4715 post
637 4661 829 4700 veram
879 4648 1126 4698 mortem
1169 4642 1604 4698 resurrectionis
1650 4641 1858 4696 veritas
1907 4657 2010 4711 ap-

318 4737 613 4807 probetur.
638 4735 763 4788 Non
785 4733 938 4787 enim
959 4749 1132 4804 parva
1157 4731 1550 4786 misericordia
1573 4730 1700 4796 fuit,
1738 4747 1867 4802 quin
1894 4736 2012 4784 tam

319 4823 544 4894 ingenti
563 4822 632 4876 ad
653 4828 950 4892 peccatum
973 4821 1260 4893 superavit
1280 4821 1420 4891 (sic).
1457 4819 1754 4873 Multitudo
1780 4817 2014 4889 quidem

325 4914 434 4968 fuit
465 4910 676 4972 delicti,
711 4911 808 4965 sed
839 4911 1019 4965 multo
1072 4907 1434 4964 numerosior
1483 4906 1872 4961 misericordia
1915 4906 2016 4959 illa

325 5017 455 5072 quae
483 4999 634 5064 vicit,
657 5015 808 5064 cum,
833 5003 1154 5052 memorato
1175 5001 1436 5067 tempore
1457 4993 1864 5049 misericordias
1888 5009 2016 5064 quae

320 5089 602 5162 passionis
631 5089 872 5141 salutem
904 5086 1117 5141 mundo
1159 5083 1445 5156 praestitit,
1495 5099 1852 5154 consequens
1907 5081 2018 5135 fuit

323 5183 389 5233 ut
417 5183 472 5232 et
521 5177 1000 5231 resurrectionem
1050 5174 1158 5228 sibi
1208 5173 1402 5228 venire
1444 5177 1794 5243 precaretur,
1843 5186 2018 5241 quam

322 5267 385 5321 in
414 5267 648 5321 veritate
700 5265 983 5334 pollicitus
1035 5263 1220 5317 fuerat
1250 5278 1354 5333 per
1383 5260 1712 5332 prophetas.
1749 5260 2019 5313 Precatur

325 5369 462 5423 ergo
490 5355 714 5408 Patrem
743 5369 858 5406 non
894 5358 1096 5406 natura
1152 5350 1399 5415 deitatis,
1441 5364 1571 5420 quas
1601 5347 1855 5419 ejusdem
1885 5361 2017 5417 per-

326 5441 564 5512 aequalis
593 5445 696 5506 est,
729 5441 828 5495 sed
857 5439 1160 5494 inﬁrmitas
1190 5442 1485 5507 assumpta
1512 5435 1782 5501 hominis,
1815 5435 1872 5487 in
1906 5450 2020 5504 qua

330 5529 519 5584 minor
549 5535 636 5583 est
661 5529 834 5584 Patri.

1637 289 1694 344 S.
1737 289 2095 345 ROMUALDI
2131 289 2220 344 AB
2229 288 2437 343 BATIS.

1012 419 1172 474 Dixit
1236 422 1488 474 Dominus
1535 421 1858 488 parabolam
1915 421 1990 474 ad
2026 424 2071 478 A
2101 423 2265 489 Eripe
2293 435 2374 472 me
2403 419 2468 472 de
2507 419 2637 484 luto,
2686 424 2746 472 ut
2782 433 2890 472 non
2950 421 3182 487 inﬁgar;
3229 419 3401 473 libera
3464 435 3549 474 me
3603 422 3672 475 ab
3706 423 3795 476 his

3651 293 3792 344 1128

2290 510 2388 575 qui
2415 507 2642 560 oderunt
2680 522 2780 571 me,
2803 513 2855 560 et
2880 507 2946 560 de
2971 507 3270 575 profundis
3300 524 3594 575 aquarum.

2167 599 2376 664 Aperte
2407 595 2528 648 haec
2559 594 2629 648 de
2658 594 2891 662 Iudaeis,
2942 595 3041 664 qui
3097 611 3231 647 eum
3282 612 3436 650 nunc
3489 613 3667 666 quam
3706 598 3797 651 di-

2095 683 2361 736 lexerunt
2388 681 2507 752 (sic)
2539 681 2679 736 dicit
2712 684 2817 737 :Et
2844 682 2910 735 de
2925 683 3222 751 profundis
3255 699 3544 752 aquarum.
3581 686 3800 738 Demus

2097 787 2330 841 operam
2383 774 2448 824 ut
2496 769 2723 824 hisdem
2765 771 2952 824 verbis
3007 775 3064 824 et
3110 787 3214 824 nos
3266 772 3574 826 Dominum
3619 789 3799 843 roge-

2097 875 2246 924 mus,
2290 859 2498 928 quibus
2553 859 2734 928 Caput
2755 864 3015 912 nostrum
3063 875 3326 912 exorasse
3371 861 3796 930 cognoscimus.

2098 949 2210 1001 Hoc
2239 947 2403 1017 plane
2434 945 2718 999 subtiliter
2771 947 3246 1016 perScrutandum
3290 952 3376 1001 est
3403 963 3581 1017 quare
3619 964 3798 1017 snpe-

2098 1036 2216 1088 rius
2245 1035 2422 1088 inﬁxo
2465 1034 2603 1087 limo
2652 1033 2851 1088 dixerit
2911 1039 2968 1088 et
3012 1035 3104 1088 hic
3161 1052 3232 1088 ne
3281 1037 3342 1088 in
3398 1036 3521 1105 ipso
3573 1037 3799 1089 haerere

2098 1123 2279 1192 possit
2308 1127 2524 1176 exorat.
2550 1122 2759 1175 Inﬁxus
2782 1123 2984 1193 utique
3007 1123 3141 1176 limo
3170 1123 3302 1186 fuit,
3330 1139 3509 1193 quum
3533 1128 3801 1193 suscepta

2098 1211 2284 1264 carnis
2341 1210 2676 1263 inﬁrmitate
2732 1210 3067 1274 tenebatur;
3126 1209 3282 1264 unde
3333 1211 3506 1264 etiam
3542 1216 3794 1264 mortem

2098 1299 2280 1352 crucis
2320 1299 2554 1368 accepit.
2609 1298 2708 1351 Hic
2757 1304 2953 1352 autem
3006 1304 3396 1368 competenter
3433 1300 3685 1370 exposcit
3734 1304 3801 1352 ut

2100 1387 2292 1440 anima
2337 1387 2461 1455 ejus
2510 1403 2544 1438 a
2597 1386 2894 1440 desideriis
2945 1386 3131 1451 luteis,
3184 1387 3238 1440 id
3273 1392 3359 1440 est
3391 1388 3564 1456 hujus
3595 1386 3800 1440 mundi

2099 1474 2524 1544 cupiditatibus,
2561 1475 2830 1528 reddatur
2859 1474 3068 1539 aliena,
3103 1475 3256 1545 quod
3309 1476 3456 1528 bene
3489 1475 3799 1544 suscipitur

2101 1580 2134 1615 a
2189 1569 2350 1632 parte
2406 1562 2816 1628 membrorum,
2861 1579 2974 1632 qua
3012 1564 3106 1616 ille
3182 1563 3300 1616 luto
3341 1563 3624 1616 inhaerere
3678 1579 3795 1616 non

2032 1700 2072 1752 Β
2102 1655 2318 1719 poterat
2358 1651 2454 1719 qui
2487 1651 2698 1719 peccati
2731 1654 3012 1704 maculam
3043 1667 3157 1704 non
3190 1651 3455 1704 habebat.
3491 1652 3686 1705 Libera
3715 1667 3795 1704 me

2100 1753 2167 1790 ea:
2199 1738 2504 1792 odientibus
2536 1755 2638 1802 me,
2679 1738 2828 1791 istud
2867 1739 2936 1792 ad
2986 1738 3286 1792 Iudaicum
3349 1740 3616 1808 populum
3667 1754 3788 1790 ma-

2101 1825 2373 1879 nifestum
2441 1831 2523 1880 est
2586 1826 2894 1896 pertinere.
2954 1827 3160 1891 Quare,
3211 1831 3482 1896 surgente
3543 1825 3780 1890 Christo,

2100 1929 2302 1967 eorum
2344 1914 2477 1968 odia
2524 1914 2794 1968 frustrata
2830 1919 3185 1980 vanuerunt;
3222 1930 3356 1967 nam
3404 1913 3557 1984 quod
3601 1913 3782 1967 dixit:

2099 2005 2174 2055 De
2195 2003 2493 2070 profundis
2527 2018 2819 2072 aquarum,
2861 2003 2928 2057 ad
2980 2003 3258 2072 populum
3310 2003 3496 2071 ipsum
3547 2017 3664 2054 non
3713 2005 3794 2054 est

2103 2088 2341 2142 dubium
2380 2092 2690 2159 pertinere,
2739 2091 2873 2160 quia
2903 2090 3223 2161 profundus
3266 2093 3388 2143 erat
3435 2088 3794 2158 malignitate

2102 2178 2350 2239 consilii,
2383 2185 2440 2232 et
2469 2178 2850 2232 seditionibus
2880 2179 3262 2232 turbulentus.

2102 2266 2233 2319 Non
2282 2282 2365 2319 me
2413 2267 2686 2334 demergat
2744 2271 3030 2336 tempestas
3072 2282 3249 2336 aquai,
3291 2281 3461 2334 neque
3515 2263 3798 2318 absorbeat

2172 2369 2254 2406 me
2306 2353 2663 2421 profundum,
2703 2370 2874 2424 neque
2910 2360 3101 2421 urgeat
3150 2369 3310 2422 super
3365 2368 3447 2406 me
3491 2358 3688 2420 puteus
3741 2367 3798 2406 os

2173 2456 2328 2495 suum
2338 2481 2350 2494 .

2175 2530 2288 2582 Vox
2323 2530 2530 2584 Christi
2578 2531 2719 2584 inid
2767 2531 2921 2601 quod
2970 2530 3145 2583 homo
3199 2533 3302 2582 est.
3351 2529 3479 2581 Haec
3531 2527 3804 2597 passioni-

2108 2617 2212 2670 bus
2243 2623 2550 2687 tempestas
2582 2634 2698 2671 non
2739 2635 2870 2671 eum
2921 2617 2982 2670 in
3013 2616 3408 2686 profunditate
3443 2615 3626 2684 abyssi
3655 2615 3800 2667 reti-

2108 2709 2238 2758 neat
2292 2706 2608 2758 infernalis.
2659 2708 2838 2774 Neque
2885 2705 3171 2759 absorbeat
3213 2720 3292 2757 me
3331 2703 3684 2772 profundum,
3740 2701 3804 2755 in

2107 2809 2241 2863 quo,
2277 2793 2415 2846 dum
2475 2809 2578 2864 per
2633 2799 2874 2847 mortem
2944 2792 3258 2855 descendit,
3313 2806 3428 2844 non
3496 2790 3805 2844 devoretur

2109 2880 2178 2933 ab
2210 2881 2319 2946 eis;
2346 2896 2514 2949 neque
2556 2886 2747 2949 urgeat
2774 2895 2937 2948 super
2972 2896 3055 2933 me
3098 2884 3291 2948 puteus
3321 2893 3378 2933 os
3403 2894 3578 2941 suum,
3611 2877 3804 2932 aditus

2037 2969 2074 3022 C
2105 2968 2334 3029 inferni,
2389 2970 2504 3022 sive
2537 2969 2816 3022 diabolus.
2867 2969 3053 3039 Rogat
3105 2967 3258 3020 enim
3317 2982 3391 3019 ne
3421 2971 3717 3035 mergatur
3771 2981 3806 3018 a

2109 3056 2398 3122 ﬂuctibus,
2460 3055 2518 3110 id
2575 3060 2661 3109 est
2706 3072 2737 3108 a
2783 3055 2974 3108 saeculi
3021 3054 3185 3107 istius
3218 3058 3560 3122 tempestate
3617 3054 3806 3105 saevis-

2110 3144 2271 3208 sima,
2307 3160 2434 3214 quae
2466 3143 2523 3196 in
2559 3143 2793 3197 modum
2824 3142 2998 3196 maris
3029 3142 3252 3194 animas
3282 3140 3522 3202 sorbuit,
3572 3141 3806 3210 quando

2111 3249 2206 3285 eas
2261 3231 2398 3285 vitio
2467 3231 2764 3301 pravitatis
2807 3231 3159 3295 involverat;
3221 3229 3301 3282 ait
3352 3228 3556 3281 enim:
3616 3229 3802 3297 Neque

2111 3320 2393 3373 absorbeat
2432 3335 2514 3372 me
2540 3319 2897 3388 profundum.
2948 3317 3306 3372 Profundum
3355 3317 3558 3386 utique
3607 3331 3807 3386 pecca-

2112 3412 2234 3461 tum
2279 3412 2386 3470 est,
2427 3406 2578 3476 quod
2625 3408 2934 3460 voracitate
2983 3404 3234 3473 quadam
3285 3403 3533 3473 deglutit
3583 3403 3805 3456 animas

2113 3495 2447 3565 impiorum,
2476 3499 2540 3548 ut
2595 3493 2666 3548 ad
2698 3492 3116 3564 paenitudinem
3165 3492 3352 3545 redire
3383 3496 3677 3561 nequeant
3706 3490 3812 3560 qui

2115 3583 2187 3637 de
2240 3589 2471 3637 actuum
2527 3598 2758 3636 suorum
2832 3580 3139 3652 iniquitate
3220 3579 3546 3649 desperant.
3626 3580 3810 3645 Neque

2114 3675 2308 3740 urgeat
2352 3686 2514 3740 super
2559 3686 2642 3724 me
2684 3675 2877 3740 puteus
2917 3684 2973 3723 os
3022 3684 3200 3723 suum.
3235 3669 3449 3721 Puteus
3515 3667 3672 3719 enim
3723 3671 3816 3718 est

2115 3766 2284 3813 terra}
2315 3760 2482 3812 altius
2513 3763 2776 3812 excavata
2802 3756 3192 3827 profunditas;
3243 3755 3306 3808 in
3358 3770 3490 3825 quo,
3545 3771 3650 3824 per
3679 3755 3814 3807 alle-

2116 3848 2360 3917 goriam,
2395 3863 2523 3901 vere
2573 3847 2834 3900 incidunt
2879 3852 3225 3916 peccatores,
3284 3844 3515 3914 quando
3562 3859 3620 3896 se
3666 3859 3700 3895 a
3727 3842 3813 3896 vi—

2114 3935 2262 3989 tiosa
2306 3937 2600 3988 voluntate
2655 3950 2772 3988 non
2849 3933 3219 3997 abstrahunt;
3293 3936 3578 4001 urgetque
3638 3945 3814 3999 super

2117 4039 2216 4076 eos
2244 4041 2306 4077 os
2338 4039 2504 4077 suum
2535 4023 2893 4088 concludere,
2947 4037 3075 4074 cum
3127 4035 3308 4090 usque
3338 4021 3406 4072 ad
3438 4019 3638 4072 mortis
3693 4033 3812 4070 suae

2118 4116 2344 4180 tempus
2376 4111 2436 4164 in
2469 4110 2715 4181 pessima
2743 4111 3038 4164 voluntate
3075 4109 3410 4178 persistunt.

2120 4199 2355 4253 Exaudi
2378 4215 2479 4263 me,
2510 4200 2748 4266 Domine,
2778 4200 3034 4266 quoniam
3058 4196 3290 4262 benigna
3318 4201 3396 4249 est
3442 4194 3828 4248 misericordia

2193 4291 2308 4352 tua,
2362 4286 2653 4342 secundum
2698 4285 3101 4340 multitudinem
3147 4285 3552 4338 miserationum
3600 4287 3831 4336 tuarum

2191 4377 2398 4444 respice
2429 4377 2488 4428 in
2519 4390 2621 4428 me.

2191 4463 2304 4516 Vox
2354 4461 2560 4517 Christi
2615 4461 2684 4515 ad
2730 4461 2961 4514 Patrem
3024 4475 3128 4530 pro
3177 4463 3342 4529 parte
3401 4457 3612 4511 carnis.
3675 4459 3833 4523 Haec,

2123 4551 2436 4604 secundum
2470 4549 2864 4603 inﬁrmitatem
2895 4549 3209 4601 humanam
3257 4546 3534 4616 postulat,
3590 4545 3831 4600 dicens:

2123 4640 2268 4705 Quia
2297 4639 2436 4692 alios
2467 4655 2596 4692 mea
2647 4637 2911 4709 passione
2949 4634 3263 4698 redemisti,
3297 4649 3388 4687 me
3431 4632 3838 4702 praecurrente

2125 4727 2520 4782 misericordia
2567 4726 2976 4795 contemplare.
3031 4723 3174 4777 Dicit
3222 4722 3376 4776 enim
3411 4736 3424 4774 :
3458 4718 3694 4774 Exaudi
3727 4732 3834 4782 me,

2124 4819 2374 4882 Domine;
2414 4830 2758 4885 causamque
2792 4828 2972 4884 quare
3001 4811 3340 4866 exaudiatur
3371 4808 3668 4878 adjungit,
3713 4821 3838 4858 non

2125 4905 2262 4976 quia
2290 4908 2542 4957 meretur
2572 4901 2920 4964 humanitas,
2956 4900 3055 4955 sed
3087 4901 3221 4968 quia
3269 4895 3650 4951 misericordia
3713 4894 3844 4946 Do-

2123 4995 2262 5048 mini
2317 4995 2395 5045 est
2461 4979 2694 5058 benigna
2779 5003 3121 5058 semperque
3199 4986 3268 5040 ad
3347 4982 3845 5038 benefaciendum

2124 5085 2346 5152 parata,
2374 5094 2505 5132 cum
2535 5083 2728 5132 tamen
2755 5077 2851 5147 pie
2876 5077 3110 5148 petitur,
3142 5079 3201 5129 et
3229 5074 3282 5128 ei
3345 5071 3654 5144 purissime
3703 5084 3843 5138 sup-

2125 5170 2388 5240 plicetur.
2415 5167 2500 5234 Et,
2561 5170 2627 5220 ut
2715 5165 2897 5236 ipsam
2958 5163 3376 5234 benignitatem
3442 5160 3572 5230 pius
3632 5157 3850 5211 doctor

2127 5260 2458 5326 exponeret,
2502 5253 2759 5324 adjecit:
2801 5252 3104 5307 Secundum
3148 5247 3554 5303 multitudinem
3598 5246 3852 5298 misera-

2129 5346 2335 5399 tionum
2363 5346 2590 5397 tuarum
2616 5343 2824 5411 respice
2850 5343 2909 5394 in
2953 5356 3056 5394 me.
3089 5337 3176 5392 Ad
3203 5338 3389 5407 ipsam
3421 5349 3650 5405 semper
3703 5332 3854 5387 red—

2129 5433 2213 5486 dit
2232 5433 2356 5500 (sic)
2389 5445 2562 5502 quam
2585 5429 2868 5484 debilibus
2885 5428 2960 5482 sit
2977 5431 3240 5499 patrona,
3268 5425 3361 5478 cui
3379 5423 3578 5478 omnia
3601 5426 3856 5492 peccata

2131 5521 2362 5587 cedunt,
2396 5519 2656 5590 quamvis
2683 5516 3156 5572 numerosissima
3180 5511 3653 5584 comprobantur.
